1833 3284
377 191 461 229 322
819 200 852 229 S.
888 201 1119 230 Accus'nm
1153 204 1332 231 EPISCOPI

377 285 396 307 »
422 269 588 311 Jesusl.
617 284 636 307 »
663 266 924 325 Navigamus
963 267 1080 311 enim
1107 282 1185 327 per
1206 266 1430 328 quoddam
1463 274 1662 324 stagnum
1679 300 1691 320 ,
1720 274 1764 309 et

372 347 528 382 ventus
545 347 588 382 et
609 337 811 397 procellae
839 354 930 383 non
954 338 1113 383 desunt
1137 357 1145 382 ε
1168 337 1479 382 tentationibus
1500 335 1764 397 quotidianis

372 409 502 469 hujus
523 408 670 454 saeculi
690 425 825 470 prope
847 410 1051 470 oppletur
1068 419 1266 454 nostrum
1283 409 1521 468 navigium.
1545 407 1669 452 Unde
1686 422 1766 451 au-

373 490 461 525 tem
484 481 553 536 fit,
578 481 659 525 nisi
677 482 779 542 quia
801 482 964 527 dormit
983 484 1133 527 Jesus?
1157 482 1200 527 Si
1227 497 1316 527 non
1339 480 1548 525 dormiret
1565 479 1611 522 in
1632 488 1675 522 te
1690 480 1765 521 Je-

370 568 464 607 sus,
497 561 776 612 tempestates
804 553 903 597 istas
929 569 1018 598 non
1046 553 1274 614 patereris,
1303 551 1379 598 sed
1400 549 1764 611 tranquillitatem

371 623 555 668 haberes
574 625 768 679 interius,
789 625 1081 684 convigilante
1098 635 1243 670 tecum
1260 628 1283 670 J
1289 622 1502 677 esu.Quid
1521 631 1584 667 est
1598 630 1761 677 autem,

373 696 543 739 Dormit
564 698 713 742 Jesus?
732 695 859 740 Fides
882 706 972 751 tua,
1005 712 1104 757 quae
1136 706 1199 741 est
1221 695 1275 740 de
1314 699 1440 750 ,1οε11,
1480 692 1761 753 obdormivit.

373 768 569 825 Surgunt
592 765 795 826 procellae
809 767 949 826 stagni
966 768 1113 827 hujus,
1134 765 1253 812 vides
1271 765 1405 810 malos
1423 766 1599 818 florere,
1625 764 1765 808 bonos

370 834 590 892 laborare,
621 838 804 882 tentatio
839 848 924 893 est,
960 839 1121 883 fluctus
1151 847 1229 882 est.
1267 841 1324 882 Et
1353 836 1458 881 dicit
1481 836 1622 880 anima
1656 844 1760 879 tua:

370 910 408 951 Ο
429 911 565 963 Deus,
592 910 683 967 ipsa
706 918 770 953 est
784 909 953 968 justitia
974 918 1048 953 tua
1063 945 1073 964 ,
1100 918 1150 952 ut
1167 908 1270 952 mali
1287 908 1487 963 floreant,
1510 907 1614 952 boni
1636 906 1764 951 labo-

369 981 492 1024 rent?
511 980 623 1024 Dicis
647 984 736 1024 Deo
764 1000 772 1024 :
795 983 892 1040 Ipsa
915 990 979 1025 est
999 980 1168 1041 justitia
1192 981 1293 1024 tua?
1316 982 1373 1024 Et
1400 982 1513 1023 Deus
1536 978 1640 1022 tibi:
1668 980 1765 1037 Ipsa

369 1058 433 1093 est
455 1049 560 1094 fides
583 1052 686 1094 tua?
720 1053 824 1095 Haec
847 1051 963 1095 enim
986 1050 1065 1095 tihi
1089 1051 1290 1111 promisi?
1313 1049 1369 1095 ad
1391 1050 1474 1094 hoc
1495 1049 1766 1094 Christianus

369 1121 511 1166 factus
540 1138 604 1178 es,
626 1132 676 1166 ut
697 1123 743 1166 in
765 1123 926 1168 saeculo
960 1123 1041 1167 isto
1067 1123 1267 1167 floreres?
1291 1121 1529 1182 torqueris,
1562 1120 1665 1181 quia
1693 1120 1764 1165 hic

369 1193 472 1237 mali
494 1194 673 1249 florent,
700 1195 777 1255 qui
799 1210 900 1239 cum
928 1192 1106 1238 diabolo
1126 1193 1654 1254 posteaLtorquebunturi'
1679 1190 1765 1236 Sed

368 1264 488 1309 unde
510 1266 593 1310 hoc
615 1266 752 1311 dieis?
775 1268 893 1310 unde
914 1266 1122 1310 fluctibus
1145 1266 1285 1325 stagni
1307 1275 1351 1309 et
1381 1272 1635 1324 tempestate
1668 1273 1765 1307 tur-

368 1336 510 1382 baris?
525 1338 636 1391 Quia
659 1336 821 1382 dormit
838 1340 977 1392 Jesus,
999 1337 1044 1381 id
1061 1347 1145 1393 cst,
1162 1338 1264 1398 quia
1281 1335 1387 1381 fides
1405 1345 1496 1389 tua,
1511 1352 1610 1396 quae
1633 1344 1697 1379 est
1710 1334 1766 1379 de

369 1412 473 1454 Jesu
485 1445 501 1466 ,
521 1410 659 1469 sopita
682 1418 746 1454 est
767 1410 812 1453 in
835 1408 964 1453 corde
982 1418 1074 1454 tuo.
1095 1409 1212 1463 Quid
1234 1407 1338 1452 facis
1360 1417 1411 1452 ut
1438 1407 1658 1451 libereris?
1675 1409 1765 1451 Ex-

368 1481 452 1526 cita
477 1484 651 1536 Jesum,
674 1490 715 1524 et
735 1480 806 1525 dic
828 1500 836 1525 :
862 1501 882 1523 (t
898 1480 1123 1539 Magister,
1145 1480 1336 1540 perimus
1350 1483 1383 1523 ².
1415 1498 1433 1521 »
1453 1482 1635 1524 Movent
1647 1477 1764 1521 enim

367 1553 532 1596 ineerta
554 1553 692 1610 stagni
720 1572 728 1596 :
758 1552 962 1611 perimus.
986 1550 1222 1611 Evigilabit
1244 1550 1318 1594 ille
1334 1586 1345 1606 ,
1372 1549 1418 1594 id
1440 1559 1529 1605 est,
1554 1548 1693 1593 rediet
1709 1547 1766 1593 ad

368 1633 411 1668 te
434 1623 540 1667 fides
557 1633 628 1667 tua
647 1644 658 1680 3
683 1632 724 1667 et
739 1622 974 1683 adjuvante
996 1621 1099 1678 illo,
1126 1621 1419 1667 considerabis
1437 1622 1483 1664 in
1506 1620 1649 1664 anima
1667 1628 1760 1674 tua,

368 1695 470 1756 quia
487 1711 586 1755 quae
604 1696 766 1738 dantur
780 1693 912 1738 modo
925 1693 1063 1748 malis,
1080 1709 1170 1738 non
1187 1691 1383 1738 cumillis
1403 1691 1760 1752 perseverabunt.

367 1769 457 1811 Aut
480 1766 594 1810 enim
613 1767 807 1810 viventes
835 1781 907 1810 eos
929 1766 1164 1820 deserunt,
1190 1774 1265 1808 aut
1287 1780 1310 1808 a
1333 1763 1620 1809 morientibus
1636 1762 1763 1807 dese-

368 1847 542 1882 runtur.
572 1837 668 1881 Tibi
691 1846 838 1881 autem
865 1836 986 1897 quod
1018 1836 1313 1896 promittitur,
1340 1834 1538 1879 manebit
1558 1834 1605 1878 in
1638 1842 1764 1877 aeter—

369 1926 493 1954 num.
532 1908 621 1953 Illis
652 1908 775 1970 quod
810 1908 1106 1969 temporaliter
1134 1907 1411 1963 conceditur,
1453 1907 1539 1952 cito
1576 1905 1760 1951 tollitur.

371 2001 392 2023 α
420 1985 450 2025 F
456 1980 589 2025 loruit
616 1981 731 2025 enim
760 1989 810 2024 ut
837 1980 916 2024 flos
948 1979 1071 2023 foeni.
1110 1979 1262 2024 Omnis
1289 1979 1406 2023 enim
1427 1994 1528 2023 caro
1551 1976 1724 2022 foenum
1751 1996 1760 2021 :

371 2072 390 2095 »
418 2053 532 2097 aruit
568 2052 766 2107 foenum,
796 2061 838 2096 et
871 2052 950 2096 ssos
988 2051 1177 2097 decidit:
1202 2051 1388 2096 verbum
1421 2059 1567 2095 autem
1589 2047 1764 2094 Domini

369 2143 390 2166 >›
416 2133 565 2168 manet
592 2124 638 2168 in
671 2125 926 2167 aeternum&
955 2141 975 2163 »
1003 2126 1122 2169 Pone
1154 2137 1256 2181 ergo
1286 2121 1462 2166 dorsum
1489 2120 1545 2165 ad
1566 2121 1610 2164 id
1638 2118 1761 2181 quod

367 2196 505 2251 cadit,
532 2204 575 2240 et
599 2195 755 2240 faciem
778 2194 832 2238 ad
852 2193 965 2238 illud
979 2193 1100 2254 quod
1116 2202 1278 2238 manet.
1301 2191 1546 2252 Evigilante
1570 2191 1760 2245 Christo,

363 2268 452 2327 jam
478 2276 711 2327 tempestas
733 2265 807 2311 illa
829 2281 920 2311 non
936 2264 1103 2326 quatiet
1124 2280 1198 2309 eor
1216 2273 1343 2309 tuum
1358 2299 1369 2319 ,
1396 2279 1487 2308 non
1515 2261 1762 2323 opplebunt

368 2340 528 2383 fluctus
551 2339 696 2384 navim
720 2347 840 2382 tuam
859 2357 867 2383 :
885 2338 987 2398 quia
1008 2335 1114 2381 fides
1130 2346 1204 2381 tua
1218 2336 1405 2396 imperat
1424 2335 1565 2381 ventis
1589 2344 1632 2379 et
1652 2334 1760 2379 ssuc-

367 2410 485 2454 tibus
511 2419 555 2454 et
577 2409 756 2454 transiet
766 2406 1109 2469 periculum.Ad
1135 2408 1219 2452 hoc
1231 2408 1348 2452 enim
1359 2406 1565 2467 pertinet,
1587 2404 1756 2462 fratres,

368 2491 512 2528 totum
533 2481 579 2526 id
601 2480 723 2542 quod
745 2480 852 2525 dicit
872 2478 1128 2540 Apostolus,
1159 2478 1214 2523 de
1247 2477 1447 2524 exuendo
1467 2486 1659 2524 veterem
1678 2477 1762 2522 ho.-

420 2577 426 2592 ¹
449 2572 524 2602 Luc.
546 2580 613 2609 xm,
634 2567 688 2600 23.
706 2584 747 2589 —
768 2566 879 2600 Ξ111111.
900 2565 955 2608 24.
981 2583 1015 2589 --
1035 2563 1048 2588 3
1069 2565 1140 2597 Isai'⁴
1163 2576 1212 2607 η,
1231 2563 1302 2596 6-8.
