1833 3284
444 253 686 282 ENARRATro
718 255 764 281 ῙΝ
796 253 999 281 PsALMUM
1032 255 1074 281 v.
1382 242 1456 280 151

81 328 270 373 trorum,
295 316 371 362 'sed
391 318 706 363 benevolentiae
737 328 782 362 et
804 317 1109 362 misericordiae
1136 319 1212 362 Dei
1244 327 1332 373 est,
1356 318 1462 362 sub-

74 389 182 449 jecit
213 387 362 433 dicens
386 408 395 434 ε
426 408 444 430 «ι
468 389 678 444 Domine,
708 398 759 433 ut
790 398 912 433 scuto
943 388 1074 432 lionae
1101 387 1338 432 voluntatis
1375 397 1461 431 tuae

83 478 102 501 »
136 460 351 505 coronasti
371 463 492 505 nos¹>.
521 480 540 502 n
565 462 686 505 Bona
707 460 823 504 enini
836 459 1038 505 voluntas
1056 460 1133 503 Dei
1153 459 1360 520 praecedit
1380 459 1463 504 bo-

77 545 180 574 nam
208 530 480 576 voluntatem
501 540 692 576 nostram
709 567 720 586 ,
754 540 805 575 ut
824 540 1070 591 peccatores
1092 539 1220 574 vocet
1239 530 1285 574 in
1316 531 1462 590 poeni-

77 602 272 646 tentiam.
299 604 356 646 Et
373 602 464 662 ipsa
487 611 590 646 sunt
612 617 732 646 arma
753 602 912 662 quibus
932 611 1206 661 expugnatur
1224 600 1423 645 inimicus
1450 620 1459 645 ε

75 680 226 716 contra
247 687 380 732 quem
416 672 605 717 dicitur:
635 691 651 712 «
679 672 784 725 Quis
814 672 1032 716 accusabit
1065 671 1269 715 adversus
1302 670 1462 715 electos

80 762 99 785 »
134 743 245 794 Dei?
266 763 284 786 »
310 753 355 788 et
370 779 382 799 ,
407 762 424 784 «
454 744 501 789 Si
519 747 634 793 Deus
656 759 735 804 pro
766 743 892 788 nobis
907 778 918 798 ,
948 743 1049 803 quis
1072 752 1222 788 contra
1246 744 1353 787 nos?
1378 744 1464 796 Qui

79 833 98 855 »
132 814 264 858 unico
286 814 398 859 Filio
418 830 498 858 suo
527 830 616 859 non
645 815 840 874 pepercit
857 849 868 869 ,
894 814 968 858 sed
989 829 1069 874 pro
1103 814 1230 858 nobis
1258 812 1462 857 omnibus

78 903 98 926 »
132 883 313 929 tradidit
333 884 458 930 illum
474 887 506 930 ².
536 886 579 930 Si
606 886 722 929 enim
755 883 900 929 adhue
932 899 1034 928 cum
1057 883 1221 928 inimici
1245 898 1432 928 essemus
1448 919 1459 939 ‚

78 974 96 996 »
132 955 329 1000 Christus
350 972 430 1016 pro
458 956 583 1001 nobis
604 965 805 1000 mortuus
835 964 920 1012 est3
945 953 1084 999 multo
1106 955 1240 1013 magis
1263 955 1460 999 reconci-

77 1045 96 1067 »
129 1025 223 1070 liati
242 1061 254 1082 ,
287 1026 394 1071 salvi
421 1028 581 1071 erimus
609 1027 665 1071 ab
697 1027 760 1071 ira
793 1041 871 1087 per
903 1025 1089 1086 ipsumss.
1120 1046 1137 1066 »
1169 1028 1263 1069 Hoc
1290 1035 1354 1069 est
1392 1026 1461 1068 in-

71 1096 353 1142 victissimum
375 1107 547 1142 scutum
563 1134 574 1154 ,
599 1114 688 1159 quo
709 1096 932 1157 repellitur
952 1095 1174 1151 inimicus,
1192 1096 1460 1156 desperatio-

70 1183 174 1212 nem
194 1168 342 1213 salutis
363 1184 595 1229 suggerens
617 1168 902 1214 multitudine
934 1167 1268 1212 tribulationum
1296 1176 1339 1211 et
1360 1177 1461 1212 ten-

70 1240 303 1284 tationum.

128 1311 294 1355 XVIII.
319 1313 452 1354 Totus
476 1325 576 1368 ergo
599 1319 743 1355 textus
767 1309 923 1355 Psalmi
949 1319 1013 1354 est
1035 1309 1172 1354 oratio
1186 1318 1235 1353 ut
1253 1308 1460 1353 exaudia-

69 1389 167 1432 tur}
193 1380 249 1425 ab
271 1396 324 1425 eo
346 1381 467 1441 quod
488 1382 699 1441 scriptum
725 1389 788 1425 est
809 1400 818 1425 ε
839 1400 859 1423 «
878 1380 1023 1424 Verba
1048 1395 1144 1426 mea
1165 1379 1341 1434 exaudi,
1367 1383 1458 1425 Do-

70 1468 92 1493 »
125 1452 265 1507 mine,
289 1471 308 1492 »
333 1467 473 1512 usque
490 1451 567 1507 ad,
596 1471 614 1493 «
634 1455 730 1496 Rex
747 1467 868 1496 meus
884 1461 926 1496 et
946 1455 1061 1496 Deus
1082 1467 1220 1495 meus.
1252 1471 1268 1492 »
1291 1451 1458 1496 Deinde

67 1521 315 1567 intellectus
331 1534 484 1568 eorum
503 1539 602 1584 quae
624 1522 870 1583 impediunt
890 1522 945 1567 ad
964 1521 1205 1566 videndum
1227 1525 1366 1566 Deum
1379 1558 1390 1577 ,
1410 1523 1457 1567 id

66 1602 146 1648 est,
166 1602 217 1637 ut
238 1608 282 1637 se
305 1593 551 1637 exauditam
573 1609 664 1638 esse
686 1601 932 1651 cognoscat,
955 1593 1008 1636 ab
1032 1608 1083 1636 eo
1104 1591 1223 1652 quod
1247 1592 1455 1651 scriptum

66 1672 130 1708 est
155 1681 164 1708 ε
192 1682 211 1704 «
237 1664 456 1717 Quoniam
472 1663 527 1708 ad
550 1673 594 1708 te
611 1664 768 1717 orabo,
790 1663 996 1718 Domine,
1016 1678 1145 1706 mane
1163 1662 1362 1706 exaudies
1383 1678 1457 1707 vo-

68 1751 89 1775 »
123 1748 218 1778 cem
237 1748 396 1788 meam,
417 1754 435 1776 »
452 1749 592 1794 usque
610 1733 680 1788 ad,
703 1752 719 1774 ι(
743 1733 897 1777 Virum
918 1733 1178 1790 sanguinum
1196 1741 1239 1776 et
1253 1731 1456 1776 dolosum

70 1818 88 1845 »‘
123 1804 694 1849 abominabiturDominus.
726 1825 744 1846 »
772 1805 916 1848 Tertio
945 1813 1088 1864 sperat
1105 1819 1147 1847 se
1169 1803 1350 1848 domum
1378 1805 1456 1849 Dei

65 1873 283 1930 futuram,
316 1884 360 1918 et
379 1889 500 1919 nunc
527 1875 567 1919 ei
593 1874 943 1935 appropinquare
971 1876 1017 1918 in
1040 1875 1195 1919 timore
1225 1884 1325 1918 ante
1347 1890 1455 1919 con-

64 1945 400 1989 summationem
417 1960 518 2005 quae
535 1944 710 2004 expellit
732 1946 948 1999 timorem,
964 1945 1019 1988 ab
1037 1960 1088 1988 eo
1108 1946 1229 2005 quod
1246 1946 1456 2005 scriptum

64 2025 130 2060 est
148 2034 157 2060 :
190 2034 208 2056 (ι
230 2014 326 2075 Ego
347 2025 493 2059 autem
515 2015 560 2058 in
581 2015 863 2059 multitudine
884 2016 1168 2060 miserationis
1190 2026 1278 2059 tuae
1295 2052 1305 2070 ‚
1339 2037 1355 2056 »
1382 2032 1456 2060 us-

64 2100 152 2147 que
172 2084 228 2129 ad
242 2120 254 2141 ,
283 2104 301 2126 «
327 2084 532 2129 Adorabo
549 2085 604 2130 ad
621 2085 835 2144 templum
859 2095 1057 2130 sanctum
1082 2095 1209 2130 tuum
1231 2087 1276 2130 in
1298 2088 1454 2130 timore

69 2178 88 2200 »
122 2166 216 2201 tuo.
238 2177 256 2199 »
277 2159 443 2211 Quarto
465 2158 766 2217 proficientem
785 2173 829 2201 se
847 2167 978 2218 atque
995 2167 1324 2217 promoventem
1341 2159 1455 2201 inter

0 2250 2 2285 3
64 2226 138 2272 illa
159 2228 274 2287 ipsa,
300 2228 461 2288 quibus
475 2227 674 2288 impediri
702 2243 746 2272 se
763 2229 893 2272 sentit
908 2263 918 2282 ,
945 2238 1040 2272 orat
1061 2238 1111 2272 ut
1133 2227 1362 2288 adjuvetur
1384 2230 1452 2272 in—

0 2308 1 2312 ’
64 2299 300 2353 trinsecus,
331 2297 407 2342 ubi
428 2310 559 2343 nemo
589 2299 818 2343 hominum
845 2299 986 2354 videt,
1012 2314 1068 2342 ne
1090 2308 1310 2343 avertatur
1331 2298 1455 2343 malis

68 2370 224 2429 linguis
239 2405 251 2426 ,
281 2370 338 2415 ab
357 2385 408 2414 eo
430 2369 551 2430 quod
572 2371 782 2430 scriptum
804 2379 867 2415 est
894 2390 903 2415 ε
939 2389 956 2410 «
983 2371 1189 2425 Domine,
1221 2370 1364 2415 deduc
1385 2386 1455 2415 me

71 2461 90 2482 »
125 2441 172 2484 in
212 2450 289 2486 tua
324 2441 489 2501 justitia
522 2451 703 2501 propter
745 2442 943 2485 inimicos
976 2456 1116 2497 meos,
1149 2462 1166 2483 >³
1194 2457 1332 2502 usque
1370 2443 1450 2498 ad,

5 2540 11 2542 -
71 2528 90 2551 «
126 2511 304 2569 Linguis
337 2512 422 2556 suis
451 2510 600 2571 dolose
635 2512 835 2570 agebant.
862 2532 879 2554 »
907 2512 1072 2565 Quinto
1105 2513 1334 2572 prophetia
1368 2521 1452 2568 est,

117 2601 127 2617 ¹
148 2595 228 2628 Psal.
244 2606 280 2637 v,
299 2596 350 2628 13.
371 2613 413 2619 —
433 2603 446 2619 2
467 2598 560 2629 Rom.
575 2607 643 2637 vm,
664 2596 701 2628 31
728 2601 763 2643 et
781 2596 834 2629 33.
851 2613 894 2620 ·--
910 2594 924 2620 3
939 2597 986 2628 Id.
1002 2609 1038 2638 v,
1056 2608 1092 2640 9,
1114 2608 1163 2630 10.
