1833 3284
415 262 657 293 ENAnnAno
691 265 736 293 nv
769 262 974 293 PsALMUM
1006 264 1065 290 1v.
1348 250 1430 290 139

45 349 66 372 »
99 329 256 377 domus
275 331 403 374 tuae1.
428 346 448 371 n
473 332 551 374 Est
577 337 621 373 et
642 328 788 374 oleum
810 328 887 373 Dei
913 347 922 372 :
948 327 1004 372 de
1023 342 1112 387 quo
1140 326 1308 371 dictum
1337 335 1426 371 est:

46 420 67 443 α
102 401 388 461 Impinguasti
412 400 459 444 in
480 399 576 445 oleo
604 409 737 460 caput
757 400 945 444 meu'm2.
983 418 1001 440 »
1028 398 1104 442 Isti
1133 407 1279 442 autem
1303 397 1431 442 multi

40 473 117 533 qui
134 472 303 528 dieunt,
331 472 477 525 «Quis
499 470 689 517 ostendit
710 471 836 516 nobis
857 471 1006 515 bona?
1031 488 1050 511 »
1077 478 1120 514 et
1138 484 1321 527 regnum
1343 485 1432 514 coe-

40 542 184 588 lorum
213 544 326 587 intra
357 558 402 587 se
433 557 524 587 esse
550 558 641 588 non
668 541 843 587 vident³
871 561 879 587 ε
909 545 947 587 Α
977 550 1174 601 tempore
1196 538 1428 595 frumenti,

43 631 64 656 »
98 613 189 659 vini
211 622 255 658 et
281 611 366 658 olei
383 613 450 658 sui
470 612 748 672 multiplicati
769 621 886 657 sunt.
912 630 931 653 »
957 614 1055 657 Non
1076 611 1194 655 enim
1214 609 1431 670 multipli-

39 684 153 730 catio
174 700 344 745 semper
364 684 610 729 ubertatem
633 684 863 743 significat,
885 692 928 727 et
950 699 1038 728 non
1060 682 1321 743 plerumque
1340 682 1432 726 exi-

40 757 250 815 guitatem
271 775 280 801 :
305 771 407 801 cum
440 755 588 801 dedita
617 755 931 816 temporalibus
964 754 1265 814 voluptatibus
1289 753 1433 798 anima

37 842 208 887 semper
222 825 464 871 exardescit
483 826 736 886 cupiditate,
763 841 844 870 nec
867 824 1012 880 satiari
1032 833 1191 884 potest,
1212 834 1257 869 et
1276 822 1433 869 multi-

37 896 140 957 plici
157 906 288 958 atque
300 912 545 942 aerumnosa
564 896 827 955 cogitatione
847 894 1051 950 distenta,
1063 893 1247 954 simplex
1261 895 1429 940 bonum

36 967 186 1014 videre
206 984 298 1013 non
319 967 475 1013 sinitur
493 987 502 1012 :
533 966 672 1028 qualis
695 976 759 1011 est
786 966 860 1010 illa
882 965 936 1010 de
958 981 1044 1026 qua
1066 964 1250 1010 dicitur:
1280 984 1300 1007 «
1321 967 1432 1010 Cor-

40 1055 63 1080 »
96 1053 179 1098 pus
198 1038 314 1083 enim
336 1038 458 1099 quod
479 1038 796 1098 corrumpitur,
827 1045 1028 1095 aggravat
1050 1035 1262 1090 animam,
1286 1044 1330 1079 et
1351 1034 1432 1078 de-

41 1126 62 1151 »
97 1109 247 1169 primit
263 1118 434 1154 terrena
455 1108 714 1153 inhabitatio
729 1122 903 1152 sensum
920 1105 1061 1151 multa
1080 1106 1388 1164 cogitantem4.
1407 1124 1428 1148 »

40 1179 152 1227 Talis
173 1181 317 1226 anima
340 1180 648 1241 temporalium
673 1179 890 1224 bonorum
918 1177 1168 1222 decessione
1189 1186 1234 1221 et
1261 1192 1433 1221 succes-

38 1251 181 1306 sione,
206 1250 254 1296 id
280 1260 366 1306 est,
392 1267 415 1295 a
438 1260 635 1310 tempore
658 1248 890 1305 frumenti,
922 1248 1013 1293 vini
1036 1257 1079 1293 et
1100 1247 1186 1292 olei
1207 1247 1274 1292 sui
1300 1248 1434 1291 innu-

38 1321 324 1367 merabilibus
338 1320 555 1381 completa
571 1321 947 1381 phantasmatibus
965 1320 1025 1364 sic
1046 1318 1333 1379 multiplicata
1350 1328 1430 1375 est,

38 1403 90 1438 ut
115 1409 207 1439 non
232 1393 365 1453 possit
391 1408 517 1452 agere
549 1392 673 1454 quod
701 1402 970 1453 praeceptum
998 1400 1063 1436 est
1094 1410 1103 1436 :
1134 1410 1154 1433 «
1189 1391 1354 1436 Sentite
1377 1389 1433 1435 de

43 1481 65 1507 »
99 1465 286 1509 Domino
307 1464 354 1508 in
374 1463 591 1518 bonitate,
617 1473 660 1508 et
692 1464 738 1508 in
771 1462 1047 1522 simplicitate
1077 1461 1220 1506 cordis
1250 1461 1434 1521 quaerite

43 1552 64 1576 »
99 1533 263 1579 illum⁵.
293 1551 314 1575 »
340 1536 427 1579 Ista
449 1534 566 1578 enim
598 1532 897 1593 multiplicitas
918 1532 982 1576 illi
1011 1531 1276 1591 simplicitati
1295 1531 1433 1575 vehe-

36 1615 207 1650 menter
229 1604 409 1651 adversa
436 1614 514 1650 est.
548 1608 606 1650 Et
631 1604 732 1649 ideo
757 1604 848 1649 istis
875 1603 1034 1648 relictis
1056 1603 1133 1664 qui
1154 1602 1282 1647 multi
1304 1611 1426 1658 sunt,

36 1675 316 1736 multiplicati
341 1675 504 1721 scilicet
539 1674 845 1735 temporalium
879 1674 1143 1734 cupiditate,
1176 1682 1221 1718 et
1251 1672 1429 1718 dicunt:

41 1766 62 1790 «
95 1747 201 1801 Quis
225 1746 416 1792 ostendit
436 1747 563 1791 nobis
593 1747 731 1802 bona,
756 1765 776 1787 »
799 1762 899 1806 quae
922 1761 1013 1790 non
1041 1743 1177 1790 oculis
1199 1743 1327 1799 foris,
1357 1743 1434 1788 sed

0 1803 1 1829 ³
35 1819 154 1864 intus
181 1818 322 1863 cordis
345 1818 619 1878 simplicitate
641 1817 880 1879 quaerenda
897 1826 999 1862 sunt
1020 1836 1028 1861 :
1054 1817 1120 1861 vir
1142 1814 1282 1860 fidelis
1305 1815 1432 1860 exul-

0 1903 1 1912 *
35 1898 120 1944 tat,
146 1898 190 1933 et
207 1888 314 1934 dicit
335 1909 344 1934 :
369 1908 390 1932 «
416 1892 468 1933 In
489 1904 612 1949 pace,
632 1888 679 1932 in
701 1887 909 1948 idesum,
934 1886 1227 1941 obdormiam,
1249 1896 1293 1930 et
1315 1901 1432 1930 som-

39 1978 60 2002 »
95 1976 202 2005 num
230 1961 440 2020 capiamG.
469 1979 488 2002 υ
514 1963 649 2005 Recte
677 1960 794 2004 enim
822 1968 1020 2019 speratur
1049 1975 1072 2002 a
1102 1957 1263 2002 talibus
1286 1958 1432 2002 omni-

35 2031 166 2077 moda
193 2032 351 2076 mentis
374 2030 636 2076 abalienatio
665 2047 688 2074 a
709 2030 969 2075 mortalibus
992 2030 1144 2084 rebus,
1172 2038 1216 2073 et
1236 2029 1432 2073 miseria-

35 2118 133 2148 rum
153 2103 300 2148 saeculi
321 2104 452 2164 hujus
475 2101 662 2157 oblivio,
689 2118 788 2162 quae
817 2102 996 2146 nomine
1030 2100 1366 2145 obdormitionis
1388 2110 1432 2145 et

35 2175 176 2219 somni
197 2174 402 2219 decenter
423 2183 467 2219 et
487 2173 743 2234 prophetice
765 2173 1049 2234 significatur⁷
1068 2171 1146 2215 ubi
1163 2186 1331 2215 summa
1349 2187 1432 2231 pax

34 2244 159 2290 nullo
180 2245 377 2290 tumultu
396 2243 667 2304 interpellari
690 2252 847 2303 potest.
872 2242 955 2287 Sed
978 2243 1062 2286 hoc
1078 2242 1170 2303 jam
1192 2257 1281 2286 non
1308 2251 1430 2286 tene-

34 2325 108 2362 tur
123 2316 170 2360 in
192 2317 274 2360 hac
297 2316 409 2371 vita,
433 2314 510 2359 sed
527 2323 630 2375 post
653 2315 768 2359 hanc
790 2313 923 2358 Vitam
951 2312 1217 2372 sperandum
1235 2322 1312 2357 est.
1337 2315 1431 2357 Hoc

35 2386 164 2431 etiam
177 2386 268 2446 ipsa
280 2385 412 2431 verba
431 2385 686 2440 ostendunt,
703 2401 804 2446 quae
821 2383 960 2429 futuri
974 2393 1076 2428 sunt
1093 2384 1315 2443 temporis.
1331 2386 1428 2429 Non

35 2457 152 2502 enim
171 2457 338 2502 dictum
360 2466 446 2502 est:
470 2466 560 2512 aut,
585 2455 867 2512 Obdormivi5
885 2464 928 2500 et
943 2470 1146 2500 somnum
1163 2455 1279 2515 coepi
1298 2475 1309 2513 3
1334 2463 1427 2510 aut,

84 2562 94 2578 ¹
120 2554 204 2588 Psal.
223 2566 320 2596 xxxv,
333 2566 369 2599 9.
389 2572 430 2579 —-
443 2555 615 2596 ²1d.xx11‚
636 2554 667 2587 5.
684 2571 726 2577 —
743 2552 756 2577 3
774 2556 852 2586 Luc.
879 2565 958 2595 xvn,
982 2561 1037 2586 22.
1057 2570 1099 2577 —-
1113 2551 1131 2582 4
1148 2520 1289 2596 ὃαξῗᾷχ,
1314 2552 1364 2585 15.
1387 2569 1428 2575 -

40 2626 82 2635 —
104 2608 119 2635 ⁵
134 2613 207 2654 Sap.
227 2623 251 2654 1,
269 2624 297 2644 1.
318 2610 388 2635 ...6
411 2611 598 2653 Psal.1v‚9.
