1833 3284
441 231 682 263 umanum
714 235 759 262 ιιι
791 233 994 263 ΡεΛιΜυΜ
1026 235 1070 261 x.
1367 222 1447 262 231

62 301 164 362 igne
186 308 412 346 vastentur
426 335 437 356 ‚
471 298 630 345 deinde
651 298 868 346 malorum
900 315 1083 360 operum
1103 308 1262 360 putore
1283 313 1309 345 a
1332 304 1456 344 coetu

0 367 1 370 ¹
62 371 296 417 beatorum
317 369 596 432 abjiciantur,
620 379 840 431 postremo
869 370 1038 431 abrepti
1062 379 1193 432 atque
1217 369 1453 426 submersi,

0 496 1 499 Ἰ
69 440 314 487 ineffabiles
335 456 487 501 poenas
502 439 645 486 luant.
666 443 770 487 Haec
782 439 898 486 enim
915 456 1013 502 pars
1029 450 1094 485 est
1114 440 1257 486 calicis
1275 455 1453 486 eorum:

0 503 2 520 ;
63 512 183 563 sicut
195 514 414 574 justorum
426 510 650 575 calix-tuus
666 511 885 560 inebrians
904 527 1037 573 quam
1054 511 1303 573 praeclarus¹
1323 513 1335 557 1
1364 515 1458 558 Ine-

71 583 337 629 briabuntur
353 583 470 628 enim
484 582 538 627 ab
553 582 755 628 ubertate
778 583 933 629 domus
950 585 1073 627 tuae2.
1095 581 1286 629 Calicem
1308 591 1459 627 autem

69 663 299 716 propterea
319 662 428 714 puto
449 652 733 714 appellatum,
753 668 810 699 ne
822 652 931 714 quid
951 663 1110 715 praeter
1127 653 1309 699 modum
1325 662 1460 714 atque

68 740 336 781 mensuram,
352 725 424 774 vel
435 725 480 770 in
499 726 601 786 iliosis
619 735 895 786 peccatorum
914 725 1151 787 suppliciis,
1171 740 1249 786 per
1266 724 1460 770 divinam

68 797 389 859 providentiam
409 797 503 842 fieri
524 798 798 843 arbitremur.
823 799 882 843 Et
897 796 995 843 ideo
1016 807 1229 859 tanquam
1246 797 1461 843 rationem

68 868 255 914 reddens
270 883 407 930 quare
418 867 466 913 id
478 869 568 924 fiat,
587 868 787 930 subjecit,
811 888 831 912 «
846 870 1063 923 Quoniam
1073 869 1217 930 justus
1228 868 1457 924 Dominus,

71 956 94 982 κ
128 948 172 984 et
190 939 378 1000 justitias
394 938 569 984 dilexit³
591 974 600 983 .
628 958 648 981 n
673 942 773 985 Non
796 938 953 984 frustra
975 938 1223 1000 pluraliter,
1249 939 1330 984 nisi
1359 940 1463 999 quia

68 1009 267 1056 homines
284 1009 416 1067 dicit,
440 1019 491 1055 ut
506 1025 585 1071 pro
602 1010 751 1071 justis,
772 1009 952 1071 justitiae
970 1008 1269 1067 intelligantur
1288 1009 1456 1070 positae.

69 1078 123 1126 In
138 1080 288 1126 multis
309 1081 425 1126 enim
441 1082 566 1141 justis
594 1081 717 1141 quasi
738 1079 890 1125 multae
906 1080 1087 1142 justitiae
1112 1080 1319 1124 videntur
1340 1094 1432 1124 esse
1446 1116 1457 1136 ‚

65 1165 169 1198 cum
201 1152 257 1197 sit
285 1166 373 1196 una
403 1152 507 1207 Dei,
542 1153 666 1212 cujus
693 1166 844 1196 omnes
871 1150 1148 1212 participant.
1175 1152 1404 1211 Tanquam
1428 1151 1462 1195 si

68 1236 156 1267 una
171 1220 302 1268 facies
323 1222 547 1267 intueatur
568 1222 695 1282 plura
716 1220 914 1282 specula,
939 1220 1061 1284 quod
1080 1222 1126 1265 in
1149 1220 1222 1266 illa
1243 1220 1460 1280 singulare

67 1302 154 1349 est,
178 1292 233 1338 de
249 1291 333 1338 illis
354 1292 557 1353 pluribus
574 1292 802 1353 pluraliter
819 1293 1032 1338 redditur.
1054 1296 1291 1352 Propterea
1312 1307 1460 1337 rursus

67 1363 124 1409 ad
144 1364 489 1424 singularitatem
513 1380 557 1408 se
581 1363 740 1420 refert,
765 1363 952 1410 dicendo
974 1383 983 1409 ι
1015 1382 1034 1405 α
1058 1364 1328 1424 AEquitatem
1349 1363 1462 1409 vidit

70 1452 92 1478 »
126 1435 258 1480 iacies
279 1436 386 1496 ejus.
414 1453 435 1477 »
457 1438 656 1480 Fortasse
671 1451 751 1495 pro
767 1451 818 1480 eo
836 1435 889 1479 sit
907 1435 1118 1495 positum,
1148 1454 1168 1477 «
1188 1434 1460 1495 AEquitatem

69 1523 91 1548 »
125 1505 236 1550 vidit
256 1504 387 1551 facies
413 1507 528 1567 ejus,
557 1523 578 1547 »
604 1522 654 1550 ac
675 1505 709 1550 si
730 1505 949 1551 diceretur
970 1526 978 1551 :
1004 1507 1203 1567 AEquitas
1224 1507 1312 1551 visa
1334 1515 1397 1551 est
1414 1506 1461 1549 in

66 1575 176 1623 facie
192 1577 301 1637 ejus,
324 1576 371 1622 id
391 1586 480 1633 est,
503 1578 549 1622 in
571 1578 663 1638 ejus
693 1578 1034 1638 notitiaQFacies
1052 1578 1168 1622 enim
1191 1578 1269 1622 Dei
1291 1586 1355 1622 est
1376 1593 1459 1637 po-

66 1648 202 1694 tentia
215 1664 303 1708 qua
320 1647 461 1707 dignis
483 1648 730 1693 innotescit.
755 1652 845 1693 Aut
866 1658 997 1704 certe,
1024 1668 1043 1691 «
1062 1649 1330 1710 AEquitatem
1348 1648 1460 1694 vidit

69 1736 90 1759 »
125 1716 255 1763 facies
276 1719 383 1779 ejus,
406 1737 426 1760 »
444 1720 545 1779 quia
562 1734 652 1764 non
675 1734 719 1763 se
742 1719 910 1779 praebet
932 1719 1287 1779 cognoscendum
1309 1719 1455 1776 malis,

67 1788 144 1833 sed
163 1787 289 1834 bonis
316 1808 325 1834 ε
352 1798 395 1833 et
414 1788 506 1850 ipsa
523 1798 587 1834 est
604 1789 801 1851 aequitas.

125 1860 229 1904 XII.
256 1859 299 1904 Si
317 1859 415 1920 quis
437 1868 584 1904 autem
605 1859 757 1905 lunam
782 1863 1056 1921 Synagogam
1077 1861 1173 1906 vult
1194 1859 1459 1919 intelligere,

67 1928 123 1975 ad
139 1929 382 1990 passionem
393 1931 569 1975 Domini
582 1930 740 1976 referat
757 1930 995 1986 Psalmum,
1016 1941 1060 1976 et
1073 1931 1128 1976 de
1146 1935 1170 1976 J
1174 1931 1309 1977 udaeis
1326 1931 1457 1988 dicat,

71 2019 93 2043 «
126 2000 356 2053 Quoniam·
373 2016 472 2060 quae
502 2001 722 2060 perfecisti
755 2001 1065 2047 destruxerunt
1097 2022 1106 2046 :
1138 2020 1157 2043 »
1191 2018 1238 2047 ac
1276 2001 1330 2047 de
1367 2002 1460 2062 ipso

66 2071 281 2127 Domino,
321 2089 342 2113 «
373 2073 522 2115 ,Iustus
550 2081 696 2116 autem
728 2071 835 2132 quid
862 2071 993 2117 fecit?
1023 2091 1043 2114 n
1081 2076 1223 2127 Quem
1250 2082 1462 2134 tanquam

66 2141 383 2187 destructorem
404 2142 530 2202 Legis
553 2142 797 2202 arguebant
816 2162 825 2189 ι
847 2144 970 2203 cujus
992 2153 1235 2204 praeeepta,
1256 2159 1456 2204 perverse

66 2212 275 2268 vivendo,
301 2222 344 2257 et
358 2228 406 2258 ea
424 2213 747 2259 contemnendo
760 2249 770 2269 ,
793 2229 841 2259 ac
857 2230 933 2258 sua
950 2215 1183 2260 statuendo
1195 2250 1205 2270 ,
1227 2214 1455 2260 destruxe-

66 2292 191 2339 rant,
214 2293 265 2328 ut
284 2284 375 2344 ipse
401 2285 612 2329 Dominus
635 2285 878 2330 secundum
904 2285 1128 2330 hominem
1150 2285 1382 2347 loquatur⁷
1408 2296 1459 2331 ut

66 2354 192 2410 solet,
216 2354 380 2411 dicens,
411 2375 430 2398 «
457 2359 508 2400 In
531 2357 718 2401 Domino
740 2356 943 2415 confido3
966 2356 1189 2418 quomodo
1211 2357 1353 2402 dicitis
1369 2359 1458 2402 ani-

73 2445 92 2468 »
126 2441 209 2471 mae
226 2441 334 2470 meae
352 2446 361 2472 :
384 2427 654 2486 Transmigra
668 2427 712 2472 in
726 2437 894 2473 montes
908 2428 1020 2472 sicut
1036 2431 1211 2488 passer?
1233 2447 1252 2470 »
1280 2439 1460 2490 propter

63 2505 251 2541 terrores
268 2496 431 2542 scilicet
447 2512 615 2552 eorum,
640 2498 715 2558 qui
737 2498 859 2542 illum
884 2498 1210 2558 apprehendere
1229 2509 1272 2544 et
1286 2501 1458 2544 crucifi-

116 2579 763 2623 ¹Ps121.rxzu‚5.——2ld.uxv‚9.-
785 2581 912 2615 ³1=1.x.
932 2582 963 2613 8.
