1833 3284
371 222 455 261 302
811 229 846 257 s.
872 229 1103 258 ,incusum
1129 233 1310 261 muscom

368 313 471 343 cum
496 296 800 356 impleverint,
826 294 1009 340 laudan-t
1034 297 1268 342 Dominum
1289 298 1366 359 qui
1392 298 1621 360 requirunt
1642 314 1757 344 eum.

368 372 426 413 Et
448 366 608 422 videte,
628 367 797 423 fratres,
817 367 893 427 qui
908 382 1008 412 vere
1027 384 1236 428 pauperes
1258 379 1375 425 sunt,
1390 370 1513 430 cujus
1526 370 1587 415 rei
1607 369 1764 416 divites

367 439 454 483 sint
476 457 484 484 z
510 438 612 498 quia
634 453 724 482 non
746 437 792 481 in
813 453 932 495 arca,
958 453 1046 483 non
1069 439 1115 484 in
1137 440 1293 485 horreo
1309 475 1320 497 ,
1346 456 1435 486 non
1452 440 1500 485 in
1519 442 1759 502 apotheca:

371 529 389 550 «
426 509 586 554 Vivent
609 508 741 554 corda
764 525 916 554 eorum
939 509 984 553 in
1006 509 1219 554 saeculum
1240 510 1403 556 saeculi.
1435 532 1452 554 »

425 582 637 625 XXVIII.
672 583 788 638 Ergo
818 579 1045 625 attendite.
1073 583 1226 627 Passus
1259 592 1323 627 est
1344 583 1583 640 Dominus,
1618 582 1765 628 omnia

366 667 467 712 quac
490 650 666 696 audistis
688 666 837 712 passus
859 661 922 696 cst
945 652 1170 698 Dominus.
1197 653 1442 708 Quaerimus
1463 669 1599 715 quare
1615 669 1765 714 passus

367 732 458 778 est,
483 732 526 767 et
555 724 690 784 coepit
714 739 890 768 narrare
913 743 920 769 ;
948 742 965 763 «
991 726 1186 770 Narrabo
1215 741 1377 771 nomen
1401 735 1526 771 tuum
1557 724 1765 770 fratribus
1832 778 1833 791 ἵ

372 815 390 836 »
425 795 547 851 meis,
565 795 611 839 in
625 794 770 841 medio
786 795 989 840 Ecclesiae
1007 796 1194 841 cantabo
1209 807 1266 841 te.
1285 818 1301 839 »
1322 797 1407 843 Sed
1423 797 1568 843 adhuc
1582 796 1762 842 dicunt:

368 869 454 911 Ista
476 877 540 912 est
561 866 769 912 Ecclesia.
796 886 814 908 «
839 867 1006 913 Timeat
1028 884 1129 912 eum
1151 884 1281 913 omne
1304 884 1451 914 semen
1469 867 1616 914 Israel.
1642 888 1660 910 >›
1688 868 1766 913 Di—

366 948 474 984 cunt
500 955 508 980 :
535 942 622 986 Nos
649 955 799 984 sumus
827 955 977 985 semen
1012 939 1159 985 Israel.
1191 960 1207 981 «
1239 941 1457 995 Quoniam
1487 957 1579 986 non
1607 940 1769 1001 sprevit

372 1030 390 1052 »
426 1027 570 1071 neque
593 1011 788 1072 despexit
810 1028 984 1072 precem
1007 1014 1224 1074 pauperis.
1251 1033 1268 1055 »
1295 1013 1454 1058 Adhuc
1476 1012 1632 1058 dicunt
1652 1032 1661 1057 2
1680 1015 1769 1059 Nos

366 1096 531 1126 sumus.
555 1102 572 1123 «
590 1085 743 1143 Neque
761 1083 917 1127 avertit
938 1083 1095 1128 faciem
1117 1101 1237 1129 suam
1255 1101 1281 1129 a
1300 1100 1386 1129 me.
1409 1105 1426 1127 »
1450 1088 1546 1145 Ipse
1570 1084 1768 1130 Christus

348 1153 578 1198 Dominus
607 1170 630 1198 a
659 1170 731 1210 se,
760 1154 806 1198 id
829 1164 918 1210 est,
947 1155 1004 1199 ab
1029 1155 1221 1200 Ecclesia
1250 1171 1353 1212 sua,
1379 1172 1480 1219 quae
1514 1165 1577 1200 est
1611 1169 1768 1215 corpus

366 1224 514 1284 ipsius.
541 1244 557 1265 ‹<
578 1226 710 1285 Apud
732 1234 775 1270 te
793 1225 885 1270 laus
908 1241 1018 1271 mea.
1047 1247 1062 1268 »›
1082 1229 1169 1271 Vos
1187 1227 1300 1287 ipsos
1318 1226 1450 1272 vultis
1464 1226 1658 1272 laudare.
1683 1224 1772 1283 Sed,

367 1296 634 1355 respondent
657 1316 665 1342 :
692 1300 873 1342 Prorsus
896 1306 940 1341 et
957 1313 1035 1342 nos
1057 1297 1199 1358 ipsum
1222 1297 1468 1343 laudamus.
1498 1318 1515 1339 «
1543 1300 1655 1342 Vota
1672 1311 1770 1342 mea

372 1387 390 1409 »
426 1368 614 1413 Domino
646 1367 827 1413 reddam
852 1384 999 1413 coram
1027 1369 1285 1414 timentibus
1312 1385 1428 1414 eum.
1455 1390 1473 1412 »
1502 1368 1770 1414 Sacrificium

368 1439 484 1498 pacis
501 1475 511 1494 ,
537 1439 798 1484 sacrificium
821 1439 1044 1484 charitatis
1062 1474 1074 1496 ⁷
1099 1440 1356 1485 sacrificium
1378 1439 1570 1500 corporis
1591 1439 1658 1483 sui
1684 1454 1768 1484 no-

367 1519 472 1555 runt
493 1511 642 1555 fideles
666 1531 675 1556 :
697 1511 911 1572 disputari
932 1511 1035 1556 inde
1052 1512 1186 1557 modo
1201 1528 1291 1557 non
1307 1521 1465 1572 potest.
1493 1530 1511 1552 «
1538 1514 1651 1556 Vota
1672 1526 1769 1556 mea

372 1601 391 1625 »
427 1582 607 1627 reddam
620 1598 766 1628 coram
779 1583 1036 1629 timentibus
1054 1599 1169 1628 eum.
1188 1604 1205 1626 »
1217 1583 1365 1629 Edant
1380 1583 1620 1644 publicani,
1636 1582 1771 1627 edant

365 1652 622 1712 piscatores,
646 1653 943 1710 manducent,
980 1654 1208 1699 imitentur
1230 1654 1468 1699 Dominum
1484 1689 1495 1710 ‚
1526 1653 1767 1714 patiantur,

367 1733 633 1768 saturentur.
657 1727 858 1769 Mortuus
881 1733 946 1769 est
967 1725 1057 1783 ipse
1081 1725 1306 1781 Dominus,
1331 1725 1584 1769 moriuntur
1601 1734 1644 1769 et
1660 1739 1771 1784 pau-

368 1810 492 1855 peres
505 1815 512 1839 :
528 1795 704 1840 additur
715 1806 756 1840 et
769 1812 885 1841 mors
894 1796 942 1841 Di
949 1795 1219 1856 scipulorum
1236 1797 1366 1841 morti
1375 1796 1587 1855 Magistri.
1602 1796 1774 1849 Quare?

369 1869 433 1911 Da
447 1867 555 1911 mihi
568 1867 779 1912 fructum.
797 1888 813 1908 α
829 1868 1322 1923 Commemorabuntur,
1334 1877 1378 1913 et
1390 1876 1704 1913 convertentur
1716 1865 1772 1912 ad

368 1937 606 1983 Dominum
622 1939 813 1983 universi
828 1939 935 1983 fines
950 1940 1113 1983 terrae1.
1131 1958 1149 1980 »
1161 1939 1256 1994 Eia,
1275 1937 1443 1994 fratres,
1459 1937 1568 1998 quid
1581 1937 1773 1999 quaeritis

371 2025 394 2053 a
412 2009 538 2054 nobis
555 2009 662 2070 quid
679 2009 1019 2070 respondeamus
1034 2010 1148 2070 parti
1164 2011 1351 2055 Donati?
1367 2013 1481 2054 Ecce
1502 2009 1713 2064 Psalmus,
1729 2017 1773 2052 et

369 2079 441 2124 hic
463 2079 622 2139 legitur
644 2081 798 2136 hodie,
822 2090 866 2125 et
886 2081 948 2125 ibi
966 2081 1126 2139 legitur
1143 2080 1288 2125 hodie.
1313 2080 1560 2126 Scribamus
1579 2079 1704 2124 illum
1725 2079 1772 2122 in

369 2150 592 2197 frontibus
605 2153 777 2207 nostris,
791 2168 891 2198 cum
904 2151 980 2196 illo
993 2153 1299 2211 procedamus,
1315 2167 1406 2196 non
1419 2152 1614 2212 quiescat
1623 2150 1773 2208 lingua

371 2232 519 2267 nostra
532 2258 542 2277 ,
564 2223 645 2267 ista
663 2223 804 2268 dicat:
823 2225 938 2268 Ecce
961 2222 1160 2268 Christus
1176 2237 1324 2282 passus
1341 2231 1421 2278 est,
1442 2237 1541 2266 ecce
1558 2229 1773 2265 mercator

372 2292 567 2338 ostendit
583 2292 849 2347 mercedem,
869 2307 968 2336 ecce
993 2293 1180 2352 pretium
1199 2293 1322 2353 quod
1334 2291 1471 2349 dedit,
1487 2293 1660 2352 sanguis
1682 2292 1773 2353 ejus

371 2363 494 2410 fusus
518 2374 597 2410 est.
621 2369 673 2409 ln
691 2380 815 2410 sacco
831 2363 1000 2408 ferebat
1016 2365 1205 2425 pretium
1219 2373 1418 2410 nostrum
1435 2384 1444 2409 :
1461 2380 1691 2425 percussus
1708 2372 1773 2408 est

372 2436 539 2492 lancea,
555 2437 676 2481 fusus
689 2446 753 2482 est
766 2452 930 2491 saccus,
942 2445 986 2481 et
1002 2436 1196 2481 manavit
1207 2437 1396 2497 pretium
1411 2437 1527 2482 orbis
1540 2446 1768 2481 terrarum.

373 2508 492 2562 Quid
513 2508 622 2552 mihi
644 2508 768 2564 dicis,
795 2524 823 2554 o
844 2507 1078 2553 haeretice?
1094 2510 1192 2555 Non
1213 2517 1278 2553 est
1292 2508 1483 2568 pretium
1497 2507 1614 2554 orbis
1635 2517 1771 2553 terra-

422 2598 431 2614 1
454 2591 537 2624 Psal.
563 2603 629 2633 xxi,
644 2591 699 2625 28.
