1833 3284
228 285 469 314 ENARRATIO
502 287 533 313 ιι
566 286 609 313 ΙΝ
643 286 845 315 PsALth
880 286 994 323 xxx,
1029 282 1154 312 serm.
1192 285 1239 312 ιι.
1342 271 1425 314 405,

46 361 115 396 tus
135 351 341 412 loquatur
363 371 373 396 :
399 360 442 395 et
463 351 685 412 quomodo
706 352 761 396 sit
782 350 1058 411 accipiendus
1080 350 1279 395 Christus
1314 357 1427 393 totus

44 437 147 467 cum
167 422 308 482 capite
335 431 380 467 et
398 437 599 482 corpore,
632 439 722 468 non
745 432 962 467 tacueram
989 442 998 467 2
1024 421 1279 465 testimoniis
1299 420 1429 465 etiam

47 492 367 552 Scripturarum
382 528 394 548 ,
419 504 635 554 quantum
651 493 759 538 mihi
780 492 968 548 videtur,
995 492 1095 536 satis
1112 491 1278 536 idoneis
1300 491 1430 536 lucu-

42 561 258 623 lentisque
279 564 571 620 firmaveram,
604 565 662 609 ita
689 573 738 608 ut
761 563 942 614 omnino
962 562 1154 607 dubitari
1177 578 1265 606 non
1289 570 1431 621 posset

43 634 264 679 Christum
277 650 367 680 esse
378 645 510 695 caput
523 645 566 680 ct
577 651 748 695 corpus,
761 650 968 694 sponsum
981 644 1024 678 et
1040 649 1256 694 sponsam,
1270 633 1430 677 Filium

45 704 121 748 Dei
133 714 175 748 et
186 704 439 761 Ecclesiam,
453 705 613 750 Filium
629 707 705 750 Dei
721 705 882 750 factum
900 705 1039 749 filium
1052 704 1238 749 hominis
1255 713 1434 764 propter

43 791 146 832 nos,
167 785 217 821 ut
239 777 348 823 filios
371 778 601 823 hominum
624 777 784 822 faceret
806 777 916 822 filios
932 777 1030 833 Dei3
1050 786 1182 837 atque
1205 776 1265 820 ita
1290 786 1433 820 essent

43 847 132 893 duo
153 849 199 893 in
216 865 344 895 carne
365 867 453 896 una
474 853 519 896 in
540 859 809 896 sacramento
831 866 990 908 magno
1004 885 1014 905 ,
1036 849 1112 910 qui
1135 858 1433 908 agnoscuntur

41 921 86 965 in
109 923 336 982 Prophetis
357 923 446 968 duo
465 925 509 968 in
523 939 628 969 voce
642 940 744 968 una.
768 926 849 968 Gra
859 922 1009 967 tulatio
1023 922 1219 981 superius
1237 937 1431 981 expressa

42 1002 105 1037 est
126 993 259 1052 ipsius
286 995 496 1041 dicentis:
525 1014 546 1037 «
572 994 810 1054 Respexisti
832 992 1122 1038 humilitatem
1150 1008 1291 1036 meam
1309 1028 1319 1047 ,
1346 992 1433 1036 sal-

45 1081 65 1104 »
97 1079 198 1109 vam
220 1063 358 1110 fecisti
380 1065 435 1109 de
457 1066 783 1110 necessitatibus
812 1066 999 1109 animam
1029 1079 1171 1108 meam
1186 1099 1197 1118 ,
1223 1079 1303 1108 nec
1325 1079 1434 1107 eon-

44 1152 64 1176 »
99 1134 262 1180 elusisti
289 1137 425 1180 mein
447 1152 602 1181 manus
630 1137 818 1190 inimici,
842 1135 1028 1180 statuisti
1050 1136 1096 1179 in
1127 1135 1224 1179 loco
1245 1135 1435 1194 spatioso

44 1223 64 1246 »
101 1205 230 1264 pedes
254 1221 372 1251 meos
390 1209 418 1250 ².
447 1225 467 1247 »
494 1206 738 1251 Gratulatio
760 1216 823 1250 est
844 1205 1014 1250 liberati
1036 1205 1225 1249 hominis
1249 1221 1272 1248 a
1295 1205 1435 1249 tribu-

40 1275 217 1333 latione,
243 1277 529 1323 liberatorum
552 1278 851 1322 membrorum
873 1277 1032 1322 Christi
1055 1277 1110 1321 ab
1133 1276 1368 1321 afflictione
1392 1285 1435 1320 et

41 1346 218 1392 insidiis.
251 1351 308 1393 Et
330 1365 476 1393 rursus
498 1349 604 1393 dicit
626 1369 633 1393 :
664 1368 683 1390 «
708 1349 911 1393 Miserere
933 1348 1041 1402 mei,
1079 1347 1284 1402 Domine,
1321 1363 1434 1407 quo-

43 1437 63 1460 »
99 1419 215 1463 niam
251 1420 452 1466 tribulor.
483 1439 503 1461 »
537 1423 588 1464 In
611 1419 894 1464 tribulatione
923 1420 1077 1479 utique
1106 1419 1303 1478 angustia
1337 1427 1431 1465 est:

39 1489 262 1550 quomodo
298 1506 399 1549 ergo
426 1511 446 1532 «
478 1491 661 1535 Posuisti
693 1491 738 1534 in
771 1491 959 1550 spatioso
995 1491 1128 1549 pedes
1161 1491 1308 1534 meos?
1335 1508 1355 1530 »
1391 1489 1433 1534 Si

38 1559 183 1605 adhuc
206 1560 460 1616 tribulatur,
497 1560 720 1621 quomodo
742 1571 845 1605 sunt
878 1561 924 1604 in
951 1561 1138 1620 spatioso
1170 1561 1333 1620 pedes?
1365 1563 1434 1603 An

37 1632 151 1676 forte
178 1647 267 1676 una
295 1632 475 1693 quidem
497 1648 581 1677 vox
602 1642 688 1686 est,
725 1633 827 1693 quia
862 1648 1002 1677 unum
1031 1632 1210 1693 quidem
1244 1647 1431 1691 corpus3

3 1729 6 1732 ·
37 1701 180 1747 sedin
201 1703 418 1764 aliquibus
450 1703 658 1747 membris
693 1704 883 1763 spatium
907 1703 1107 1757 sentitur,
1137 1703 1183 1746 in
1215 1702 1434 1762 aliquibus

38 1774 236 1832 angustia
252 1809 264 1830 ,
291 1774 336 1818 id
357 1784 422 1819 est
437 1810 448 1829 ,
468 1774 538 1818 alii
559 1774 754 1819 sentiunt
777 1773 1029 1818 facilitatem
1043 1773 1224 1833 justitiae
1241 1809 1252 1826 ,
1279 1772 1351 1817 alii
1368 1772 1434 1816 la-

42 1844 201 1889 borant
228 1845 274 1888 in
306 1844 621 1889 tribulatione?
649 1848 759 1891 Nam
781 1844 815 1889 si
847 1860 937 1888 non
972 1843 1055 1888 alia
1077 1843 1273 1887 membra
1296 1842 1433 1899 illud,

41 1914 123 1970 alia
144 1913 256 1960 illud
277 1924 546 1975 paterentur,
566 1930 656 1959 non
678 1914 841 1959 diceret
862 1914 1096 1974 Apostolus
1118 1931 1126 1955 :
1156 1934 1176 1956 «
1204 1915 1246 1958 Si
1268 1914 1434 1973 patitur

44 2004 65 2028 n
100 2001 240 2029 unum
272 1985 520 2030 membrum
539 2021 550 2041 ,
576 1985 906 2045 compatiuntur
923 1986 1065 2028 omnia
1087 1987 1310 2041 membra,
1336 1993 1379 2028 et
1400 1984 1435 2027 si

42 2075 62 2099 »
100 2055 369 2115 glorificatur
389 2072 529 2101 unum
548 2056 812 2110 membrum,
833 2055 1110 2113 congaudent
1131 2054 1275 2099 omnia
1295 2069 1435 2098 mem-

42 2146 62 2169 »
98 2128 176 2172 bra
189 2131 222 2170 2.
250 2145 271 2168 »
296 2125 467 2187 Aliquae
488 2126 709 2181 Ecclesiae,
734 2126 857 2170 verbi
881 2125 1039 2184 gratia,
1066 2140 1215 2185 pacem
1240 2125 1430 2180 habent,

39 2199 197 2259 aliquae
225 2199 272 2242 in
292 2197 575 2243 tribulatione
599 2206 701 2242 sunt
724 2217 732 2243 :
758 2198 803 2241 in
824 2197 912 2241 istis
935 2213 1035 2257 quae
1063 2212 1214 2256 pacem
1238 2196 1428 2252 habent,

0 2267 8 2277 ’
38 2270 81 2314 in
98 2269 285 2329 spatioso
303 2277 405 2313 sunt
425 2268 573 2328 pedes,
588 2268 698 2323 illae,
718 2284 818 2328 quae
840 2268 885 2311 in
908 2267 1190 2312 tribulatione
1211 2276 1329 2321 sunt,
1351 2283 1431 2311 an-

39 2341 198 2400 gustias
213 2341 441 2400 patiuntur
458 2360 467 2385 :
483 2339 560 2384 sed
576 2349 620 2383 et
636 2339 738 2384 istos
753 2339 979 2384 contristat
995 2338 1170 2383 illorum
1186 2337 1428 2392 tribulatio,

38 2420 82 2455 et
97 2409 192 2455 illos
209 2426 290 2470 pax
308 2410 490 2455 istorum
512 2410 774 2455 consolatur.
796 2410 863 2455 Sic
882 2419 946 2454 est
963 2410 1078 2453 enim
1097 2424 1236 2453 unum
1254 2425 1427 2469 corpus,

38 2490 88 2524 ut
105 2496 194 2525 non
214 2480 269 2525 sit
289 2481 480 2525 discissio
499 2501 510 2537 3
534 2496 623 2525 non
644 2490 790 2525 autem
808 2479 911 2524 facit
929 2479 1221 2524 discissionem
1244 2479 1324 2523 nisi
1343 2479 1431 2523 dis-

39 2551 193 2595 sensio.
219 2551 416 2597 Charitas
443 2560 588 2594 autem
615 2566 869 2610 compagem
896 2549 1020 2605 facit,
1053 2565 1283 2609 compages
1305 2565 1428 2593 com-

87 2642 95 2658 *
118 2635 197 2667 Psal.
219 2646 296 2676 xxx,
315 2635 348 2678 ὃ,
367 2647 400 2677 9.
422 2652 463 2657 -—
483 2641 496 2656 ²
518 2647 526 2665 ι
545 2637 617 2667 Cor,
638 2646 693 2675 xu,
714 2637 768 2667 20.
