1833 3284
430 287 672 319 nnana-1⁸10
704 291 751 317 ΙΝ
783 287 986 318 PsALMUM
1017 291 1140 318 xxw.
1385 276 1470 316 315

89 374 110 398 »
145 364 241 400 cato
263 369 361 400 meo
382 374 392 401 ι
416 354 607 399 multum
628 364 693 399 est
713 355 874 400 enim1.
898 357 996 399 Non
1019 352 1159 398 solum
1177 360 1354 413 peccata
1376 367 1473 397 mea

86 425 279 482 donasti,
300 441 398 486 quae
421 434 655 485 antequam
677 425 897 470 crederem
929 424 1083 468 admisi
1101 443 1110 469 z
1135 422 1210 467 sed
1232 432 1276 467 et
1292 430 1473 483 peccato

85 513 206 554 meo,
223 497 344 558 quod
360 507 405 541 et
424 495 615 541 multum
636 506 715 552 est,
740 498 843 557 quia
865 505 908 540 et
924 497 969 539 in
985 496 1053 539 via
1075 510 1166 539 non
1193 494 1315 539 deest
1336 494 1474 539 offen-

86 569 169 626 sio,
189 569 395 630 sacrificio
417 568 698 613 contribulati
725 568 899 629 spiritus
921 565 1238 627 propitiaberis.

144 655 248 697 XII.
285 672 305 695 «
329 653 435 706 Quis
463 661 527 696 est
546 653 701 707 homo,
726 653 802 712 qui
827 652 978 695 timeat
1005 649 1276 695 Dominum?
1300 667 1320 690 »
1349 648 1475 693 Unde

86 723 239 784 incipit
266 723 419 768 ‘venire
449 721 504 767 ad
535 723 803 783 sapientiam.
834 741 853 764 «
879 725 1039 781 Legem
1069 729 1229 765 statuet
1254 715 1292 764 ei
1314 720 1359 763 in
1381 718 1473 774 via,

89 813 110 837 >›
145 811 277 856 quam
301 795 470 854 elegit2.
492 813 512 836 »
530 798 689 853 Legem
707 802 868 838 statuet
891 794 930 837 ei
950 793 996 837 in
1017 793 1109 848 via,
1129 807 1261 853 quam
1277 790 1391 835 liber
1405 806 1478 851 ap-

86 865 335 926 prehendit,
356 881 412 910 ne
433 867 614 926 impune
629 867 721 926 jam
742 874 908 927 peccet.

144 950 273 1000 XIII.
297 966 318 990 «
337 947 493 993 Anima
512 949 602 1008 ejus
619 947 664 991 in
680 947 806 992 bonis
825 945 1141 1000 demorabitur,
1163 954 1206 989 et
1223 959 1369 989 semen
1387 944 1478 1004 ejus

89 1036 110 1060 »
144 1016 399 1063 haereditate
425 1016 665 1078 possidebit
686 1019 886 1062 terram3.
920 1035 940 1059 »
966 1019 1023 1061 Et
1045 1030 1154 1075 opus
1177 1016 1268 1076 ejus
1287 1013 1479 1059 haeredi-

87 1097 221 1133 tatem
243 1087 425 1133 solidam
446 1087 673 1132 instaurati
695 1087 887 1148 corporis
908 1086 1164 1147 possidebit.

145 1174 267 1216 XIV.
293 1191 313 1214 «
337 1172 685 1216 Firmamentum
709 1179 774 1214 est
794 1170 1004 1215 Dominus
1026 1168 1275 1213 timentium
1298 1167 1434 1211 eum⁴.
1456 1185 1477 1209 »

86 1243 368 1288 Infirmorum
390 1241 565 1288 videtur
587 1257 676 1286 esse
699 1241 845 1296 timor,
871 1241 947 1285 sed
968 1241 1293 1284 firmamentum
1316 1246 1379 1282 est
1398 1240 1481 1282 Do-

86 1313 231 1359 minus
254 1313 502 1358 timentium
523 1328 640 1357 eum.
661 1314 718 1356 Et
735 1327 897 1356 nomen
916 1310 1091 1356 Domini
1119 1308 1240 1370 quod
1270 1307 1483 1368 glorifica-

87 1393 182 1429 tum
204 1393 268 1429 est
294 1399 372 1445 per
394 1383 547 1428 orbem
571 1392 782 1427 terrarum
798 1418 808 1437 ‚
834 1383 979 1426 firmat
1001 1382 1203 1426 timentes
1233 1396 1349 1424 eum.
1379 1398 1400 1422 «
1425 1381 1484 1423 Et

91 1475 112 1499 »
147 1465 456 1501 testamentum
478 1456 610 1515 ipsius
634 1464 685 1499 ut
706 1453 1008 1499 manifestetur
1030 1452 1127 1497 illis.
1154 1471 1174 1494 »
1206 1455 1264 1497 Et
1296 1450 1400 1496 facit
1431 1458 1482 1495 ut

88 1537 398 1573 testamentum
439 1527 572 1587 ipsius
614 1525 917 1571 manifestetur
959 1525 1064 1581 illis,
1106 1524 1209 1586 quia
1249 1521 1482 1567 haereditas

89 1600 249 1645 Christi
269 1607 416 1658 gentes
434 1607 557 1654 sunt,
579 1611 623 1642 et
645 1598 819 1642 termini
842 1607 983 1641 terrae.

147 1685 246 1728 XV.
276 1702 296 1725 «
318 1681 445 1727 Oculi
463 1682 548 1726 mei
570 1696 739 1740 semper
759 1679 812 1724 ad
839 1679 1105 1735 Dominum3
1129 1677 1231 1739 quia
1253 1678 1344 1737 ipse
1372 1674 1483 1720 evel-

92 1772 113 1796 »
148 1752 210 1798 let
230 1752 285 1798 de
307 1752 466 1814 laqueo
489 1751 618 1812 pedes
640 1753 798 1796 meos⁵.
830 1771 847 1792 »
874 1754 964 1796 Nec
986 1750 1163 1794 timeam
1185 1746 1378 1809 pericula
1400 1756 1484 1791 ter-

90 1839 217 1880 rena,
246 1822 354 1868 dum
376 1833 536 1868 terram
559 1838 649 1867 non
674 1822 847 1866 intueor
876 1841 884 1865 :
913 1821 1121 1882 quoniam
1154 1818 1228 1864 ille
1251 1833 1385 1880 quem
1414 1817 1484 1861 in-

90 1906 233 1951 tueor,
258 1893 415 1940 evellet
436 1893 492 1939 de
512 1894 670 1955 laqueo
692 1892 824 1954 pedes
843 1908 976 1937 meos.

149 1980 270 2022 XVI.
294 1995 314 2020 «
338 1976 521 2037 Respice
541 1977 587 2020 in
607 1991 693 2032 me,
720 1985 761 2020 et
785 1976 989 2020 miserere
1016 1973 1103 2017 mei
1125 1992 1134 2017 :
1156 1972 1366 2033 quoniam
1388 1970 1486 2015 uni-

92 2065 169 2094 cus
186 2057 230 2092 et
240 2063 407 2108 pauper
423 2063 518 2092 sum
536 2048 656 2105 egofi.
677 2066 696 2088 >›
714 2046 931 2100 Quoniam
949 2044 1102 2088 unicus
1118 2042 1324 2103 populus,
1340 2042 1485 2086 unicae

93 2119 298 2165 Ecclesiae
319 2129 408 2164 tuae
426 2134 599 2163 servans
619 2117 934 2172 humilitatem⁷
959 2131 1092 2177 quam
1115 2114 1238 2159 nulla
1255 2114 1484 2159 schismata

93 2190 163 2235 vel
179 2191 361 2236 haereses
382 2199 548 2234 tenent.

151 2275 295 2318 XVII.
320 2292 339 2327 (ς
362 2271 680 2317 Tribulationes
696 2270 837 2316 cordis
860 2271 946 2315 mei
967 2268 1269 2329 multiplicatae
1291 2268 1438 2312 sunt7.
1459 2285 1481 2308 »

97 2343 416 2389 Tribulationes
446 2343 587 2387 cordis
619 2343 727 2397 mei,
754 2341 1007 2386 abundante
1039 2340 1268 2400 iniquitate
1291 2347 1334 2382 et
1356 2336 1484 2381 refri-

95 2424 296 2475 gescente
317 2414 541 2469 charitate,
562 2412 864 2473 multiplicatae
887 2420 1003 2455 sunt.
1029 2430 1049 2453 (ι
1075 2414 1137 2455 De
1160 2408 1485 2453 necessitatibus

100 2505 120 2527 »
155 2486 260 2530 meis
286 2484 399 2529 educ
421 2500 505 2528 me.
541 2503 560 2525 n
588 2485 805 2537 Quoniam
838 2484 931 2527 haec
959 2481 1144 2527 tolerare
1174 2481 1283 2525 mihi
1312 2494 1486 2524 necesse

146 2588 154 2604 ¹
183 2581 262 2613 Psal.
278 2591 362 2622 xxiv,
386 2591 435 2612 11.
453 2597 495 2602 —
511 2585 523 2601 ²
538 2579 619 2611 Ibid.
643 2588 692 2611 12.
710 2578 784 2603 ...3
810 2579 889 2611 Ibid.
916 2579 965 2609 13.
986 2576 1153 2610 -41bid.
1178 2576 1227 2619 14.
1248 2594 1289 2599 —-
1309 2574 1418 2609 5lbid.
1433 2575 1483 2607 15.

100 2635 170 2660 —6
192 2637 272 2669 Ibid.
298 2636 348 2668 16.
372 2653 414 2659 —-
433 2643 446 2669 7
469 2635 549 2668 Ibid.
570 2646 620 2676 17.
