1833 3284
217 235 458 266 ENARRATIO
490 240 505 265 1
536 241 580 267 m
614 236 816 266 PsALMUM
849 238 1016 271 xxxm,
1051 235 1177 263 sams.
1213 237 1244 262 1.
1341 223 1424 262 517

45 315 187 359 passus
208 309 271 345 est
291 301 613 347 infirmitatibus
633 303 788 347 nostris
811 312 879 347 :et
900 302 999 347 ideo
1021 301 1161 347 voluit
1181 301 1318 361 ipsam
1331 315 1427 344 car-

43 386 144 415 nem
165 367 380 431 suscipere
394 407 404 427 ,
425 372 471 415 in
492 389 576 434 qua
593 382 777 417 mortem
796 372 1026 416 occideret.
1051 374 1311 431 Compassus
1324 384 1427 428 ergo

41 441 183 501 nobis,
199 442 420 487 affectasse
433 442 574 488 dictus
589 453 666 487 est.
685 442 788 487 Ideo
810 441 1334 502 reprehenditApostolus
1350 456 1427 504 *eos

41 512 118 573 qui
126 513 225 556 duri
233 521 350 567 sunt,
366 522 409 557 et
422 513 512 558 sine
520 514 696 558 affectu.
711 512 1050 573 Reprehendens
1064 513 1178 557 enim
1192 505 1423 572 quosdam,

42 583 101 627 ait
115 603 124 628 ε
143 602 163 625 «
179 583 278 628 Sine
291 584 466 639 affectu,
483 585 574 629 sine
586 585 876 629 misericordia
887 587 898 609 ¹
908 619 917 628 .
935 584 1052 628 »Ubi
1068 593 1131 628 est
1153 583 1350 638 affectus,
1365 582 1429 626 ibi

41 652 346 698 misericordia.
376 654 458 699 Ubi
470 653 762 699 misericordia
778 656 866 698 est?
878 654 1104 699 Miseratus
1120 663 1184 698 est
1200 669 1279 698 nos
1298 652 1429 697 desu-

40 738 131 783 per.
157 727 266 769 Nam
283 724 316 767 si
336 724 554 769 exinanire
569 741 613 769 se
630 725 782 779 nollet⁷
802 740 980 769 manens
998 724 1043 768 in
1060 740 1108 768 ea
1122 723 1261 768 forma
1277 724 1322 767 in
1340 739 1428 784 qua

41 793 219 854 aequalis
230 803 322 838 erat
333 795 448 839 Patri
460 795 763 855 sempiternus,
780 811 948 855 semper
960 811 1037 840 nos
1051 795 1096 839 in
1108 804 1247 839 morte
1262 809 1428 838 reman-

41 864 238 908 sissemus
264 883 274 909 ;
297 864 372 909 sed
394 874 444 908 ut
465 881 544 909 nos
566 865 620 909 de
641 874 780 910 morte
804 866 1064 925 sempiterna
1081 865 1284 909 liberaret
1300 900 1312 919 ,
1337 879 1426 925 quo

39 951 117 980 nos
138 945 366 995 peccatum
380 936 593 996 superbiae
610 936 870 997 perduxerat
885 972 895 990 ,
923 936 1169 981 humiliavit
1185 952 1229 981 se
1245 972 1256 990 ‚
1286 935 1429 980 factus

38 1007 238 1051 subditus
259 1023 398 1068 usque
430 1007 484 1052 ad
512 1017 719 1063 mortem⁷
744 1018 929 1053 mortem
961 1017 1108 1052 autem
1131 1008 1284 1052 crucis.
1309 1010 1428 1066 Ergo

40 1077 280 1134 affectavit,
320 1079 422 1139 quia
456 1079 655 1138 pervenit
686 1094 825 1139 usque
869 1078 923 1122 ad
958 1087 1144 1123 mortem
1178 1078 1333 1122 crucis.
1369 1080 1430 1122 Et

39 1147 246 1208 quoniam
269 1149 344 1209 qui
374 1149 655 1206 crucifigitur,
690 1149 737 1192 in
769 1148 890 1206 ligno
915 1148 1185 1205 extenditur3
1210 1157 1261 1191 ut
1281 1156 1429 1191 autem

38 1227 300 1277 tympanum
318 1219 414 1272 fiat,
435 1234 558 1273 caro,
574 1218 620 1262 id
641 1227 726 1272 est,
746 1219 911 1262 corium
924 1254 935 1273 ,
956 1219 1002 1261 in
1015 1218 1134 1276 ligno
1148 1217 1397 1262 extenditur
1414 1232 1424 1258 :

39 1288 207 1333 dictum
233 1297 324 1344 est,
351 1292 443 1333 «Et
465 1289 791 1348 tympanizabat
811 1324 821 1344 ‚
848 1307 867 1330 »
892 1288 940 1333 id
961 1298 1045 1344 est,
1071 1288 1425 1346 crucifigebatur,

38 1359 84 1403 in
103 1358 224 1418 ligno
246 1359 575 1404 extendebatur.
606 1359 908 1414 «Affectabat,
927 1378 947 1400 n
974 1358 1020 1403 id
1047 1368 1130 1414 est,
1157 1359 1365 1403 affectum
1383 1359 1429 1402 in

38 1445 117 1475 nos
137 1430 351 1485 habebat,
375 1439 426 1474 ut
448 1430 640 1474 animam
662 1445 785 1473 suam
808 1439 989 1489 poneret
1007 1445 1086 1489 pro
1110 1429 1265 1473 ovibus
1293 1429 1378 1472 suis
1393 1430 1426 1472 24

43 1520 64 1543 «
91 1501 444 1560 Tympanizabat.
469 1521 486 1542 »
513 1499 776 1553 Quomodo?
797 1499 865 1544 Ad
900 1500 1006 1544 ostia
1034 1500 1231 1544 civitatis.
1258 1500 1429 1544 Ostium

38 1571 166 1616 nobis
192 1581 256 1616 est
283 1574 406 1632 quod
434 1571 640 1631 aperitur⁷
667 1580 717 1614 ut
739 1571 967 1615 credamus
991 1572 1038 1615 in
1066 1574 1221 1616 Deum.
1247 1571 1429 1615 Clause-

39 1659 183 1687 ramus
214 1643 322 1687 ostia
354 1652 504 1687 contra
533 1644 777 1698 Christum,
818 1652 858 1687 et
888 1658 1193 1702 aperueramus
1226 1642 1427 1700 diabolo3

37 1723 188 1759 contra
210 1714 344 1759 vitam
367 1722 574 1757 aeternam
597 1713 792 1757 clausum
821 1729 895 1757 cor
918 1713 1185 1756 habebamus
1212 1733 1220 1758 :
1253 1712 1325 1756 ille
1339 1729 1429 1773 ‚au-

38 1794 127 1830 tem
148 1785 359 1830 Dominus
386 1787 500 1829 Deus
530 1794 692 1840 noster,
717 1784 819 1845 quia
846 1783 1041 1828 clausum
1063 1799 1137 1828 cor
1158 1784 1429 1828 habebamus

1 1909 3 1911 ι
37 1856 235 1900 homines
260 1855 464 1900 adversus
486 1855 621 1899 vitam
649 1864 879 1910 aeternam,
906 1870 987 1898 nee
1009 1864 1258 1913 poteramus
1280 1854 1429 1900 videre

38 1926 235 1970 Verbum
258 1925 376 1986 quod
397 1924 548 1969 vident
567 1925 744 1982 Amgeli,
770 1940 898 1969 eruce
920 1925 1143 1984 aperiabat
1163 1925 1295 1969 corda
1311 1940 1430 1970 mor-

39 1996 190 2040 talium
203 2031 214 2052 ,
236 1997 321 2040 hoc
335 2005 419 2051 est,
445 1995 770 2055 tympanizabat
792 1994 848 2039 ad
865 1996 971 2039 ostia
990 1995 1187 2040 civitatis.

96 2069 154 2111 X.
194 2055 215 2109 ξ(
239 2069 297 2111 Et
322 2065 544 2110 serebatur
564 2066 610 2109 in
644 2066 844 2110 manibus
866 2066 951 2109 suis
967 2067 998 2109 3.
1024 2084 1044 2106 »
1073 2068 1165 2110 Hoc
1186 2081 1310 2121 vero,
1339 2065 1433 2110 fra-

38 2147 148 2193 tres,
187 2137 410 2199 quomodo
440 2146 584 2197 posset
610 2137 704 2181 fieri
731 2137 778 2181 in
810 2138 1014 2192 homine,
1053 2138 1149 2198 quis
1184 2136 1431 2195 intelligat?

39 2209 144 2261 Quis
165 2209 282 2252 enim
295 2217 495 2269 portatur
512 2208 557 2252 in
578 2208 780 2252 manibus
796 2209 908 2252 suis?
924 2207 1128 2252 Manibus
1147 2206 1330 2252 aliorum
1348 2223 1430 2267 po-

39 2287 123 2322 test
157 2279 321 2338 portari
352 2279 512 2334 homo,
547 2279 749 2322 manibus
781 2279 866 2322 suis
895 2294 1024 2323 nemo
1062 2287 1277 2339 portatur.
1304 2281 1428 2332 Quo-

38 2348 171 2393 modo
194 2348 463 2408 intelligatur
490 2350 535 2393 in
568 2349 660 2409 ipso
682 2349 819 2393 David
847 2348 1087 2393 secundum
1120 2349 1310 2393 litteram
1338 2364 1430 2393 non

40 2419 281 2463 invenimus
296 2455 307 2474 ‚
333 2419 379 2463 in
396 2419 568 2464 Christo
588 2429 733 2463 autem
756 2419 1016 2464 invenimus.
1051 2419 1291 2463 Ferebatur
1313 2419 1430 2463 enim

41 2489 237 2534 Christus
268 2489 316 2532 in
346 2489 548 2533 manibus
581 2490 693 2545 suis,
732 2489 909 2550 quando
938 2487 1255 2534 ‚commendans
1283 2489 1426 2548 ipsum

91 2579 99 2594 ¹
125 2575 214 2605 Rom.
235 2584 258 2614 ι,
279 2573 333 2606 3¹.
353 2590 394 2595 —
417 2581 429 2595 ²
448 2575 538 2605 Joan.
556 2585 590 2610 x,
615 2573 727 2605 151-
752 2572 765 2595 3
791 2574 990 2615 rReg.xx1‚
1012 2574 1061 2605 13.
