1833 3284
381 280 621 312 munaum
653 285 698 312 m
729 283 932 313 PsALMnM
964 285 1039 312 xx.
1315 273 1393 311 281
1422 298 1427 301 -

17 355 212 408 tempora
233 346 380 393 saeculi
397 348 526 409 hujus
540 384 551 404 ,
576 364 676 409 quae
694 349 874 394 haberet
892 348 1082 394 Ecclesia
1095 383 1106 404 ,
1131 356 1174 393 et
1197 346 1402 409 deinceps

15 419 303 464 aeternitatem
323 419 369 464 in
391 418 601 464 saeculum
618 420 781 465 saeculi,

74 491 152 535 VI.
178 509 199 533 «
221 492 380 550 Magna
401 498 465 535 est
487 490 622 549 gloria
643 492 733 551 ejus
750 491 796 536 in
813 490 952 535 salute
969 499 1045 534 tua
1062 491 1094 534 ¹.
1113 507 1135 532 »
1159 493 1318 549 Magna
1341 500 1404 535 est

15 559 194 621 quidem
213 560 349 620 gloria
370 561 461 621 ejus
477 561 523 605 in
542 560 703 618 salute,
733 578 820 623 qua
842 577 944 606 eum
961 560 1237 605 resuscitasti.
1264 580 1284 603 «
1303 560 1405 605 Glo-

17 649 40 674 »
73 632 182 676 riam
204 641 249 678 et
277 647 487 692 magnum
508 631 711 678 decorem
729 635 925 694 impones
946 647 1076 692 super
1097 647 1199 676 eum
1216 635 1249 676 2.
1273 649 1294 673 »
1318 633 1404 676 Sed

15 702 159 748 adhuc
175 702 356 763 gloriam
371 712 415 748 et
430 719 639 764 magnum
654 704 858 749 decorem
872 702 1007 749 addes
1029 703 1084 759 ei,
1105 718 1208 748 cum
1228 703 1275 747 in
1292 701 1406 749 coelo

14 772 248 819 collocabis
269 771 327 818 ad
349 772 573 819 dexteram
595 784 732 819 tuam.

73 846 170 889 VII.
190 845 440 898 «Quoniam
459 844 581 891 dabis
602 846 640 890 ei
659 844 1010 890 benedictionem
1031 845 1077 888 in
1098 843 1309 889 saeculum
1333 859 1406 888 sae-

15 932 38 958 >›
73 914 161 960 culi
175 917 206 960 3.
226 933 247 958 »
270 917 374 960 Haec
391 925 455 961 est
470 916 741 973 benedictio,
766 931 899 977 quam
922 915 961 959 ei
983 915 1107 960 dabis
1127 915 1174 959 in
1196 914 1405 959 saeculum

0 985 177 1052 gsaeculi.
207 1005 228 1029 «
246 987 506 1032 Laetificabis
527 1003 630 1032 eum
651 989 696 1032 in
719 986 878 1046 gaudio
901 1001 1004 1031 cum
1021 985 1148 1031 vultu
1167 995 1259 1031 tuo.
1284 1004 1304 1027 »
1328 988 1406 1031 Se-

0 1057 208 1103 ,cundum
229 1058 454 1104 hominem
482 1057 721 1105 laetificabis
742 1074 843 1104 eum
865 1075 967 1104 cum
988 1058 1116 1104 vultu
1143 1068 1221 1104 tuo
1237 1094 1248 1114 ,
1274 1073 1407 1119 quem

0 1127 176 1174 'levavit
197 1128 253 1174 ad
274 1138 332 1174 te.

0 1199 2 1256 ζ
71 1201 193 1244 VIII.
215 1200 470 1254 «Quoniam
487 1215 561 1245 rex
583 1210 727 1261 sperat
747 1201 794 1245 in
816 1201 1019 1246 Domino.
1043 1219 1064 1242 >›
1088 1200 1307 1255 Quoniam
1331 1215 1404 1244 rex

0 1279 104 1328 mon
125 1271 336 1331 superbit,
361 1271 438 1316 sed
456 1271 632 1317 humilis
654 1271 785 1318 corde
806 1282 949 1333 sperat
964 1273 1011 1316 in
1027 1273 1227 1318 Domino.
1251 1291 1270 1314 «
1288 1274 1345 1315 Et
1362 1272 1406 1316 in

0 1338 39 1402 i»
72 1341 281 1387 Altissimi
302 1342 594 1388 misericordia
617 1360 707 1389 non
728 1344 1118 1389 commovebitur&
1145 1362 1165 1385 »
1184 1346 1242 1388 Et
1264 1343 1310 1386 in
1332 1342 1409 1387 Al-

0 1407 168 1474 }tissimi
183 1413 476 1459 misericordia
490 1431 580 1460 non
597 1415 880 1461 conturbabit
898 1415 1189 1461 humilitatem
1204 1416 1240 1476 ej
1247 1430 1295 1459 us
1308 1414 1411 1460 obe-

0 1475 178 1529 ⁵dientia
199 1500 340 1545 usque
361 1486 417 1530 ad
439 1495 625 1531 mortem
648 1486 803 1531 crucis.

74 1556 152 1599 IX.
189 1574 210 1598 «
235 1556 487 1601 Inveniatur
506 1573 662 1602 manus
695 1566 770 1602 tua
793 1556 996 1602 omnibus
1018 1557 1202 1601 inimicis
1225 1557 1309 1601 tuis
1325 1558 1356 1600 ⁵.
1384 1573 1406 1597 »

14 1627 282 1684 Inveniatur,
308 1643 334 1673 ο
356 1643 430 1673 rex
447 1664 458 1684 ,
483 1637 672 1689 potestas
691 1637 767 1674 tua
784 1664 795 1684 ,
822 1644 923 1674 cum
945 1628 1001 1672 ad
1020 1626 1311 1689 judicandum
1337 1643 1408 1672 ve-

16 1698 153 1754 neris,
188 1699 391 1744 omnibus
422 1699 607 1744 inimicis
631 1700 737 1755 tuis,
763 1699 839 1760 qui
867 1715 962 1743 eam
983 1699 1030 1743 in
1051 1698 1299 1743 humilitate
1333 1708 1407 1743 tua

15 1783 108 1812 non
133 1768 455 1815 intellexerunt.
486 1773 712 1815 «Dextera
742 1780 818 1815 tua
852 1770 1044 1815 inveniat
1076 1785 1225 1814 omnes
1258 1771 1335 1830 qui
1365 1779 1409 1814 te

19 1856 42 1882 »
77 1838 306 1884 oderuntss.
326 1858 346 1882 »
361 1839 557 1897 ClaritaS,
578 1857 665 1902 qua
686 1856 840 1901 regnas
858 1839 913 1884 ad
930 1841 1151 1884 dexteram
1169 1841 1322 1896 Patris,
1336 1841 1407 1885 in-

16 1909 164 1956 veniat
184 1910 231 1954 in
247 1909 319 1955 die
330 1910 483 1971 judicii
503 1912 748 1971 puniendos
763 1927 912 1956 omnes
929 1911 1006 1972 qui
1020 1920 1062 1956 te
1080 1911 1291 1964 oderunt3
1309 1912 1411 1972 quia

17 1995 138 2025 nunc
158 1981 239 2041 ipsi
260 1997 351 2026 non
367 1981 632 2026 invenerunt
649 1997 760 2025 eam.

77 2053 134 2095 X.
164 2071 185 2094 «
210 2054 349 2097 Poncs
371 2067 443 2096 eos
466 2061 516 2096 ut
539 2051 762 2097 clibanum
779 2052 905 2112 ignis.
930 2070 950 2094 »
977 2053 1225 2098 Constitues
1248 2069 1319 2098 eos
1342 2069 1412 2098 ar-

19 2120 170 2167 dentes
192 2122 448 2167 intrinsecus
463 2158 474 2178 ,
500 2123 762 2167 conscientia
784 2123 1018 2183 impietatis
1041 2140 1146 2168 suae.
1177 2143 1197 2166 «
1224 2127 1276 2168 In
1298 2133 1413 2168 tem-

23 2212 44 2251 ῃ
78 2208 184 2253 pore
216 2193 364 2239 vultus
407 2195 487 2239 tui.
521 2212 542 2236 »
582 2198 634 2238 In
666 2204 863 2254 tempore
910 2194 1268 2240 manifestationis
1308 2205 1410 2241 tuae.

24 2283 46 2307 «
79 2265 289 2310 Dominus
316 2266 362 2309 in
383 2267 446 2310 ira
474 2281 550 2311 sua
574 2266 859 2310 conturbabit
891 2281 963 2311 eos
979 2302 989 2322 ,
1023 2276 1066 2311 et
1089 2265 1318 2312 devorabit
1343 2283 1416 2312 eos

11 2352 46 2395 ¹»
79 2335 231 2393 ignis⁷.
261 2354 281 2377 »
308 2335 474 2381 Deinde
507 2337 756 2381 conturbati
785 2338 978 2382 vindicta
999 2339 1199 2393 Domini,
1223 2348 1321 2398 post
1343 2355 1416 2383 ac-

22 2406 290 2451 cusationem
310 2407 602 2463 conscientioe,
628 2408 853 2453 dabuntur
874 2409 963 2469 igni
977 2419 1141 2454 aeterno
1158 2409 1411 2455 devorandi.

83 2479 163 2521 XI.
197 2496 217 2520 (ι
238 2480 450 2522 Fructum
472 2477 648 2523 illorum
667 2478 721 2523 de
747 2489 856 2524 terra
877 2479 1045 2540 perdes.
1074 2499 1094 2522 »
1121 2483 1335 2525 Fructum
1358 2481 1413 2525 il-

13 2596 16 2604 ,
72 2567 83 2583 ¹
104 2561 184 2593 Psal.
206 2572 261 2604 xx,
278 2562 315 2596 6.‘
330 2580 371 2585 —
390 2562 501 2596 ²1bid.
515 2561 581 2587 —3
602 2563 681 2596 Ibid.
698 2576 714 2607 7
750 2563 818 2595 —4
838 2564 920 2597 Ibid.
947 2567 979 2598 8.
997 2582 1038 2588 -—
1057 2563 1166 2597 51bid.
1183 2577 1216 2608 9.
1238 2583 1279 2589 —
1300 2563 1315 2588 ὓ
1330 2565 1411 2598 Ibid.

27 2633 69 2641 -
87 2624 101 2650 7
120 2617 200 2652 thid.
227 2630 277 2651 10.
