1833 3284
415 276 656 306 ENARRATIO
689 279 733 305 IN
767 277 971 305 PsALMUM
1003 278 1046 304 x.
1344 265 1428 303 223

39 342 270 387 candidam
285 378 296 398 ,
322 352 366 387 et
387 358 439 386 ex
457 341 636 392 dimidia
663 343 918 398 obscuram,
943 342 976 386 si
1004 355 1100 385 eam
1122 328 1307 400 partein,
1332 356 1431 401 quae

39 413 223 457 obscura
247 421 331 468 est,
358 422 457 456 ante
475 411 624 457 oculos
639 414 800 457 habeas
815 448 826 468 ,
851 411 962 455 nihil
990 410 1189 455 candoris
1210 409 1330 454 vides
1352 429 1361 454 :
1387 418 1431 453 et

41 498 142 527 cum
165 483 349 542 coeperis
361 482 480 526 illam
499 482 729 527 candidam
747 492 914 543 partem
928 481 984 525 ad
996 480 1145 539 oculos
1158 489 1428 535 convertere,

41 554 76 598 si
96 553 306 613 paulatim
321 552 471 608 facias,
492 554 632 613 primo
646 570 811 598 cornua
832 552 1029 598 candoris
1051 551 1246 609 videbis,
1271 549 1433 595 deinde

42 624 252 685 paulatim
264 626 431 681 crescit,
447 624 586 670 donce
601 635 688 670 tota
705 642 801 686 pars
814 624 1004 670 candens
1017 632 1264 684 opponatur
1278 621 1432 678 oculis,

42 705 86 741 et
101 696 212 741 nihil
239 697 437 742 obscurae
465 697 640 742 alterius
663 698 794 758 partis
824 697 1026 742 videatur
1051 715 1060 740 ε
1087 694 1208 756 quod
1228 694 1264 739 si
1281 709 1431 754 perse-

41 783 163 812 veres
185 767 328 813 adhuc
362 768 574 828 paulatim
596 778 847 814 convertere
863 803 873 823 ,
907 767 1061 827 incipit
1081 765 1320 811 obscuritas
1354 780 1433 824 ap-

43 855 215 900 parere,
241 850 285 884 et
305 840 468 885 candor
489 841 649 896 minui,
670 840 810 885 donec
827 841 985 884 iterum
1007 838 1064 883 ad
1084 854 1248 883 cornua
1266 835 1432 892 redeat,

43 919 87 954 et
108 920 324 970 postremo
346 920 464 955 totus
497 912 552 955 ab
577 911 712 956 oculis
735 919 981 965 avertatur,
1007 925 1055 953 ac
1083 924 1230 952 rursus
1251 907 1436 951 obscura

43 980 118 1026 illa
135 997 231 1042 pars
249 981 338 1026 sola
359 982 492 1042 possit
513 981 649 1026 videri
672 1002 680 1026 z
706 980 828 1042 quod
849 980 942 1024 fieri
963 978 1141 1034 dicunt,
1162 993 1263 1022 cum
1284 976 1438 1020 lumen

41 1051 160 1096 lunae
181 1053 355 1097 videtur
366 1068 551 1097 crescere
569 1068 706 1113 usque
727 1051 783 1096 ad
801 1049 1243 1111 quintam-decimam
1260 1046 1431 1101 lunam,

46 1132 89 1167 et
105 1139 253 1168 rursus
266 1139 406 1184 usque
430 1123 484 1168 ad
499 1124 759 1168 tricesimam
780 1123 934 1177 minui,
955 1131 999 1165 et
1012 1120 1151 1165 redire
1170 1120 1227 1163 ad
1247 1134 1435 1173 cornua,

46 1193 187 1239 donec
208 1195 382 1255 penitus
399 1193 508 1238 nihil
532 1195 577 1237 in
598 1210 647 1238 ea
669 1192 777 1238 lucis
801 1202 1023 1253 appareat.
1050 1190 1302 1237 Secundum
1324 1190 1439 1234 hanc

46 1265 295 1326 opinionem
312 1265 418 1309 luna
432 1266 478 1308 in
499 1263 701 1324 allegoria
722 1265 935 1322 significat
961 1262 1200 1307 Ecclesiam
1217 1296 1227 1316 ,
1253 1258 1374 1321 quod
1388 1274 1441 1303 ex

9 1360 18 1369 =
46 1346 169 1396 parte
181 1335 361 1396 spiritali
373 1335 492 1380 lucet
505 1335 714 1390 Ecclesia,
729 1351 780 1379 ex
791 1344 912 1395 parte
923 1343 1068 1378 autem
1082 1332 1243 1377 carnali
1256 1332 1442 1376 obscura

48 1417 112 1452 est
136 1427 145 1452 z
173 1417 218 1452 et
248 1406 484 1467 aliquando
510 1406 711 1466 spiritalis
724 1422 820 1466 pars
838 1407 883 1450 in
904 1406 1030 1450 bonis
1045 1405 1250 1465 operibus
1262 1410 1443 1463 apparet

47 1479 321 1539 hominibus,
337 1478 574 1539 aliquando
599 1487 746 1522 autem
767 1478 812 1521 in
838 1476 1101 1522 conscicntia
1122 1475 1251 1530 latet,
1279 1490 1328 1518 ac
1351 1477 1443 1517 Deo

48 1549 356 1595 tantummodo
369 1559 472 1594 nota
484 1559 563 1605 est,
575 1565 674 1594 cum
687 1548 778 1593 solo
788 1564 968 1608 corpore
978 1556 1158 1607 apparet
1168 1544 1441 1600 hominibu53

48 1621 161 1666 sicut
173 1620 401 1679 contingit,
420 1635 520 1664 cum
537 1635 710 1664 oramus
732 1619 777 1663 in
795 1618 926 1663 corde
941 1653 951 1673 ,
977 1627 1021 1661 et
1042 1617 1165 1678 quasi
1186 1614 1297 1660 nihil
1317 1628 1444 1673 agere

48 1690 266 1747 videmur,
284 1690 391 1735 dum
408 1707 498 1735 non
514 1690 570 1735 ad
584 1699 758 1745 terram,
776 1688 853 1733 sed
870 1703 1040 1733 sursum
1057 1687 1189 1732 corda
1203 1685 1445 1744 habereju-

49 1762 205 1807 bemur
225 1761 282 1807 ad
297 1762 549 1808 Dominum.
566 1760 652 1806 Alii
665 1771 811 1806 autem
829 1760 984 1804 dicunt
1004 1775 1095 1804 non
1111 1758 1275 1802 habere
1292 1755 1443 1800 lunam

49 1832 201 1877 lumen
214 1833 440 1893 proprium
457 1868 468 1888 ,
483 1831 558 1876 sed
572 1848 594 1876 a
607 1831 696 1876 sole
708 1830 914 1875 illustrari
934 1850 942 1874 2
961 1833 1039 1874 sed
1055 1827 1234 1890 quando
1249 1842 1351 1872 cum
1368 1825 1445 1870 illo

51 1914 130 1960 est,
149 1920 245 1948 eam
255 1913 422 1964 partem
441 1903 497 1947 ad
510 1919 588 1948 nos
602 1903 764 1947 habere
783 1919 869 1963 qua
891 1918 982 1946 non
997 1901 1258 1953 illustratur,
1282 1907 1326 1942 et
1346 1897 1446 1941 ideo

51 1975 208 2020 nihilin
230 1991 278 2020 ea
301 1975 410 2020 lucis
424 1974 560 2019 videri
583 1994 591 2018 ε
611 1990 712 2019 cum
728 1983 871 2018 autem
887 1973 1041 2032 incipit
1063 1971 1204 2016 abillo
1219 1969 1443 2025 recedere,

51 2046 259 2091 illustrari
280 2046 336 2091 ab
358 2061 407 2090 ea
424 2045 550 2090 etiam
569 2054 691 2105 parte
703 2080 713 2100 ,
731 2060 863 2105 cpiam
880 2044 1014 2087 habet
1026 2042 1081 2086 ad
1096 2052 1255 2086 terram
1271 2061 1282 2098 3
1306 2049 1350 2084 et
1367 2055 1447 2083 ne-

53 2118 235 2162 cessario
273 2117 464 2177 incipere
499 2133 521 2161 a
555 2116 782 2169 cornibus,
817 2114 956 2159 donec
987 2115 1062 2158 fiat
1100 2111 1449 2173 quinta-decima

54 2198 205 2233 contra
225 2188 360 2233 solem
382 2207 390 2232 :
416 2189 433 2245 (
453 2196 559 2231 tunc
577 2187 692 2230 enim
711 2185 801 2230 sole
823 2182 1050 2230 ceciderite
1066 2184 1226 2238 oritur,
1252 2191 1303 2227 ut
1321 2182 1445 2242 quis-

53 2260 150 2320 quis
171 2258 440 2310 occidentem
455 2258 589 2302 solem
603 2256 912 2311 observaverit,
930 2271 1031 2300 cum
1044 2270 1145 2299 eum
1161 2253 1343 2314 coeperit
1358 2267 1448 2296 non

54 2329 201 2375 videre
216 2365 227 2386 ,
251 2345 485 2375 conversus
506 2328 561 2373 ad
588 2328 834 2382 Orientem,
861 2327 1012 2370 lunam
1041 2340 1216 2384 surgere
1238 2323 1410 2367 videat:
1430 2324 1449 2380 )

56 2411 188 2462 atque
219 2401 323 2445 inde
355 2416 407 2444 ex
442 2399 524 2444 alia
549 2409 673 2459 parte
706 2414 808 2443 cum
838 2398 877 2441 ei
907 2397 1092 2457 coeperit
1128 2395 1445 2456 propinquare,

56 2469 176 2516 illam
190 2480 359 2532 partem
380 2470 436 2514 ad
456 2486 534 2515 nos
556 2478 832 2523 convertere,
857 2484 943 2528 qua
966 2483 1056 2512 non
1080 2466 1343 2519 illustratur,
1369 2464 1450 2509 do-

57 2557 138 2587 nec
161 2541 217 2587 ad
233 2557 397 2586 cornua
418 2540 592 2595 redeat,
618 2549 748 2600 atque
778 2538 880 2582 inde
903 2538 1081 2583 omnino
1103 2553 1193 2582 non
1211 2543 1416 2596 appareat
1437 2553 1446 2578 :

59 2612 161 2673 quia
182 2621 289 2656 tunc.
306 2627 420 2672 pars,
441 2626 541 2671 quoe
561 2609 819 2665 illustratur,
841 2624 1012 2654 sursum
1026 2617 1090 2653 est
1111 2606 1168 2652 ad
1181 2606 1369 2664 coelumj,
1394 2604 1450 2649 ad
