1833 3284
413 202 495 242 418
855 217 890 242 s.
925 214 1155 244 AUGUSTffll
1191 217 1371 245 Episcom

411 278 530 338 apud
551 294 682 339 quem
700 295 789 324 non
810 288 874 323 est
895 280 1249 341 iniquitas¹.Non
1273 283 1389 326 enim
1412 281 1485 326 ille
1501 297 1705 343 personas
1727 300 1803 329 ac-

411 350 517 409 cipit
535 385 546 403 ,
572 349 645 395 sed
669 351 841 395 occulta
859 351 973 396 illius
990 353 1157 413 justitia
1176 353 1255 397 tibi
1273 369 1362 398 sors
1375 363 1453 398 est.

470 423 590 465 XIV.
626 421 837 466 Attendat
859 423 1006 483 itaque
1028 424 1226 468 Charitas
1248 427 1420 479 Vestra,
1445 424 1591 469 videte
1615 426 1699 470 hoc
1731 426 1801 486 ip-

410 507 507 535 sum
529 491 904 552 quemadmodum
927 494 1124 538 firmetur
1145 495 1199 538 al)
1223 495 1418 554 apostolo
1435 499 1575 540 Petro.
1601 498 1713 540 Cum
1735 497 1801 541 Si-

410 577 513 606 mon
528 561 600 606 ille
615 566 772 622 Magus
786 564 1028 623 baptizatus
1044 582 1066 608 a
1077 564 1276 625 Philippo
1289 565 1531 609 adliaererct
1544 567 1598 621 ei,
1620 565 1800 611 credens

410 634 629 678 miraculis
667 634 823 678 divinis
863 635 984 679 factis
1017 635 1063 678 in
1105 646 1342 696 conspectu
1385 652 1463 681 suo
1487 640 1530 694 ²3
1585 647 1800 682 venerunt

408 706 605 767 Apostoli
637 706 691 750 ad
724 707 982 760 Samariam,
1011 707 1085 750 ubi
1103 707 1346 751 crediderat
1380 709 1509 751 etiam
1535 717 1578 752 et
1604 709 1695 768 ipse
1712 712 1799 754 Ma-

410 794 488 836 gus
510 814 519 832 ,
546 787 588 821 et
618 777 692 821 ubi
722 776 805 820 suit
828 778 1085 836 baptizatus,
1111 787 1153 821 ct
1173 779 1473 837 imposuerunt
1495 778 1688 838 Apostoli
1709 794 1800 824 ma-

406 866 488 893 nus
500 849 752 893 hominibus
768 849 1006 908 baptizatis,
1023 859 1065 893 et
1080 860 1340 909 acceperunt
1360 851 1565 910 Spiritum
1580 860 1795 907 sanctum,

405 930 447 964 et
469 930 700 980 coeperunt
721 920 878 979 linguis
897 920 1033 981 loqui.
1052 920 1301 965 Admiratus
1317 931 1379 965 est
1404 921 1501 976 1110,
1529 931 1571 965 et
1594 922 1799 982 0511111ρο-

405 990 546 1035 iactus
564 1001 686 1035 tanto
714 991 863 1034 divino
886 992 1118 1046 miraculo,
1146 992 1266 1052 quod
1292 992 1346 1036 ad
1370 993 1686 1052 impositionem
1710 994 1796 1037 hu-

403 1078 632 1106 manarum
656 1078 864 1106 manuum
877 1063 995 1106 venit
1014 1063 1196 1122 Spiritus
1221 1073 1410 1117 sanctus,
1433 1073 1476 1107 et
1498 1063 1694 1123 implevit
1710 1065 1791 1109 ho-

404 1135 541 1178 mines
560 1154 568 1179 ;
594 1144 637 1179 et
659 1133 917 1178 desideravit
935 1135 1077 1189 istam,
1103 1151 1191 1179 11011
1207 1136 1403 1194 gratiam,
1430 1135 1503 1179 sed
1519 1137 1758 1195 potentiam
1780 1158 1791 1194 3

402 1221 489 1250 non
515 1205 632 1249 unde
650 1205 923 1261 liberaretur,
948 1205 1022 1249 sed
1046 1206 1163 1250 unde
1187 1206 1468 1250 extolleretur
1490 1226 1498 1251 :
1525 1216 1567 1251 at
1590 1200 1671 1251 ubi
1685 1206 1796 1251 desi-

402 1277 569 1321 deravit
601 1277 684 1321 1100
701 1313 711 1332 ,
752 1287 795 1321 et
824 1276 1019 1337 implevit
1041 1278 1240 1338 superbia
1264 1294 1338 1322 cor
1367 1280 1481 1339 ejus,
1509 1289 1551 1322 ct
1573 1278 1791 1324 diabolica

400 1350 598 1409 impietas
614 1359 657 1394 et
674 1348 887 1393 celsitudo
916 1348 1171 1408 dejicienda,
1197 1350 1257 1394 ait
1279 1351 1518 1410 Apostolis:
1539 1354 1791 1405 «Quantam

399 1421 530 1466 vultis
551 1421 781 1482 pecuniam
800 1437 821 1464 a
838 1436 904 1464 me
924 1422 1133 1481 accipere,
1152 1432 1200 1466 ut
1213 1424 1319 1467 etad
1337 1438 1530 1467 mearum
1545 1424 1788 1483 impositio—

398 1510 500 1538 nem
528 1509 739 1537 manuum
771 1492 985 1552 accipiant
1014 1493 1211 1537 homines
1236 1494 1441 1554 Spiritum
1462 1505 1678 1539 sanctum.
1705 1495 1791 1549 Qui

397 1566 623 1629 quaerebat
647 1565 869 1610 saecularia
887 1601 898 1620 ,
935 1565 1010 1625 qui
1034 1565 1078 1608 in
1102 1565 1286 1609 circuitu
1324 1565 1549 1610 accolebat
1568 1602 1578 1621 ‚
1605 1567 1791 1626 pecunia

396 1639 567 1700 putavit
581 1654 704 1699 posse
726 1654 769 1682 se
785 1652 928 1681 emere
949 1637 1115 1681 donum
1134 1637 1224 1681 Dei.
1247 1638 1329 1691 Qui
1353 1654 1396 1681 se
1411 1639 1581 1698 putavit
1603 1639 1789 1699 pecunia

393 1725 645 1770 comparare
666 1708 874 1769 Spiritum
897 1717 1112 1764 sanctum,
1139 1708 1268 1751 etiam
1293 1708 1524 1767 Apostolos
1547 1725 1696 1754 avaros
1717 1726 1788 1754 ar—

393 1781 580 1825 bitratus
608 1790 692 1835 est,
718 1780 827 1823 sicut
850 1788 942 1823 erat
965 1779 1053 1839 ipse
1076 1779 1235 1838 impius
1258 1788 1300 1822 et
1315 1781 1542 1839 superbus.
1565 1781 1786 1826 Continuo

395 1855 547 1896 Petrus
573 1871 581 1896 z
613 1871 632 1892 «
656 1851 843 1896 Pecunia
863 1859 937 1893 tua
954 1886 964 1905 ,
982 1850 1151 1910 inquit,
1177 1859 1321 1893 tecum
1338 1850 1391 1893 sit
1412 1850 1455 1893 in
1476 1850 1782 1910 perditionem,

398 1944 415 1965 »
451 1924 550 1984 quia
573 1922 825 1967 existimasti
839 1921 1005 1966 donum
1021 1921 1095 1966 Dei
1115 1921 1298 1980 pecunia
1321 1922 1577 1981 comparari.
1602 1926 1698 1968 Non
1722 1933 1787 1969 est

395 2016 414 2037 »
451 1995 532 2038 tibi
555 2010 644 2038 sors
662 2009 805 2054 neque
824 2009 921 2053 pars
938 1993 982 2036 in
1005 1993 1091 2035 fide
1114 1993 1218 2036 hac3
1242 2011 1250 2036 ε
1271 2012 1289 2033 »
1314 1992 1358 2036 id
1376 2002 1460 2047 est,
1489 2009 1578 2037 non
1596 1995 1784 2053 pertines

390 2066 445 2110 ad
469 2067 595 2110 istam
618 2066 797 2124 gratiam
811 2100 821 2119 ,
842 2079 974 2124 quam
995 2063 1122 2121 gratis
1139 2079 1290 2107 omnes
1308 2064 1563 2124 accipimus,
1579 2066 1680 2125 quia
1704 2082 1784 2126 pe-

388 2138 515 2182 cunia
530 2147 573 2182 te
594 2146 722 2197 putas
739 2152 880 2180 emere
896 2134 1015 2196 quod
1029 2136 1156 2195 gratis
1169 2134 1312 2179 datur.
1335 2139 1399 2180 Ex
1420 2153 1471 2181 eo
1494 2147 1638 2181 autem
1662 2139 1784 2199 quod

388 2209 518 2267 gratis
545 2208 691 2262 datur,
716 2223 805 2252 sors
830 2216 1035 2251 vocatur:
1065 2225 1084 2247 «
1101 2209 1197 2251 Non
1223 2216 1286 2251 est
1309 2207 1389 2251 tibi
1410 2224 1499 2252 sors
1518 2224 1660 2270 neque
1683 2225 1781 2269 pars

391 2301 409 2322 »
446 2280 492 2324 in
525 2279 612 2324 fide
639 2279 735 2323 hac.
759 2299 775 2320 »
802 2281 887 2322 Ista
916 2276 1025 2333 dixi,
1054 2292 1109 2320 ne
1137 2293 1516 2337 expavesceremus
1541 2279 1662 2340 quod
1691 2281 1776 2336 ait,

390 2372 410 2394 «
447 2355 498 2396 In
533 2351 731 2395 manibus
753 2351 836 2394 tuis
860 2358 994 2394 sortes
1014 2363 1137 2392 meae.
1160 2369 1178 2389 n
1204 2351 1313 2403 Quae
1336 2359 1437 2394 sunt
1472 2350 1587 2394 enim
1613 2354 1780 2397 sortes?

385 2422 625 2468 Harreditas
658 2421 876 2467 Ecclesiae.
914 2423 1153 2480 Quousque
1190 2429 1254 2464 est
1284 2420 1512 2465 haereditas
1547 2421 1778 2482 Ecclesiae?
1832 2470 1833 2478 ἵ

384 2496 499 2539 inter
520 2509 630 2554 quos
649 2493 786 2537 fines?
813 2494 953 2552 Usque
977 2490 1032 2534 ad
1045 2505 1195 2535 omnes
1212 2491 1334 2535 fines.
1357 2492 1512 2536 «Dabo
1530 2492 1610 2537 tibi
1628 2502 1775 2552 gentes

432 2587 438 2602 ¹
463 2582 551 2611 Rom.
574 2589 618 2614 ix,
643 2589 652 2607 ι
668 2578 691 2617 ξ.
717 2594 754 2599 --
777 2584 788 2598 ²
809 2580 878 2609 Ant.
903 2587 969 2616 vin,
992 2576 1043 2617 13,
1063 2580 1095 2608 et
1110 2587 1198 2619 seqq.
1219 2593 1259 2598 »-
1287 2575 1298 2599 3
1320 2576 1397 2609 thid.
1419 2586 1474 2618 20,
1494 2587 1548 2609 21.

1821 3185 1833 3284 -4-·
