1833 3284
309 216 548 243 ΕΝΑιυιΑἰίω
584 219 613 242 ii
651 218 689 242 ir<
726 216 926 243 PSALMUM
961 221 1081 246 xxix.
1309 213 1391 250 369

8 280 221 324 fecerunt.
257 280 576 325 Confirmatum
607 288 670 324 est
699 280 743 323 in
775 279 987 324 catholica
1021 282 1134 337 fide,
1172 286 1393 330 hominem

9 350 150 406 illum,
176 366 307 412 quem
329 351 514 410 suscepit
539 351 752 411 Sapientia
776 352 876 406 Dei,
902 351 1011 395 nihil
1030 352 1173 396 minus
1194 356 1396 401 habuisse

9 436 140 482 quam
168 421 312 465 caeteri
334 421 557 476 homines7
581 431 793 481 quantum
820 421 1009 480 pertinet
1028 423 1083 466 ad
1106 423 1396 480 integritatem

7 502 200 538 naturae:
226 501 441 552 quantum
459 501 604 536 autem
631 493 687 536 ad
707 492 1005 537 excellentiam
1030 509 1253 553 personae7
1279 494 1399 539 aliud

7 579 140 624 quarn
162 563 307 607 caeteri
332 562 547 608 homines.
580 566 689 608 Nam
711 563 856 608 caeteri
882 564 1079 608 homines
1101 575 1284 624 possunt
1312 566 1411 610 dici<

7 633 236 694 participes
253 633 387 678 Verbi
406 633 498 688 nei,
520 633 732 678 habentes
745 634 938 678 Verbum
956 635 1033 679 Dei
1052 654 1060 679 ε
1082 635 1229 680 nullus
1252 646 1397 680 autem

6 720 158 750 eorum
179 713 323 765 potest
342 703 428 748 dici
450 706 643 748 Verbum
662 704 764 762 Dei3
789 704 909 764 quod
926 702 1068 749 dictus
1091 715 1154 749 est
1175 706 1270 762 ille,
1297 723 1397 751 cum

8 777 175 821 dictum
203 785 267 820 est
287 796 296 821 ε
327 794 347 818 «
368 776 563 820 Verbum
587 792 686 820 caro
709 775 873 820 factum
897 778 1000 821 est1.
1021 797 1038 818 »

65 850 144 891 ΙΙΙ.
179 850 277 892 Non
310 845 547 891 defuerunt
584 847 712 891 etiam
746 846 814 890 alii
843 846 1023 907 quidam
1051 863 1101 891 ex
1131 844 1224 907 ipso
1254 865 1398 894 errore

5 918 249 972 venientes,
281 917 358 977 qui
379 933 469 962 non
493 918 634 962 solum
657 927 849 961 mentem
871 917 1065 962 dicerent
1087 934 1175 963 non
1198 920 1400 964 habuisse

6 986 131 1032 illum
169 987 393 1032 hominem
409 1023 420 1043 ‚
456 987 737 1032 mediatorem
779 987 1002 1032 Christum
1034 988 1147 1032 inter
1180 992 1319 1033 Deum
1357 1001 1399 1034 et

6 1059 204 1105 homines
221 1095 231 1115 ,
261 1058 338 1104 sed
367 1075 448 1104 nec
476 1060 663 1104 animam
693 1079 702 1104 ε
728 1058 803 1103 sed
824 1068 997 1103 tantum
1020 1059 1250 1116 dixerunt,
1287 1065 1398 1106 Ver—

6 1131 113 1175 bum
147 1139 190 1175 et
218 1145 316 1174 caro
338 1139 452 1186 erat,
483 1140 527 1174 et
550 1131 692 1174 anima
716 1130 777 1173 ibi
799 1146 888 1174 non
916 1139 1007 1174 erat
1036 1131 1250 1187 humana⁷
1276 1148 1398 1176 mens

0 1201 67 1246 'ibi
90 1217 180 1246 non
201 1211 293 1246 erat
317 1202 524 1245 humana.
553 1205 646 1246 Hoc
669 1201 888 1245 dixerunt.
919 1201 1002 1246 Sed
1024 1203 1131 1262 quid
1154 1206 1272 1248 erat?
1293 1207 1402 1248 Ver·-

6 1272 112 1317 bum
134 1281 177 1316 et
199 1288 312 1316 caro.
330 1275 388 1316 Et
409 1273 511 1316 istos
534 1272 697 1331 respuit
716 1271 908 1315 Ecclesia
931 1272 1140 1317 catholica
1159 1309 1170 1328 ,
1197 1283 1240 1317 ct
1257 1274 1400 1334 expel-

7 1345 55 1390 lit
78 1359 149 1389 eos
170 1343 225 1387 ab
249 1342 403 1388 ovibus
419 1377 430 1398 ,
456 1352 499 1387 et
520 1359 543 1387 a
565 1341 749 1402 simplici
774 1352 817 1387 et
836 1359 938 1387 vera
963 1343 1047 1387 fide
1075 1364 1083 1389 :
1109 1354 1150 1389 et
1170 1346 1401 1390 confirma-

4 1426 99 1462 tum
115 1424 194 1470 est,
210 1413 582 1475 quemadmodum
601 1413 705 1468 dixi,
729 1413 952 1457 hominem
968 1413 1091 1458 illum
1116 1416 1397 1461 mediatorem

0 1486 207 1544 §habuisse
231 1486 376 1531 omnia
393 1485 596 1540 hominis,
613 1494 770 1545 praeter
787 1495 1032 1544 peccatum.
1057 1486 1098 1531 Si
1119 1487 1235 1531 enim
1259 1489 1397 1533 multa

0 1559 134 1623 ,gessit
155 1558 395 1603 secundum
420 1572 600 1616 corpus⁷
625 1572 675 1599 ex
692 1572 781 1616 quo
802 1555 1095 1615 intelligamus
1117 1558 1219 1618 quia
1242 1560 1398 1604 habuit

9 1646 162 1691 corpus
184 1631 336 1675 nonin
357 1628 612 1682 mendacio,
637 1627 711 1671 sed
736 1627 779 1670 in
808 1628 989 1671 veritate
1022 1648 1030 1672 :
1056 1638 1106 1672 ut
1130 1639 1255 1689 puta,
1283 1648 1395 1691 quo-

2 1701 137 1746 modo
158 1700 440 1759 intelligimus
463 1699 564 1758 quia
587 1698 743 1741 habuit
764 1700 947 1757 corpus?
965 1699 1241 1754 Ambulavst,
1267 1701 1392 1757 sedit,

5 1772 210 1822 ¹dormivit
226 1807 236 1827 ,
263 1770 600 1831 comprehensus
626 1778 689 1813 θεῖ
705 1804 715 1824 ‚
732 1768 973 1826 flagellatus
996 1779 1080 1825 est,
1102 1769 1396 1830 colaphizatus

2 1832 91 1903 ima
126 1843 356 1889 crucifixus
390 1851 453 1886 est
470 1877 480 1897 ‚
508 1850 708 1886 mortuus
731 1849 808 1884 est.
836 1840 957 1885 Tolle
980 1857 1158 1901 corpus,
1187 1843 1296 1887 nihil
1316 1845 1396 1890 ho-

7 1910 102 1968 rtum
127 1916 220 1960 fieri
241 1915 399 1975 potuit.
432 1913 665 1967 Quomodo
692 1927 792 1970 ergo
815 1927 867 1956 ex
894 1912 960 1956 his
982 1913 1152 1957 indiciis
1174 1916 1396 1973 cognosci-

8 1975 102 2032 ,inus
122 1986 166 2030 in
189 1985 430 2045 Evangelio
447 1985 546 2045 quia
569 1999 720 2029 verum
742 1999 899 2044 corpus
921 1985 1092 2040 habuit,
1114 1987 1225 2030 sicut
1242 1997 1284 2031 et
1306 1988 1396 2048 ipsc

12 2058 135 2107 retiam
158 2065 257 2117 post
277 2056 636 2100 resurrectionem
667 2054 776 2098 dixit
814 2074 821 2098 :
862 2073 879 2094 «
908 2054 1111 2115 Palpate7
1145 2066 1188 2100 et
1218 2057 1363 2102 videte
1381 2094 1392 2113 ⁷

11 2148 29 2188 ξ)
64 2128 166 2188 quia
189 2127 362 2187 spiritus
383 2140 557 2170 carnem
574 2134 616 2169 et
631 2141 723 2169 ossa
742 2141 829 2169 non
847 2125 1001 2179 habet,
1028 2126 1140 2170 sicut
1154 2142 1222 2171 me
1240 2127 1395 2173 videtis

12 2218 30 2247 w
63 2199 224 2243 habere
239 2200 255 2224 ²
280 2218 289 2244 :
315 2218 332 2239 »
354 2196 577 2259 quomodo
595 2212 644 2240 ex
667 2197 732 2241 his
755 2197 900 2251 rebus,
926 2212 975 2240 ex
997 2197 1062 2241 his
1081 2199 1285 2257 operibus
1307 2216 1396 2245 cre—

13 2268 148 2317 dimus
170 2279 213 2314 et
233 2268 516 2328 intelligimus
533 2277 577 2312 et
598 2268 798 2312 novimus
828 2268 931 2328 quia
953 2284 1107 2328 corpus
1130 2270 1286 2314 habuit
1308 2275 1395 2316 Do—

13 2341 151 2400 minus
172 2343 197 2385 J
201 2356 296 2385 esus
312 2375 323 2395 ‚
349 2340 407 2384 sic
421 2348 465 2383 θῖ
486 2354 535 2383 ex
552 2339 814 2400 quibusdam
838 2338 929 2383 aliis
947 2340 1099 2384 officiis
1122 2341 1394 2387 naturalibus

12 2412 106 2473 Quia
128 2411 284 2456 habuit
309 2410 513 2454 animam.
547 2410 749 2465 Esurire,
784 2410 923 2465 sitire,
956 2410 1111 2454 animae
1144 2421 1245 2456 sunt
1273 2414 1351 2458 ista
1382 2434 1390 2459 :

12 2481 111 2527 :olle
137 2482 351 2537 animam,
386 2496 543 2541 corpus
577 2481 671 2525 haec
701 2482 894 2538 exanime
927 2497 1017 2526 non
1038 2483 1212 2541 poterit.
1243 2485 1327 2529 Sed
1359 2484 1393 2530 si

20 2575 29 2606 ἰ4
56 2575 63 2590 ¹
84 2570 177 2601 Joan.
204 2578 227 2607 ι,
252 2565 303 2608 14.
328 2584 369 2590 —-
391 2574 403 2589 2
427 2568 614 2607 Lue.xx1v,
635 2566 687 2608 ὃς).

194 2631 315 2661 cxiv.
1105 2622 1154 2661 21,
