1833 3284
377 189 460 229 478
809 201 842 227 S.
879 200 1111 229 AnousTiM
1144 204 1325 230 Emscom

371 266 678 320 foeminarum,
698 265 876 325 quando
902 275 1056 310 amatae
1077 267 1271 327 ipsorum
1294 275 1571 327 componunt
1591 266 1689 312 illos
1707 282 1769 312 se-

373 337 571 382 cundum
606 335 754 381 oculos
785 353 884 382 suos
902 373 913 393 ,
943 338 976 382 si
1003 338 1104 398 ipsis
1124 338 1353 399 placeant,
1388 353 1479 383 non
1509 348 1666 383 curant
1696 354 1769 384 eos

374 407 535 468 quibus
570 407 827 467 displicent,
861 417 1066 468 putantes
1103 410 1184 453 sibi
1219 409 1420 454 sussicere
1457 409 1580 470 quod
1618 424 1770 454 earum

374 476 511 522 oculis
532 476 729 537 placent,
757 476 812 523 ad
835 494 942 538 quas
962 479 1170 524 affectant
1190 499 1198 525 :
1226 489 1270 524 et
1290 479 1550 541 plerumque
1569 480 1771 540 gravibus

373 548 629 609 displicent,
665 550 754 594 imo
787 565 957 610 semper
987 551 1192 610 gravibus
1221 550 1474 612 displicent,
1520 561 1564 596 et
1590 550 1771 596 meliore

367 621 536 681 judicio
570 620 968 680 reprehenduntur.
1006 625 1104 667 Non
1138 622 1251 667 bene
1287 632 1438 668 tonsus
1472 638 1540 679 es,
1572 622 1678 667 dicit
1705 622 1772 667 vir

374 693 514 751 gravis
536 691 696 737 lascivo
719 691 1007 749 adolescenti,
1040 709 1130 738 non
1152 703 1195 739 te
1219 693 1345 739 decet
1369 710 1471 739 cum
1491 693 1652 738 talibus
1675 693 1771 738 cin-

372 762 512 806 cinnis
547 763 765 807 incedere.
801 764 932 808 Novit
972 774 1120 809 autem
1151 764 1225 809 ille
1257 764 1435 826 capillos
1471 763 1568 810 illos
1605 763 1772 825 placere

374 834 519 878 nescio
542 835 614 878 cui
640 854 648 879 2
674 834 768 878 odit
790 844 832 878 te
856 835 1246 894 reprehendentem
1269 852 1373 881 vero
1389 836 1588 897 judicio,
1613 831 1656 880 et
1679 850 1772 880 ser-

372 914 446 949 vat
462 905 509 949 in
531 921 574 949 se
596 906 718 966 quod
732 905 873 966 placet
887 922 1090 967 perverso
1106 907 1301 953 consilio.
1319 908 1549 952 Inimicum
1565 916 1608 952 te
1625 916 1767 968 putat,

374 977 476 1036 quia
508 976 831 1036 turpitudinem
854 978 1006 1022 demis.
1034 980 1166 1038 Fugit
1187 979 1337 1025 oculos
1361 989 1482 1036 tuos,
1513 989 1557 1024 et
1592 979 1772 1025 omnino

375 1063 464 1092 non
488 1058 611 1092 curat
643 1064 734 1109 qua
764 1048 911 1107 regula
928 1051 1109 1110 justitiae
1132 1052 1492 1111 reprehendatur.
1521 1051 1565 1096 Si
1586 1065 1687 1109 ergo
1709 1048 1773 1093 illi

374 1135 464 1164 non
488 1133 641 1165 curant
669 1122 1000 1181 reprehensores
1021 1139 1220 1179 veraces,
1254 1134 1304 1168 ut
1335 1124 1421 1168 sint
1444 1123 1623 1168 formosi
1645 1121 1774 1167 falla-

374 1208 444 1236 ces
463 1213 475 1251 ς
510 1209 588 1238 nos
616 1194 660 1237 in
682 1193 748 1237 his
771 1194 901 1238 rebus
922 1195 969 1238 in
992 1196 1153 1256 quibus
1175 1195 1398 1256 placemus
1418 1195 1641 1256 sapientiae
1663 1194 1741 1239 Dei
1759 1229 1770 1249 ,

375 1263 586 1308 debemus
616 1281 768 1309 curare
796 1266 988 1311 irrisores
1019 1267 1223 1328 injustos,
1263 1283 1353 1312 non
1381 1268 1594 1312 habentes
1624 1266 1775 1311 oculos
1832 1276 1833 1292 ¹

378 1335 497 1379 unde
521 1335 699 1380 videant
716 1336 836 1397 quod
859 1342 1081 1383 amamus?
1100 1343 1203 1385 Haec
1225 1340 1464 1398 cogitantes
1485 1338 1591 1383 recti
1612 1337 1744 1383 corde
1758 1373 1771 1394 ‚

381 1426 401 1449 «
422 1407 706 1452 Confitemini
721 1408 908 1454 Domino
929 1410 975 1453 in
993 1410 1173 1467 cithara,
1191 1412 1236 1455 in
1250 1410 1454 1472 psalterio
1476 1409 1628 1455 decem
1646 1410 1777 1455 chor-

381 1496 401 1519 »
428 1478 582 1522 darum
606 1477 776 1539 psallite
792 1479 846 1524 ei.
884 1499 904 1522 »

437 1552 562 1594 VIII.
594 1570 614 1592 «
641 1552 827 1595 Cantate
849 1551 887 1595 ei
910 1552 1131 1597 canticum
1153 1556 1359 1598 novum'l.
1383 1572 1403 1595 »
1435 1552 1595 1598 Exuite
1624 1560 1776 1597 vetus-

379 1629 516 1665 tatem
548 1640 558 1666 :
591 1622 725 1666 nostis
759 1623 979 1668 canticum
1010 1640 1190 1669 novum.
1225 1628 1373 1671 Novus
1406 1625 1564 1680 homo,
1600 1626 1776 1670 Novum

383 1694 740 1749 Testamentum,
776 1710 941 1738 novum
976 1696 1211 1740 canticum.
1252 1699 1351 1741 Non
1387 1696 1577 1756 pertinet
1609 1708 1775 1740 novum

378 1764 601 1807 canticum
626 1764 682 1808 ad
703 1764 900 1810 homines
925 1775 1091 1810 veteres
1115 1786 1123 1811 ε
1146 1783 1237 1811 non
1258 1766 1369 1811 illud
1391 1767 1566 1811 discunt
1588 1766 1669 1811 nisi
1690 1766 1792 1810 hoa

378 1833 516 1877 mines
537 1834 664 1889 novi,
690 1837 883 1880 renovati
917 1851 995 1896 per
1018 1838 1200 1896 gratiam
1224 1853 1275 1881 ex
1296 1847 1536 1893 vetustate,
1562 1847 1606 1882 et
1639 1836 1778 1897 perti-

379 1915 531 1949 nentes
561 1907 653 1966 jam
682 1906 738 1950 ad
767 1909 1093 1952 Testamentum
1113 1911 1311 1965 Novum,
1345 1907 1468 1969 quod
1495 1917 1559 1953 est
1590 1923 1777 1967 regnum

379 1975 610 2021 coelorum.
637 1977 689 2021 Ei
712 1978 898 2038 suspirat
919 1979 1060 2023 omnis
1082 1995 1205 2024 amor
1229 1989 1398 2035 noster,
1429 1989 1473 2024 et
1493 1988 1641 2024 cantat
1667 1995 1776 2024 can-

378 2047 514 2092 ticum
542 2063 724 2092 novum.
751 2051 892 2094 Canet
923 2050 1143 2095 canticum
1167 2067 1353 2106 novum,
1379 2067 1469 2096 non
1490 2050 1662 2110 lingua,
1698 2048 1776 2095 scd

378 2119 481 2163 vita.
515 2138 535 2161 «
565 2121 750 2164 Cantate
785 2120 823 2163 ei
854 2121 1075 2165 canticum
1111 2137 1298 2178 novum,
1330 2123 1443 2167 bene
1469 2131 1641 2168 cantate
1662 2121 1716 2165 ei.
1749 2139 1773 2163 »

380 2190 547 2243 Quaerit
569 2190 871 2250 unusquisque
892 2191 1116 2251 quomodo
1139 2202 1286 2238 cantet
1306 2196 1413 2238 Deo.
1439 2195 1577 2238 Canta
1600 2192 1677 2248 illi,
1698 2191 1777 2237 sed

380 2260 472 2304 noli
494 2260 623 2304 male.
648 2263 746 2305 Non
766 2260 864 2305 vult
885 2261 1053 2306 offendi
1078 2279 1203 2307 aures
1238 2279 1352 2308 suas.
1376 2267 1494 2308 Bene
1515 2273 1658 2319 canta,
1681 2262 1776 2308 fra-

380 2340 461 2376 ter.
491 2333 533 2377 Si
553 2331 682 2376 alicui
703 2332 822 2378 bono
841 2333 1029 2378 auditori
1051 2335 1216 2380 musico
1231 2371 1242 2391 ,
1269 2335 1448 2396 quando
1477 2335 1557 2379 tibi
1579 2335 1742 2380 dicitur
1761 2354 1772 2380 ε

381 2404 519 2448 Canta
539 2413 589 2447 ut
610 2402 780 2463 placeas
800 2405 859 2460 ei,
884 2404 975 2449 sine
997 2404 1142 2467 aliqua
1163 2407 1451 2452 instructione
1472 2407 1650 2452 musicae
1671 2406 1775 2451 artis

380 2483 556 2519 cantare
579 2475 770 2535 trepidas
785 2511 796 2532 ,
831 2492 887 2522 ne
920 2476 1145 2538 displiceas
1179 2479 1364 2539 artifici3
1397 2479 1500 2541 quja
1520 2478 1644 2540 quod
1662 2479 1709 2524 in
1730 2487 1775 2524 te

431 2565 440 2582 ¹
455 2559 538 2592 Psal.
563 2571 664 2602 xxxxi,
685 2561 715 2593 3.
