1833 3284
400 265 646 296 ENARRAmo
678 270 724 297 nv
756 266 960 297 PsALMUM
991 269 1034 295 x.
1326 256 1410 304 225

23 347 126 377 cum
161 341 276 376 terra
305 332 614 391 obtegeretur,
649 333 786 379 videri
815 332 1042 393 perspicua
1066 330 1172 376 luna
1208 347 1298 377 non
1332 347 1413 392 po-

22 411 159 458 terat,
203 401 250 447 id
283 411 372 458 est,
397 402 590 448 Ecclesia
626 423 635 449 :
668 405 756 449 sive
782 404 977 463 ipsorum
1007 405 1251 460 Martyrum
1280 402 1414 447 caedi-

22 472 132 529 bus,
153 482 197 517 et
229 482 351 518 tanta
381 473 593 518 effusione
622 474 862 534 sanguinis,
893 483 1103 534 tanquam
1132 473 1207 518 illo
1237 472 1414 518 defectu

24 552 68 587 et
89 543 393 588 obscuratione
413 560 499 604 qua
515 554 743 589 cruentam
772 543 928 589 faciem
951 544 1057 589 luna
1074 543 1247 588 videtur
1264 554 1413 589 osten-

24 613 148 670 dere,
164 627 188 658 a
209 614 387 659 nomine
419 615 653 660 christiano
675 614 1010 659 deterrebantur
1041 615 1203 659 infirmi
1221 637 1232 673 3
1256 616 1302 660 in
1324 631 1414 676 quo

26 694 189 731 terrore
209 685 342 731 verba
359 685 508 731 dolosa
531 696 575 731 et
592 687 796 746 sacrilega
813 686 1121 748 jaculabantur
1142 696 1388 746 peccatores
1401 723 1411 742 ,

25 764 76 800 ut
97 756 227 800 etiam
240 764 380 801 rectos
395 756 526 801 corde
546 766 858 817 perverterent.
881 761 1028 802 Potest
1041 767 1085 802 et
1105 758 1160 803 de
1176 759 1241 802 his
1259 774 1415 818 pecca-

23 825 193 871 toribus
211 825 411 885 intelligi,
429 844 538 888 quos
551 826 742 872 Ecclesia
755 828 966 882 continet,
983 826 1103 888 quod
1120 837 1226 872 tunc
1238 828 1416 873 inventa

25 898 252 943 occasione
287 898 416 958 hujus
447 897 567 943 lunae
600 899 816 955 obscurae,
842 898 981 943 multa
1008 900 1302 944 commiserint
1325 903 1414 958 (7),

24 985 125 1029 quae
147 969 274 1014 nobis
296 970 531 1030 opprobria
553 986 672 1015 nunc
690 970 961 1031 objiciuntur
984 970 1039 1014 ab
1062 971 1297 1026 haereticis,
1314 987 1417 1015 cum

25 1055 176 1085 eorum
199 1048 395 1084 auctores
412 1056 462 1085 ea
487 1040 637 1085 fecisse
665 1040 879 1085 dicantur.
903 1041 994 1086 Sed
1009 1057 1190 1102 quoquo
1213 1041 1346 1085 modo
1375 1056 1419 1086 se

24 1110 185 1159 habeat
206 1109 325 1171 quod
343 1110 389 1154 in
411 1111 596 1155 obscura
620 1110 725 1155 luna
749 1110 913 1155 factum
943 1120 1033 1166 est,
1061 1128 1180 1156 nunc
1203 1111 1418 1156 catholico

25 1183 203 1228 nomine
239 1184 332 1228 toto
377 1184 482 1228 orbe
510 1183 670 1228 diffuso
701 1193 833 1244 atque
875 1183 1094 1229 celebrato
1114 1220 1124 1239 ,
1168 1183 1275 1244 quid
1311 1183 1419 1226 mihi

27 1263 90 1298 est
109 1253 340 1313 incognitis
362 1254 634 1315 perturbari?
658 1275 678 1297 <x
709 1257 760 1299 In
787 1255 974 1299 Domino
1006 1255 1124 1299 enim
1155 1253 1353 1311 confido,
1395 1272 1415 1295 »

26 1339 108 1370 nec
129 1324 260 1369 audio
277 1325 470 1370 dicentes
492 1325 647 1370 animae
671 1341 780 1370 meae
810 1345 818 1370 :
848 1345 868 1368 «
896 1325 1231 1385 Transmigrain
1253 1334 1439 1370 montes

30 1413 51 1437 »
77 1396 188 1440 sicut
201 1411 365 1455 passer.
391 1396 608 1449 Quoniam
631 1411 730 1440 ecce
757 1405 1004 1456 peccatores
1034 1395 1320 1440 intenderunt
1348 1412 1420 1440 ar-

30 1483 52 1507 »
70 1480 173 1510 cum
187 1501 198 1521 ,
219 1475 270 1510 ut
290 1466 496 1525 sagittent
517 1467 563 1509 in
580 1466 761 1510 obscura
778 1465 883 1509 luna
907 1475 1045 1510 rectos
1067 1464 1213 1510 corde.
1234 1484 1254 1507 »
1280 1469 1370 1511 Aut
1387 1466 1422 1511 si

29 1545 73 1581 et
93 1535 177 1581 iltis
194 1552 313 1581 nunc
335 1536 441 1580 luna
454 1536 625 1581 videtur
650 1537 831 1581 obscura
845 1572 855 1592 ,
891 1537 994 1597 quia
1022 1537 1237 1581 incertum
1264 1536 1422 1581 volunt

30 1607 203 1651 efficere
221 1623 321 1668 quae
344 1607 399 1652 sit
416 1607 662 1667 Catholica,
686 1616 730 1651 et
751 1623 845 1651 eam
870 1608 1056 1667 peccatis
1079 1607 1319 1652 carnalium
1335 1609 1420 1652 ho-

29 1677 222 1733 minum,
258 1693 368 1738 quos
391 1676 552 1728 multos
573 1677 770 1722 continet
782 1713 798 1733 ,
821 1687 1037 1722 conantur
1067 1694 1247 1737 arguere
1278 1698 1286 1723 ε
1312 1678 1421 1739 quid

29 1747 86 1792 ad
107 1763 208 1792 cum
230 1748 440 1807 per'tinet,
464 1748 541 1809 qui
561 1763 662 1792 vere
688 1748 818 1803 dicit,
848 1767 868 1790 «
895 1752 947 1793 In
968 1750 1154 1794 Domino
1176 1750 1415 1794 confit109»

31 1821 127 1873 Qua
147 1834 255 1863 voce
269 1834 312 1863 se
334 1818 519 1879 quisque
541 1827 585 1862 et
599 1817 870 1864 frumentum
889 1835 979 1863 esse
996 1820 1208 1875 ostendit,
1227 1829 1270 1864 et
1283 1835 1422 1880 usque

31 1888 87 1933 ad
106 1888 403 1941 ventilationis,
417 1898 588 1949 tempus
610 1888 754 1949 paleas
769 1889 1054 1933 tolerabiliter
1074 1890 1270 1933 sustinet.

90 1962 144 2004 V.
176 1978 196 2001 «
221 1963 274 2004 In
296 1960 482 2004 Domino
505 1974 606 2017 ergo
622 1958 812 2003 confido.
840 1978 860 2000 »
888 1959 956 2003 Illi
979 1960 1161 2004 timeant
1187 1960 1262 2020 qui
1286 1961 1424 2004 confi-

32 2030 146 2074 dunt
167 2030 214 2073 in
234 2030 412 2074 homine
426 2065 437 2085 ‚
468 2039 512 2074 et
531 2029 586 2073 de
607 2038 729 2089 parte
756 2029 944 2073 hominis
966 2046 1011 2074 se
1034 2046 1124 2074 6556
1147 2046 1306 2092 negare
1334 2046 1424 2075 non

32 2109 239 2160 possunt,
260 2115 338 2161 per
359 2101 482 2160 cujus
505 2115 635 2144 canos
661 2101 813 2159 jurant
838 2119 847 2143 ε
874 2109 918 2144 et
938 2115 1039 2144 cum
1068 2101 1115 2144 in
1148 2116 1346 2145 sermone
1368 2101 1424 2145 ab

33 2172 92 2216 eis
114 2172 326 2233 quaeritur
341 2207 352 2228 ,
375 2174 500 2234 cujus
521 2172 841 2217 communionis
857 2171 965 2227 sint,
991 2173 1072 2216 nisi
1091 2172 1145 2216 de
1166 2182 1289 2231 parte
1311 2172 1425 2217 illius

35 2257 80 2287 se
96 2258 186 2287 esse
202 2242 370 2299 dicant,
392 2259 482 2287 non
494 2251 676 2302 possunt
697 2242 885 2300 agnosci.
907 2241 985 2286 Dic
1006 2241 1114 2302 quid
1135 2242 1208 2287 isti
1224 2243 1394 2288 faciunt
1410 2278 1422 2298 ,

35 2329 137 2358 cum
150 2313 234 2358 illis
252 2323 651 2359 commemorantur
663 2323 752 2358 tam
766 2312 1103 2358 innumerabilia
1117 2323 1160 2357 et
1171 2314 1426 2374 quotidiana

36 2394 214 2444 peccata
236 2395 279 2430 et
295 2384 455 2430 scelera
475 2400 628 2429 eorum
646 2419 656 2440 ,
686 2384 846 2444 quibus
867 2384 998 2444 plena
1024 2394 1087 2428 est
1109 2384 1183 2429 illa
1218 2385 1426 2430 societas?

37 2456 265 2516 Numquid
281 2465 463 2516 possunt
483 2455 648 2509 dicere,
670 2475 689 2497 «
711 2458 762 2499 In
781 2455 967 2499 Domino
985 2454 1182 2512 confido,
1202 2455 1426 2516 quomodo

42 2543 63 2567 »
82 2525 221 2571 dicitis
243 2527 398 2571 animae
411 2542 543 2583 meae,
565 2525 835 2584 Transmigra
854 2525 899 2569 in
914 2535 1082 2570 montes
1097 2526 1209 2570 sicut
1226 2529 1394 2585 passer?
1406 2545 1426 2567 »

0 2594 2 2610 '
41 2597 138 2641 Non
152 2597 266 2640 enim
279 2596 509 2641 confidunt
521 2597 565 2639 in
578 2595 764 2640 Domino
775 2631 785 2651 ,
803 2595 878 2655 qui
896 2604 1000 2639 tunc
1016 2611 1105 2640 esse
1117 2595 1271 2640 dicunt
1283 2606 1429 2640 sancta

230 2678 350 2708 cxiv.
429 2722 432 2723 ⁷
1221 2667 1268 2705 15

0 2741 4 2771 ἰ

2 2872 5 2893 k

2 2898 5 2915 l

2 2921 5 2952 ἱ
