1833 3284
384 252 625 280 ENARRATIO
659 254 703 280 ΙΝ
736 252 940 281 PSALMUM
974 255 1068 281 vni.
1337 243 1417 291 189

30 324 111 370 tos,
132 323 307 375 propter
328 315 471 375 ipsum
491 316 699 376 Spiritum
716 318 791 377 qui
813 317 858 362 in
879 318 938 362 eis
961 326 1180 378 operatur,
1200 326 1315 362 recte
1341 333 1414 362 ac-

28 386 239 445 cipimus,
263 386 470 447 quoniam
487 402 564 447 per
586 387 760 432 eosdem
783 389 907 432 nobis
931 389 1070 433 omnis
1099 388 1246 433 divina
1269 388 1415 448 Scrip-

27 465 125 500 tura
164 455 362 501 confecta
392 466 456 501 est
485 476 494 502 :
536 459 843 502 convenienter
876 458 1161 518 intelligimus
1193 460 1277 503 hoe
1318 459 1415 503 loco

26 526 158 571 coelos
181 527 318 571 dictos
341 526 474 572 libros
499 528 726 589 utriusque
753 529 1029 573 Testamenti.
1055 529 1230 572 Dictum
1253 537 1315 573 est
1333 545 1413 573 au-

26 607 115 643 tem
139 599 266 644 etiam
293 598 347 644 de
380 600 474 660 ipso
496 604 647 658 Moyse
672 617 694 644 a
719 601 856 660 Magis
884 601 996 660 regis
1021 601 1278 656 Pharaonis3
1313 617 1415 646 cum

25 669 80 713 ab
104 685 154 714 eo
177 670 367 730 superati
396 679 535 714 essent
564 692 572 715 :
615 690 634 713 «
664 671 830 730 Digitus
853 671 929 715 Dei
953 680 1015 715 est
1036 670 1146 715 hic1.
1178 690 1196 712 »
1218 674 1276 715 Et
1293 670 1415 732 quod

23 741 234 800 scriptum
258 749 322 785 est
348 759 358 786 ι
387 759 406 782 α
431 739 605 786 Coelum
627 740 862 800 plicabitur
879 741 991 785 sicut
1011 740 1164 796 liber2‚
1194 760 1213 782 »
1246 742 1414 786 etiamsi

23 808 79 854 de
108 809 190 854 isto
211 811 401 856 aethereo
424 810 538 856 coelo
564 810 732 856 dictum
760 820 845 867 est,
866 827 1058 871 congrue
1081 821 1228 856 tamen
1257 828 1309 856 ex
1330 813 1413 857 hac

22 879 173 925 eadem
187 880 468 926 similitudine
480 882 526 925 in
541 881 743 941 allegoria
760 881 973 926 librorum
993 881 1094 926 coeli
1109 882 1407 926 nominantur.

26 969 48 992 (ι
80 951 297 1004 Quoniam
316 951 500 1008 videbo,
533 952 703 1012 inquit,
734 951 868 996 coelos
891 968 1021 1012 opera
1053 952 1289 1011 digitorum
1310 962 1412 997 tuo-

23 1039 44 1062 »
80 1037 177 1065 rum
204 1040 213 1066 :
240 1040 261 1063 »
285 1021 332 1065 id
353 1031 441 1077 est,
474 1037 650 1066 cernam
672 1032 715 1066 et
736 1022 979 1081 intelligam
1005 1023 1270 1082 Scriptusas,
1303 1038 1411 1083 quas

20 1101 226 1152 operante
251 1092 414 1152 Spiritu
430 1103 580 1138 sancto
597 1109 674 1153 per
694 1093 911 1137 ministros
931 1103 1027 1138 tuos
1045 1088 1352 1153 conscripsisti.

78 1164 200 1206 VIII.
239 1165 426 1206 Possunt
457 1163 604 1223 itaque
635 1164 766 1208 etiam
795 1164 991 1223 superius
1031 1163 1132 1208 coeli
1166 1164 1407 1219 nominatis,

22 1231 152 1276 iidem
176 1232 278 1277 libri
297 1234 430 1293 accipi
449 1269 460 1289 ,
485 1234 563 1278 ubi
581 1235 640 1278 ait
661 1253 670 1278 :
696 1253 713 1275 «
736 1235 951 1287 Quoniam
975 1234 1140 1279 elevata
1159 1245 1223 1279 est
1239 1236 1410 1294 magni-

21 1322 41 1345 »
77 1304 251 1349 ficentia
284 1314 359 1349 tua
381 1322 511 1366 super
538 1306 701 1350 coelos-‘³
725 1326 733 1350 ε
763 1325 782 1347 ))
819 1315 869 1350 ut
896 1315 1012 1350 totus
1038 1307 1117 1350 iste
1148 1307 1201 1351 sit
1230 1323 1378 1351 sensus
1395 1342 1406 1362 ,

22 1393 42 1416 «
77 1375 293 1428 Quoniam
320 1376 640 1434 magnificentia
667 1385 741 1420 tua
765 1375 930 1420 elevata
953 1386 1017 1420 est
1049 1392 1180 1436 super
1200 1377 1361 1435 coelos,
1384 1395 1405 1418 »

17 1445 185 1490 excedit
201 1446 317 1490 enim
329 1448 649 1506 magnificentia
666 1457 741 1492 tua
760 1448 957 1492 omnium
974 1448 1293 1508 Scripturarum
1318 1448 1409 1493 elo-

16 1517 118 1576 quia
145 1536 152 1561 :
179 1532 229 1561 ex
255 1533 328 1562 ore
349 1516 582 1562 infantium
611 1528 654 1562 et
685 1517 938 1562 lactentium
964 1517 1178 1578 perfecisti
1200 1518 1376 1563 laudem
1393 1555 1405 1575 ,

16 1596 64 1631 ut
86 1604 109 1632 a
131 1588 218 1631 fide
246 1588 565 1648 Scripturarum
596 1588 864 1648 inciperent,
903 1589 977 1649 qui
1011 1589 1195 1648 cupiunt
1228 1589 1284 1633 ad
1319 1599 1407 1633 tuae

15 1657 350 1716 magnificentiae
372 1659 572 1703 notitiam
594 1659 820 1718 pervenire
846 1678 854 1703 2
881 1675 981 1719 quae
1009 1675 1138 1718 super
1164 1660 1406 1719 Scripturas

15 1728 180 1774 elevata
199 1739 277 1786 est,
298 1730 399 1790 quia
423 1731 575 1775 transit
593 1740 636 1775 et
652 1739 830 1790 superat
851 1731 1048 1774 omnium
1068 1731 1298 1775 verborum
1317 1730 1405 1775 lin-

16 1815 287 1861 guarumque
331 1801 563 1861 praeconia.
611 1800 842 1845 Inclinavit
875 1817 978 1860 ergo
1012 1802 1251 1861 Scripturas
1293 1805 1406 1846 Deus

15 1886 153 1931 usque
181 1871 237 1915 ad
257 1870 493 1916 infantium
521 1881 565 1915 et
593 1870 849 1915 lactentium
883 1871 1166 1931 capacitatem
1183 1907 1193 1927 ,
1226 1872 1337 1916 sicut
1361 1873 1405 1916 in

15 1940 98 1985 alio
121 1941 292 1986 Psalmo
312 1942 484 1986 canitur
509 1961 518 1986 :
549 1961 570 1984 «
594 1944 651 1985 Et
678 1941 904 1985 inclinavit
939 1942 1102 1985 coelum
1119 1977 1128 1995 ,
1160 1951 1203 1985 et
1225 1942 1406 1986 descen-

18 2028 39 2052 »
74 2010 198 2055 dit⁴z
229 2029 249 2052 »
275 2021 320 2056 et
345 2013 429 2056 hoc
459 2011 561 2055 fecit
592 2020 768 2070 propter
801 2011 1022 2066 inimicos,
1056 2011 1132 2071 qui
1155 2027 1231 2071 per
1253 2027 1405 2071 super-

15 2080 132 2125 biam
153 2081 425 2142 loquacitatis
441 2081 605 2125 inimici
627 2082 766 2125 crucis
788 2081 968 2136 Christi,
991 2081 1119 2125 etiam
1143 2098 1244 2126 cum
1259 2082 1404 2143 aliqua

14 2167 114 2196 vera
135 2151 309 2209 dicunt,
340 2152 531 2213 parvulis
555 2161 700 2196 tamen
722 2161 766 2196 et
790 2152 1053 2197 lactentibus
1081 2152 1285 2212 prodesse
1314 2169 1404 2197 non

6 2225 207 2283 possunt.
239 2227 304 2268 Ita
325 2223 563 2268 destruitur
592 2223 792 2267 inimicus
814 2232 857 2267 et
878 2221 1097 2277 defensor,
1124 2224 1200 2283 qui
1222 2223 1310 2267 sive
1336 2240 1404 2268 sa-

15 2294 220 2353 pientiam
238 2329 250 2350 ,
276 2294 363 2338 sive
386 2294 516 2339 etiam
539 2293 699 2339 Christi
730 2309 890 2338 nomen
919 2293 1154 2338 defendere
1174 2293 1400 2351 videatur,

18 2365 73 2410 ab
91 2365 218 2425 hujus
228 2375 373 2410 tamen
391 2365 528 2425 gradu
543 2364 646 2413 fidei
661 2374 887 2425 oppugnat
904 2380 998 2408 eam
1013 2365 1254 2420 veritatem,
1270 2381 1402 2425 quam

16 2436 334 2496 promptissime
348 2435 593 2496 pollicetur.
612 2440 844 2495 Propterea
860 2436 989 2479 etiam
1006 2435 1124 2479 illam
1138 2452 1228 2480 non
1240 2436 1402 2480 habere

2 2509 291 2553 ‘convincitur
322 2528 331 2553 ε
368 2508 469 2569 quia
498 2508 795 2567 oppugnando
824 2508 1008 2567 gradum
1035 2509 1151 2568 ejus,
1189 2507 1309 2568 quod
1339 2517 1403 2552 est

69 2599 76 2615 ¹
99 2594 196 2626 Exod.
214 2604 269 2626 vizi
285 2618 294 2636 ,
320 2604 370 2636 ¹9·
392 2610 431 2616 —-·-
454 2601 464 2615 ²
485 2594 556 2625 Isai-
578 2603 683 2635 xxxiv,
709 2591 732 2633 ἦ.
754 2611 793 2616 -
820 2591 831 2615 3
851 2593 928 2624 Psal.
951 2604 1016 2635 viu,
1031 2602 1062 2625 2.
1081 2610 1122 2615 ——
1143 2591 1158 2616 4
1177 2593 1223 2625 Id.
1246 2604 1322 2634 xvn,
1349 2604 1398 2625 10.
