1833 3284
355 215 436 250 228
787 223 819 248 s.
858 221 1089 247 Accisssnm
1124 221 1303 248 episcopt

354 321 372 342 ω
403 309 520 344 runt.
536 317 556 339 »
570 299 670 352 Ubi,
688 297 768 341 nisi
786 298 827 341 in
836 296 1149 342 conventiculis
1163 298 1265 354 suis,
1278 298 1355 342 ubi
1367 298 1570 358 parvulos
1584 308 1628 342 et
1640 299 1747 343 inte-

350 372 473 416 rioris
485 370 595 414 lucis
610 370 796 427 ignaros,
816 384 903 414 non
922 368 1033 412 lactc
1047 369 1264 424 nutriunt,
1280 370 1355 414 sed
1372 370 1550 414 venenis
1565 374 1747 415 necant?

354 462 375 485 «
400 445 422 485 J
430 450 548 485 ustus
563 450 706 484 autem
726 439 833 501 quid
849 438 965 483 fecit.
982 460 1001 480 n
1017 439 1058 484 Si
1075 454 1149 483 vos
1162 441 1389 494 Macarius,
1410 441 1444 484 si
1460 456 1536 485 vos
1554 440 1746 485 Caecilia-

349 528 432 557 nus
447 511 633 557 offendit
649 547 659 566 ,
675 511 870 555 Christus
885 508 987 553 fecit
998 510 1137 565 vobis,
1149 511 1225 570 qui
1241 510 1348 555 dixit
1367 531 1376 556 ε
1398 530 1417 553 «
1434 514 1587 556 Pacem
1602 527 1745 556 meam

351 603 371 627 n
399 584 456 629 do
470 584 608 638 vobis,
628 598 780 643 pacem
804 597 944 626 meam
964 581 1163 643 relinquo
1185 584 1357 641 vobis¹3
1379 603 1396 626 »
1419 598 1551 644 quam
1574 598 1649 628 vos
1666 599 1744 628 ne-

350 656 483 702 sanda
499 655 762 700 dissensione
778 653 998 698 violastis?
1021 654 1218 698 Christus
1241 655 1350 714 quid
1370 655 1491 699 vobis
1515 652 1617 699 fecit
1633 690 1643 710 ,
1667 655 1743 716 qui

349 726 604 773 traditorem
631 742 758 771 suum
789 734 906 769 tanta
940 725 1148 785 patientia
1177 726 1386 785 pertulit,
1414 735 1464 770 ut
1493 726 1533 770 ei
1557 726 1742 785 primam

347 798 665 845 Eucharistiam
680 797 926 842 confectam
941 796 1142 841 manibus
1156 797 1257 852 suis,
1273 806 1317 842 et
1335 813 1408 841 ore
1426 813 1504 842 suo
1523 812 1744 841 commen-

346 869 510 925 datam,
535 869 647 913 sicut
667 867 832 913 caeteris
850 866 1084 927 ApostcliS‚
1098 868 1329 912 traderet‘2.
1357 868 1473 922 Quid
1495 868 1618 912 vobis
1639 869 1744 913 fecit

347 941 566 995 Christus,
588 939 664 1000 qui
681 936 887 982 eumdem
904 938 1159 982 traditorem
1182 954 1331 994 suum,
1358 954 1491 999 quem
1516 938 1742 983 diabolum

345 1011 590 1056 nominavit
605 1012 619 1036 ³
637 1045 648 1065 ,
690 1009 767 1070 qui
811 1018 911 1053 ante
944 1008 1224 1053 traditionem
1260 1010 1434 1053 Domini
1473 1025 1553 1053 nec
1586 1008 1742 1053 loculis

345 1081 573 1127 dominicis
597 1081 727 1125 fidem
751 1081 896 1141 potuit
912 1080 1116 1124 exhibere
1131 1082 1169 1137 ⁴,
1194 1097 1292 1125 cum
1322 1082 1488 1125 eaeteris
1512 1080 1741 1140 Discipulis

343 1153 401 1198 ad
423 1150 751 1213 praedicandum
776 1167 959 1210 regnum
980 1150 1192 1195 coelorum
1215 1151 1348 1196 misit⁵
1373 1171 1381 1197 ε
1407 1161 1456 1196 ut
1472 1151 1742 1196 demonstra-

343 1234 410 1270 ret
432 1224 547 1269 dona
583 1224 655 1268 Dei
683 1223 909 1283 pervenire
943 1222 998 1267 ad
1028 1239 1099 1267 eos
1133 1223 1210 1283 qui
1244 1239 1345 1267 cum
1379 1223 1465 1267 fide
1495 1223 1737 1282 accipiunt,

344 1296 512 1340 etiamsi
534 1293 630 1338 talis
652 1294 706 1338 sit
723 1310 800 1354 per
822 1309 954 1354 quem
979 1294 1221 1353 accipiunt,
1247 1293 1387 1354 qualis
1402 1297 1425 1338 J
1431 1294 1536 1338 udas
1558 1293 1667 1338 fuit?

404 1370 502 1410 vll.
535 1385 554 1407 «
572 1366 780 1410 Dominus
798 1365 843 1408 in
858 1364 1022 1424 templo
1040 1377 1185 1410 sancto
1203 1367 1322 1410 suo⁰.
1352 1384 1371 1406 »
1401 1368 1466 1409 Ita
1481 1381 1611 1421 vero,
1629 1364 1742 1410 sicut

344 1435 579 1498 Apostolus
600 1436 706 1480 dicit
734 1455 741 1480 ε
771 1455 790 1477 «
817 1435 1049 1495 Templum
1068 1436 1183 1479 enim
1200 1436 1277 1480 Dei
1299 1445 1497 1480 sanctum
1523 1445 1602 1491 est,
1621 1436 1742 1496 quod

344 1528 366 1552 )›
404 1509 503 1553 estis
524 1524 615 1553 vos.
636 1507 842 1567 Quisquis
866 1516 1012 1552 autem
1036 1507 1248 1566 templum
1274 1508 1351 1552 Dei
1372 1507 1627 1563 violaverit,
1653 1507 1742 1552 dis-

346 1601 367 1623 »
403 1580 558 1640 perdet
578 1579 704 1622 illum
728 1580 884 1623 Deus7.
912 1597 932 1619 n
970 1577 1200 1638 Templum
1224 1580 1301 1623 Dei
1318 1578 1478 1635 violat,
1506 1580 1583 1640 qui
1604 1578 1741 1624 violat

341 1651 569 1696 unitatem.
595 1652 694 1694 Non
716 1649 832 1691 enim
862 1657 980 1692 tenet
1003 1651 1182 1708 caputs,
1213 1665 1263 1692 ex
1296 1666 1384 1710 quo
1416 1658 1559 1694 totum
1582 1665 1738 1709 corpus

342 1737 590 1769 connexum
618 1730 663 1765 et
695 1729 972 1780 compactum
1004 1736 1082 1780 per
1104 1737 1280 1765 omnem
1304 1731 1470 1766 tactum
1503 1722 1739 1766 subminis-

342 1795 539 1840 trationis
555 1828 565 1848 ‚
591 1793 834 1837 secundum
862 1793 1160 1852 operationem
1188 1793 1232 1837 in
1254 1809 1503 1838 mensuram
1528 1793 1740 1838 uniuscu-

337 1868 500 1927 jusque
515 1864 647 1924 partis
664 1864 983 1908 incrementum
1001 1863 1192 1923 corporis
1207 1864 1326 1919 facit,
1346 1865 1391 1908 in
1405 1864 1739 1908 aedificationem

342 1937 409 1982 sui
431 1937 476 1979 in
499 1934 749 1979 charitate&
779 1937 830 1978 In
859 1934 943 1978 hoc
966 1933 1130 1994 templo
1156 1944 1305 1979 sancto
1334 1951 1412 1980 suo
1434 1935 1646 1979 Dominus
1676 1944 1740 1979 est

343 2005 468 2069 quod
495 2014 665 2050 constat
693 2004 842 2048 multis
878 2004 1085 2049 membris
1117 2005 1231 2061 suis,
1269 2022 1345 2050 sua
1377 2021 1565 2067 quaeque
1595 2005 1738 2050 officia

342 2078 617 2139 gerentibus,
643 2077 688 2120 in
711 2092 844 2120 unam
869 2074 1202 2120 aediticationem
1226 2077 1435 2121 charitate
1457 2076 1733 2121 constructis.

342 2148 475 2203 Quod
511 2147 646 2193 violat
687 2146 882 2208 quisquis
914 2162 1042 2191 causa
1074 2147 1342 2207 principatus
1373 2148 1439 2191 sui
1470 2164 1493 2191 a
1521 2146 1737 2192 catholica

340 2220 546 2266 societate
575 2217 857 2278 disjungitur.
890 2237 909 2259 «
936 2217 1146 2262 Dominus
1174 2217 1219 2261 in
1251 2217 1416 2278 templo
1445 2227 1595 2262 sancto
1625 2233 1703 2261 suo
1724 2252 1735 2273 ,

341 2292 555 2339 Dominus
570 2290 615 2333 in
632 2288 745 2332 coelo
758 2287 879 2332 sedes
893 2289 1067 2348 ejusm.»
1089 2289 1130 2332 Si
1145 2288 1305 2332 coelum
1323 2289 1537 2348 acceperis
1548 2290 1731 2348 justum,

345 2364 457 2408 sicut
478 2371 637 2406 terram
660 2360 816 2420 accipis
839 2370 1106 2420 peccatorem
1121 2395 1132 2415 ‚
1156 2360 1227 2404 cui
1248 2361 1416 2405 dictum
1439 2370 1504 2405 est
1527 2380 1536 2404 z
1567 2363 1734 2405 «Terra

391 2496 400 2512 ¹
422 2491 598 2531 Joan.x1v,
613 2497 666 2530 25.
682 2505 723 2510 —-
739 2495 750 2510 ²
770 2488 848 2520 Luc.
870 2498 928 2528 xil)
955 2498 993 2530 ¹9
1012 2491 1044 2519 et
1063 2496 1117 2519 21.
1131 2485 1196 2511 —-3
1211 2489 1302 2519 Joan.
1325 2498 1369 2529 vv,
1387 2497 1441 2529 71.
1462 2483 1535 2515 -4
1559 2486 1606 2518 Id.
1626 2483 1731 2527 xu,G.

340 2564 383 2571 -—-
400 2544 415 2568 ⁵
434 2545 662 2586 Ma1112.x‚5.
684 2561 725 2567 ——
745 2542 858 2575 G[³5:11.
886 2555 924 2584 x,
943 2543 975 2575 5.
996 2561 1036 2567 -
1064 2550 1078 2577 7
1104 2555 1115 2575 1
1138 2546 1212 2577 Cor.
1232 2556 1277 2586 nr,
1308 2555 1358 2586 17·
1382 2541 1453 2566 ——S
1478 2542 1596 2576 Coloss.
1623 2553 1656 2584 n,
1679 2552 1730 2584 ¹9·

341 2620 383 2625 —-
397 2610 413 2633 9
430 2601 543 2643 Epltes.
562 2611 607 2642 iv,
632 2600 682 2631 16.
699 2617 739 2622 ——-
763 2606 792 2621 ¹0
811 2599 892 2630 Psal.
916 2609 946 2639 x:
967 2598 998 2630 5.
