<?xml version="1.0" encoding="UTF-8"?>
<!DOCTYPE html PUBLIC "-//W3C//DTD XHTML 1.0 Transitional//EN"
    "http://www.w3.org/TR/xhtml1/DTD/xhtml1-transitional.dtd">
<html xmlns="http://www.w3.org/1999/xhtml" xml:lang="en" lang="en">
 <head>
  <title>
</title>
<meta http-equiv="Content-Type" content="text/html;charset=utf-8" />
  <meta name='ocr-system' content='tesseract 3.04.00' />
  <meta name='ocr-capabilities' content='ocr_page ocr_carea ocr_par ocr_line ocrx_word'/>
</head>
<body>
  <div class='ocr_page' id='page_1' title='image "./operaomniaaccura07auguuoft_0090.png"; bbox 0 0 1833 3284; ppageno 0'>
   <div class='ocr_carea' id='block_1_1' title="bbox 408 227 1833 2489">
    <p class='ocr_par' dir='ltr' id='par_1_1' title="bbox 419 227 1370 262">
     <span class='ocr_line' id='line_1_1' title="bbox 419 227 1370 262; baseline 0 -3"><span class='ocrx_word' id='word_1_1' title='bbox 419 227 472 262; x_wconf 84' lang='grc'>80</span> <span class='ocrx_word' id='word_1_2' title='bbox 857 233 890 259; x_wconf 85' lang='lat' dir='ltr'>s.</span> <span class='ocrx_word' id='word_1_3' title='bbox 928 232 1158 259; x_wconf 71' lang='lat' dir='ltr'>Aucus&#39;rnvi</span> <span class='ocrx_word' id='word_1_4' title='bbox 1191 233 1370 261; x_wconf 75' lang='lat' dir='ltr'>El’lscorl</span> 
     </span>
    </p>

    <p class='ocr_par' dir='ltr' id='par_1_2' title="bbox 408 296 1833 2489">
     <span class='ocr_line' id='line_1_2' title="bbox 417 296 1808 360; baseline -0.001 -16"><span class='ocrx_word' id='word_1_5' title='bbox 417 302 461 344; x_wconf 91' lang='lat' dir='ltr'>in</span> <span class='ocrx_word' id='word_1_6' title='bbox 479 301 633 360; x_wconf 88' lang='lat' dir='ltr'>spiritu</span> <span class='ocrx_word' id='word_1_7' title='bbox 656 299 814 343; x_wconf 86' lang='lat' dir='ltr'>dicere.</span> <span class='ocrx_word' id='word_1_8' title='bbox 849 300 954 344; x_wconf 85' lang='lat' dir='ltr'>Nam</span> <span class='ocrx_word' id='word_1_9' title='bbox 985 296 1137 357; x_wconf 83' lang='lat' dir='ltr'>incipit</span> <span class='ocrx_word' id='word_1_10' title='bbox 1159 297 1303 343; x_wconf 88' lang='lat' dir='ltr'>dicere</span> <span class='ocrx_word' id='word_1_11' title='bbox 1329 315 1405 344; x_wconf 91' lang='lat' dir='ltr'>cur</span> <span class='ocrx_word' id='word_1_12' title='bbox 1437 298 1635 344; x_wconf 88' lang='lat' dir='ltr'>evulsum</span> <span class='ocrx_word' id='word_1_13' title='bbox 1657 300 1712 344; x_wconf 87' lang='lat' dir='ltr'>sit</span> <span class='ocrx_word' id='word_1_14' title='bbox 1734 315 1808 344; x_wconf 87' lang='lat' dir='ltr'>cor</span> 
     </span>
     <span class='ocr_line' id='line_1_3' title="bbox 416 368 1808 430; baseline -0.001 -15"><span class='ocrx_word' id='word_1_15' title='bbox 416 372 508 430; x_wconf 84' lang='lat' dir='ltr'>ejus</span> <span class='ocrx_word' id='word_1_16' title='bbox 526 371 580 415; x_wconf 88' lang='lat' dir='ltr'>de</span> <span class='ocrx_word' id='word_1_17' title='bbox 602 370 698 415; x_wconf 85' lang='lat' dir='ltr'>loeo</span> <span class='ocrx_word' id='word_1_18' title='bbox 728 385 806 414; x_wconf 89' lang='lat' dir='ltr'>suo</span> <span class='ocrx_word' id='word_1_19' title='bbox 822 405 832 425; x_wconf 78' lang='lat'>‚</span> <span class='ocrx_word' id='word_1_20' title='bbox 858 368 1115 413; x_wconf 86' lang='lat' dir='ltr'>auctoritate</span> <span class='ocrx_word' id='word_1_21' title='bbox 1138 368 1299 413; x_wconf 87' lang='lat' dir='ltr'>scilicet</span> <span class='ocrx_word' id='word_1_22' title='bbox 1321 368 1544 428; x_wconf 80' lang='lat' dir='ltr'>Evangelii</span> <span class='ocrx_word' id='word_1_23' title='bbox 1568 385 1645 430; x_wconf 91' lang='lat' dir='ltr'>per</span> <span class='ocrx_word' id='word_1_24' title='bbox 1669 379 1808 415; x_wconf 91' lang='lat' dir='ltr'>totum</span> 
     </span>
     <span class='ocr_line' id='line_1_4' title="bbox 417 439 1808 502; baseline 0.001 -17"><span class='ocrx_word' id='word_1_25' title='bbox 417 442 570 486; x_wconf 85' lang='lat' dir='ltr'>orbem</span> <span class='ocrx_word' id='word_1_26' title='bbox 595 440 840 485; x_wconf 74' lang='lat' dir='ltr'>terribiliter</span> <span class='ocrx_word' id='word_1_27' title='bbox 863 439 1053 484; x_wconf 88' lang='lat' dir='ltr'>sonantis</span> <span class='ocrx_word' id='word_1_28' title='bbox 1082 458 1090 483; x_wconf 90' lang='lat'><strong>:</strong></span> <span class='ocrx_word' id='word_1_29' title='bbox 1121 458 1136 479; x_wconf 86' lang='lat'>«</span> <span class='ocrx_word' id='word_1_30' title='bbox 1169 441 1476 485; x_wconf 87' lang='lat' dir='ltr'>Poenitentiam</span> <span class='ocrx_word' id='word_1_31' title='bbox 1494 442 1621 499; x_wconf 83' lang='lat' dir='ltr'>agite,</span> <span class='ocrx_word' id='word_1_32' title='bbox 1648 457 1808 502; x_wconf 86' lang='lat' dir='ltr'>appro-</span> 
     </span>
     <span class='ocr_line' id='line_1_5' title="bbox 422 507 1809 572; baseline 0.004 -20"><span class='ocrx_word' id='word_1_33' title='bbox 422 533 438 552; x_wconf 61' lang='grc' dir='ltr'><strong>η</strong></span> <span class='ocrx_word' id='word_1_34' title='bbox 466 513 694 572; x_wconf 80' lang='lat' dir='ltr'>pinquavit</span> <span class='ocrx_word' id='word_1_35' title='bbox 715 512 829 556; x_wconf 88' lang='lat' dir='ltr'>enim</span> <span class='ocrx_word' id='word_1_36' title='bbox 846 526 1026 569; x_wconf 72' lang='lat' dir='ltr'>regnum</span> <span class='ocrx_word' id='word_1_37' title='bbox 1043 507 1256 554; x_wconf 81' lang='lat' dir='ltr'>coelorum</span> <span class='ocrx_word' id='word_1_38' title='bbox 1272 513 1299 554; x_wconf 89' lang='lat'>¹.</span> <span class='ocrx_word' id='word_1_39' title='bbox 1318 514 1374 555; x_wconf 90' lang='lat' dir='ltr'>Et</span> <span class='ocrx_word' id='word_1_40' title='bbox 1390 511 1573 571; x_wconf 86' lang='lat' dir='ltr'>strepitu</span> <span class='ocrx_word' id='word_1_41' title='bbox 1587 512 1671 556; x_wconf 90' lang='lat' dir='ltr'>oris</span> <span class='ocrx_word' id='word_1_42' title='bbox 1694 511 1809 557; x_wconf 89' lang='lat' dir='ltr'>illius</span> 
     </span>
     <span class='ocr_line' id='line_1_6' title="bbox 422 579 1810 641; baseline 0.003 -17"><span class='ocrx_word' id='word_1_43' title='bbox 422 604 438 624; x_wconf 80' lang='lat'>»</span> <span class='ocrx_word' id='word_1_44' title='bbox 465 593 624 628; x_wconf 85' lang='lat' dir='ltr'>exeunt</span> <span class='ocrx_word' id='word_1_45' title='bbox 650 603 658 628; x_wconf 90' lang='lat'>:</span> <span class='ocrx_word' id='word_1_46' title='bbox 682 604 698 624; x_wconf 86' lang='lat'>»</span> <span class='ocrx_word' id='word_1_47' title='bbox 718 583 773 627; x_wconf 86' lang='lat' dir='ltr'>ad</span> <span class='ocrx_word' id='word_1_48' title='bbox 788 598 858 627; x_wconf 88' lang='lat' dir='ltr'>eos</span> <span class='ocrx_word' id='word_1_49' title='bbox 877 582 1027 641; x_wconf 82' lang='lat' dir='ltr'>utiquc</span> <span class='ocrx_word' id='word_1_50' title='bbox 1042 581 1117 641; x_wconf 81' lang='lat' dir='ltr'>qui</span> <span class='ocrx_word' id='word_1_51' title='bbox 1131 579 1233 626; x_wconf 87' lang='lat' dir='ltr'>foris</span> <span class='ocrx_word' id='word_1_52' title='bbox 1248 591 1365 638; x_wconf 89' lang='lat' dir='ltr'>sunt,</span> <span class='ocrx_word' id='word_1_53' title='bbox 1384 582 1428 626; x_wconf 93' lang='lat' dir='ltr'>in</span> <span class='ocrx_word' id='word_1_54' title='bbox 1446 581 1810 628; x_wconf 81' lang='lat' dir='ltr'>delectationibus</span> 
     </span>
     <span class='ocr_line' id='line_1_7' title="bbox 416 653 1811 712; baseline 0.001 -12"><span class='ocrx_word' id='word_1_55' title='bbox 416 672 560 700; x_wconf 87' lang='lat' dir='ltr'>rerum</span> <span class='ocrx_word' id='word_1_56' title='bbox 585 654 837 700; x_wconf 82' lang='lat' dir='ltr'>visibilium.</span> <span class='ocrx_word' id='word_1_57' title='bbox 864 674 881 695; x_wconf 90' lang='lat'>«</span> <span class='ocrx_word' id='word_1_58' title='bbox 911 653 1071 699; x_wconf 85' lang='lat' dir='ltr'>Subter</span> <span class='ocrx_word' id='word_1_59' title='bbox 1101 654 1349 699; x_wconf 89' lang='lat' dir='ltr'>universum</span> <span class='ocrx_word' id='word_1_60' title='bbox 1372 654 1536 699; x_wconf 85' lang='lat' dir='ltr'>coelum</span> <span class='ocrx_word' id='word_1_61' title='bbox 1564 656 1741 712; x_wconf 87' lang='lat' dir='ltr'>circuit,</span> <span class='ocrx_word' id='word_1_62' title='bbox 1766 665 1811 701; x_wconf 89' lang='lat' dir='ltr'>et</span> 
     </span>
     <span class='ocr_line' id='line_1_8' title="bbox 422 724 1810 786; baseline 0.003 -18"><span class='ocrx_word' id='word_1_63' title='bbox 422 747 438 768; x_wconf 88' lang='lat'>»</span> <span class='ocrx_word' id='word_1_64' title='bbox 460 726 613 770; x_wconf 87' lang='lat' dir='ltr'>lumen</span> <span class='ocrx_word' id='word_1_65' title='bbox 636 726 726 785; x_wconf 80' lang='lat' dir='ltr'>ejus</span> <span class='ocrx_word' id='word_1_66' title='bbox 752 725 796 768; x_wconf 92' lang='lat' dir='ltr'>in</span> <span class='ocrx_word' id='word_1_67' title='bbox 819 725 978 769; x_wconf 80' lang='lat' dir='ltr'>finibus</span> <span class='ocrx_word' id='word_1_68' title='bbox 1001 733 1128 768; x_wconf 81' lang='lat' dir='ltr'>terrae</span> <span class='ocrx_word' id='word_1_69' title='bbox 1150 743 1157 769; x_wconf 84' lang='lat' dir='ltr'><strong><em>z</em></strong></span> <span class='ocrx_word' id='word_1_70' title='bbox 1187 743 1203 765; x_wconf 87' lang='lat'>«</span> <span class='ocrx_word' id='word_1_71' title='bbox 1227 724 1333 769; x_wconf 87' lang='lat' dir='ltr'>dum</span> <span class='ocrx_word' id='word_1_72' title='bbox 1354 725 1542 771; x_wconf 79' lang='lat' dir='ltr'>Ecclesia</span> <span class='ocrx_word' id='word_1_73' title='bbox 1561 742 1638 786; x_wconf 88' lang='lat' dir='ltr'>per</span> <span class='ocrx_word' id='word_1_74' title='bbox 1660 742 1810 772; x_wconf 88' lang='lat' dir='ltr'>omnes</span> 
     </span>
     <span class='ocr_line' id='line_1_9' title="bbox 417 795 1810 858; baseline 0.001 -17"><span class='ocrx_word' id='word_1_75' title='bbox 417 806 564 855; x_wconf 79' lang='lat' dir='ltr'>gentes</span> <span class='ocrx_word' id='word_1_76' title='bbox 584 795 894 840; x_wconf 84' lang='lat' dir='ltr'>diffunditur.‹&lt;</span> <span class='ocrx_word' id='word_1_77' title='bbox 912 799 1014 840; x_wconf 84' lang='lat' dir='ltr'>Post</span> <span class='ocrx_word' id='word_1_78' title='bbox 1034 811 1134 840; x_wconf 91' lang='lat' dir='ltr'>eum</span> <span class='ocrx_word' id='word_1_79' title='bbox 1151 795 1305 840; x_wconf 84' lang='lat' dir='ltr'>fremet</span> <span class='ocrx_word' id='word_1_80' title='bbox 1320 812 1403 841; x_wconf 85' lang='lat' dir='ltr'>vox</span> <span class='ocrx_word' id='word_1_81' title='bbox 1416 801 1448 840; x_wconf 56' lang='grc' dir='ltr'>Ἰ.</span> <span class='ocrx_word' id='word_1_82' title='bbox 1462 818 1478 839; x_wconf 84' lang='grc'>»</span> <span class='ocrx_word' id='word_1_83' title='bbox 1501 801 1602 842; x_wconf 82' lang='lat' dir='ltr'>Post</span> <span class='ocrx_word' id='word_1_84' title='bbox 1620 797 1810 858; x_wconf 90' lang='lat' dir='ltr'>primum</span> 
     </span>
     <span class='ocr_line' id='line_1_10' title="bbox 415 867 1810 930; baseline 0.001 -18"><span class='ocrx_word' id='word_1_85' title='bbox 415 868 652 914; x_wconf 83' lang='lat' dir='ltr'>adventum</span> <span class='ocrx_word' id='word_1_86' title='bbox 683 870 773 929; x_wconf 87' lang='lat' dir='ltr'>ejus</span> <span class='ocrx_word' id='word_1_87' title='bbox 809 868 1039 913; x_wconf 88' lang='lat' dir='ltr'>novissima</span> <span class='ocrx_word' id='word_1_88' title='bbox 1068 867 1174 912; x_wconf 85' lang='lat' dir='ltr'>tuba</span> <span class='ocrx_word' id='word_1_89' title='bbox 1201 869 1381 913; x_wconf 90' lang='lat' dir='ltr'>secundi</span> <span class='ocrx_word' id='word_1_90' title='bbox 1410 868 1623 915; x_wconf 85' lang='lat' dir='ltr'>adventus</span> <span class='ocrx_word' id='word_1_91' title='bbox 1647 870 1742 930; x_wconf 82' lang='lat' dir='ltr'>&#39;ejus</span> <span class='ocrx_word' id='word_1_92' title='bbox 1765 870 1810 915; x_wconf 89' lang='lat' dir='ltr'>in</span> 
     </span>
     <span class='ocr_line' id='line_1_11' title="bbox 415 938 1810 1001; baseline -0.003 -17"><span class='ocrx_word' id='word_1_93' title='bbox 415 938 611 984; x_wconf 85' lang='lat' dir='ltr'>claritate</span> <span class='ocrx_word' id='word_1_94' title='bbox 636 939 820 984; x_wconf 85' lang='lat' dir='ltr'>tonabit.</span> <span class='ocrx_word' id='word_1_95' title='bbox 848 958 863 979; x_wconf 88' lang='lat'>«</span> <span class='ocrx_word' id='word_1_96' title='bbox 895 942 944 983; x_wconf 91' lang='lat' dir='ltr'>In</span> <span class='ocrx_word' id='word_1_97' title='bbox 961 939 1106 983; x_wconf 89' lang='lat' dir='ltr'>sonitu</span> <span class='ocrx_word' id='word_1_98' title='bbox 1130 938 1346 998; x_wconf 82' lang='lat' dir='ltr'>superbiae</span> <span class='ocrx_word' id='word_1_99' title='bbox 1363 955 1467 983; x_wconf 82' lang='lat' dir='ltr'>suae.</span> <span class='ocrx_word' id='word_1_100' title='bbox 1499 960 1516 981; x_wconf 87' lang='lat'>»</span> <span class='ocrx_word' id='word_1_101' title='bbox 1553 940 1810 1001; x_wconf 78' lang='lat' dir='ltr'>superbiam</span> 
     </span>
     <span class='ocr_line' id='line_1_12' title="bbox 415 1009 1810 1070; baseline 0.001 -17"><span class='ocrx_word' id='word_1_102' title='bbox 415 1027 494 1070; x_wconf 91' lang='lat' dir='ltr'>pro</span> <span class='ocrx_word' id='word_1_103' title='bbox 506 1009 762 1055; x_wconf 86' lang='lat' dir='ltr'>celsitudine</span> <span class='ocrx_word' id='word_1_104' title='bbox 780 1010 923 1070; x_wconf 82' lang='lat' dir='ltr'>posuit</span> <span class='ocrx_word' id='word_1_105' title='bbox 951 1009 1077 1070; x_wconf 87' lang='lat' dir='ltr'>:quia</span> <span class='ocrx_word' id='word_1_106' title='bbox 1101 1010 1265 1070; x_wconf 87' lang='lat' dir='ltr'>primus</span> <span class='ocrx_word' id='word_1_107' title='bbox 1281 1010 1810 1055; x_wconf 79' lang='lat' dir='ltr'>adventusinlmmilitate</span> 
     </span>
     <span class='ocr_line' id='line_1_13' title="bbox 414 1080 1833 1140; baseline 0.001 -15"><span class='ocrx_word' id='word_1_108' title='bbox 414 1081 514 1125; x_wconf 81' lang='lat' dir='ltr'>fuit.</span> <span class='ocrx_word' id='word_1_109' title='bbox 545 1101 561 1122; x_wconf 92' lang='lat'>«</span> <span class='ocrx_word' id='word_1_110' title='bbox 588 1084 644 1125; x_wconf 90' lang='lat' dir='ltr'>Et</span> <span class='ocrx_word' id='word_1_111' title='bbox 673 1096 762 1125; x_wconf 90' lang='lat' dir='ltr'>non</span> <span class='ocrx_word' id='word_1_112' title='bbox 785 1080 944 1140; x_wconf 88' lang='lat' dir='ltr'>poterit</span> <span class='ocrx_word' id='word_1_113' title='bbox 968 1080 1234 1138; x_wconf 82' lang='lat' dir='ltr'>investigari,</span> <span class='ocrx_word' id='word_1_114' title='bbox 1263 1096 1363 1125; x_wconf 85' lang='lat' dir='ltr'>eum</span> <span class='ocrx_word' id='word_1_115' title='bbox 1389 1081 1538 1125; x_wconf 87' lang='lat' dir='ltr'>audita</span> <span class='ocrx_word' id='word_1_116' title='bbox 1567 1080 1701 1126; x_wconf 84' lang='lat' dir='ltr'>fuerit</span> <span class='ocrx_word' id='word_1_117' title='bbox 1728 1097 1810 1127; x_wconf 88' lang='lat' dir='ltr'>vox</span> <span class='ocrx_word' id='word_1_118' title='bbox 1832 1095 1833 1110; x_wconf 66' lang='lat'>¹</span> 
     </span>
     <span class='ocr_line' id='line_1_14' title="bbox 421 1151 1810 1212; baseline 0.003 -20"><span class='ocrx_word' id='word_1_119' title='bbox 421 1174 436 1193; x_wconf 84' lang='lat'><em>»</em></span> <span class='ocrx_word' id='word_1_120' title='bbox 469 1153 575 1212; x_wconf 86' lang='lat' dir='ltr'>ejus.</span> <span class='ocrx_word' id='word_1_121' title='bbox 614 1172 630 1193; x_wconf 60' lang='grc' dir='ltr'>η</span> <span class='ocrx_word' id='word_1_122' title='bbox 658 1153 785 1197; x_wconf 90' lang='lat' dir='ltr'>Nunc</span> <span class='ocrx_word' id='word_1_123' title='bbox 813 1166 916 1210; x_wconf 80' lang='lat' dir='ltr'>ergo</span> <span class='ocrx_word' id='word_1_124' title='bbox 951 1160 1174 1211; x_wconf 82' lang='lat' dir='ltr'>quaeratur</span> <span class='ocrx_word' id='word_1_125' title='bbox 1212 1151 1450 1207; x_wconf 87' lang='lat' dir='ltr'>Dominus,</span> <span class='ocrx_word' id='word_1_126' title='bbox 1487 1151 1595 1196; x_wconf 89' lang='lat' dir='ltr'>dum</span> <span class='ocrx_word' id='word_1_127' title='bbox 1627 1153 1810 1198; x_wconf 90' lang='lat' dir='ltr'>inveniri</span> 
     </span>
     <span class='ocr_line' id='line_1_15' title="bbox 415 1221 1810 1283; baseline 0.002 -18"><span class='ocrx_word' id='word_1_128' title='bbox 415 1232 580 1282; x_wconf 85' lang='lat' dir='ltr'>potest,</span> <span class='ocrx_word' id='word_1_129' title='bbox 607 1223 690 1267; x_wconf 90' lang='lat' dir='ltr'>hoe</span> <span class='ocrx_word' id='word_1_130' title='bbox 713 1231 797 1277; x_wconf 82' lang='lat' dir='ltr'>est,</span> <span class='ocrx_word' id='word_1_131' title='bbox 829 1222 1142 1281; x_wconf 86' lang='lat' dir='ltr'>comprehendi</span> <span class='ocrx_word' id='word_1_132' title='bbox 1167 1221 1222 1266; x_wconf 85' lang='lat' dir='ltr'>ad</span> <span class='ocrx_word' id='word_1_133' title='bbox 1249 1221 1434 1266; x_wconf 85' lang='lat' dir='ltr'>salutem</span> <span class='ocrx_word' id='word_1_134' title='bbox 1457 1238 1533 1283; x_wconf 86' lang='lat' dir='ltr'>per</span> <span class='ocrx_word' id='word_1_135' title='bbox 1557 1222 1688 1267; x_wconf 87' lang='lat' dir='ltr'>fidem</span> <span class='ocrx_word' id='word_1_136' title='bbox 1720 1239 1810 1269; x_wconf 88' lang='lat' dir='ltr'>non</span> 
     </span>
     <span class='ocr_line' id='line_1_16' title="bbox 414 1293 1811 1355; baseline 0.001 -17"><span class='ocrx_word' id='word_1_137' title='bbox 414 1296 575 1339; x_wconf 87' lang='lat' dir='ltr'>fictam.</span> <span class='ocrx_word' id='word_1_138' title='bbox 604 1297 726 1338; x_wconf 90' lang='lat' dir='ltr'>Tunc</span> <span class='ocrx_word' id='word_1_139' title='bbox 749 1294 865 1337; x_wconf 88' lang='lat' dir='ltr'>enim</span> <span class='ocrx_word' id='word_1_140' title='bbox 889 1309 978 1338; x_wconf 92' lang='lat' dir='ltr'>non</span> <span class='ocrx_word' id='word_1_141' title='bbox 1003 1293 1183 1353; x_wconf 74' lang='lat' dir='ltr'>poterit,</span> <span class='ocrx_word' id='word_1_142' title='bbox 1210 1310 1310 1339; x_wconf 88' lang='lat' dir='ltr'>cum</span> <span class='ocrx_word' id='word_1_143' title='bbox 1334 1294 1502 1339; x_wconf 89' lang='lat' dir='ltr'>venerit</span> <span class='ocrx_word' id='word_1_144' title='bbox 1526 1295 1740 1355; x_wconf 83' lang='lat' dir='ltr'>judicare,</span> <span class='ocrx_word' id='word_1_145' title='bbox 1766 1304 1811 1340; x_wconf 88' lang='lat' dir='ltr'>et</span> 
     </span>
     <span class='ocr_line' id='line_1_17' title="bbox 414 1364 1808 1425; baseline 0 -16"><span class='ocrx_word' id='word_1_146' title='bbox 414 1364 562 1409; x_wconf 84' lang='lat' dir='ltr'>audita</span> <span class='ocrx_word' id='word_1_147' title='bbox 583 1364 717 1409; x_wconf 83' lang='lat' dir='ltr'>suerit</span> <span class='ocrx_word' id='word_1_148' title='bbox 738 1380 820 1409; x_wconf 87' lang='lat' dir='ltr'>vox</span> <span class='ocrx_word' id='word_1_149' title='bbox 837 1366 927 1425; x_wconf 80' lang='lat' dir='ltr'>ejus</span> <span class='ocrx_word' id='word_1_150' title='bbox 945 1364 1153 1409; x_wconf 86' lang='lat' dir='ltr'>dicentis:</span> <span class='ocrx_word' id='word_1_151' title='bbox 1175 1386 1189 1403; x_wconf 89' lang='lat'>«</span> <span class='ocrx_word' id='word_1_152' title='bbox 1206 1367 1269 1409; x_wconf 92' lang='lat' dir='ltr'>Ite</span> <span class='ocrx_word' id='word_1_153' title='bbox 1291 1365 1336 1408; x_wconf 91' lang='lat' dir='ltr'>in</span> <span class='ocrx_word' id='word_1_154' title='bbox 1351 1364 1493 1423; x_wconf 77' lang='lat' dir='ltr'>ignem</span> <span class='ocrx_word' id='word_1_155' title='bbox 1517 1367 1770 1410; x_wconf 64' lang='lat' dir='ltr'>mternumss.</span> <span class='ocrx_word' id='word_1_156' title='bbox 1789 1383 1808 1409; x_wconf 86' lang='lat'>»</span> 
     </span>
     <span class='ocr_line' id='line_1_18' title="bbox 414 1433 1810 1495; baseline 0.001 -17"><span class='ocrx_word' id='word_1_157' title='bbox 414 1436 633 1489; x_wconf 80' lang='lat' dir='ltr'>Quoniam</span> <span class='ocrx_word' id='word_1_158' title='bbox 658 1451 748 1479; x_wconf 85' lang='lat' dir='ltr'>sera</span> <span class='ocrx_word' id='word_1_159' title='bbox 774 1445 879 1478; x_wconf 88' lang='lat' dir='ltr'>tunc</span> <span class='ocrx_word' id='word_1_160' title='bbox 902 1436 982 1478; x_wconf 87' lang='lat' dir='ltr'>erit</span> <span class='ocrx_word' id='word_1_161' title='bbox 998 1470 1008 1490; x_wconf 83' lang='lat'>‚</span> <span class='ocrx_word' id='word_1_162' title='bbox 1046 1444 1088 1478; x_wconf 89' lang='lat' dir='ltr'>et</span> <span class='ocrx_word' id='word_1_163' title='bbox 1109 1433 1379 1480; x_wconf 83' lang='lat' dir='ltr'>infructuosa</span> <span class='ocrx_word' id='word_1_164' title='bbox 1402 1434 1645 1479; x_wconf 85' lang='lat' dir='ltr'>infidelium</span> <span class='ocrx_word' id='word_1_165' title='bbox 1664 1435 1810 1495; x_wconf 83' lang='lat' dir='ltr'>poeni-</span> 
     </span>
     <span class='ocr_line' id='line_1_19' title="bbox 415 1504 1811 1559; baseline 0.001 -9"><span class='ocrx_word' id='word_1_166' title='bbox 415 1507 594 1551; x_wconf 58' lang='lat' dir='ltr'>tentia«</span> <span class='ocrx_word' id='word_1_167' title='bbox 615 1505 803 1550; x_wconf 90' lang='lat' dir='ltr'>Tonabit</span> <span class='ocrx_word' id='word_1_168' title='bbox 821 1504 941 1549; x_wconf 82' lang='lat' dir='ltr'>sortis</span> <span class='ocrx_word' id='word_1_169' title='bbox 960 1505 1004 1548; x_wconf 90' lang='lat' dir='ltr'>in</span> <span class='ocrx_word' id='word_1_170' title='bbox 1021 1521 1126 1549; x_wconf 90' lang='lat' dir='ltr'>vocc</span> <span class='ocrx_word' id='word_1_171' title='bbox 1143 1521 1218 1549; x_wconf 89' lang='lat' dir='ltr'>sua</span> <span class='ocrx_word' id='word_1_172' title='bbox 1235 1505 1492 1550; x_wconf 87' lang='lat' dir='ltr'>mirabiliter</span> <span class='ocrx_word' id='word_1_173' title='bbox 1508 1506 1538 1549; x_wconf 76' lang='lat'>⁴.</span> <span class='ocrx_word' id='word_1_174' title='bbox 1551 1527 1567 1546; x_wconf 75' lang='lat'>&gt;›</span> <span class='ocrx_word' id='word_1_175' title='bbox 1591 1506 1702 1559; x_wconf 89' lang='lat' dir='ltr'>Quia</span> <span class='ocrx_word' id='word_1_176' title='bbox 1721 1522 1811 1551; x_wconf 89' lang='lat' dir='ltr'>non</span> 
     </span>
     <span class='ocr_line' id='line_1_20' title="bbox 414 1576 1810 1637; baseline 0 -16"><span class='ocrx_word' id='word_1_177' title='bbox 414 1577 683 1622; x_wconf 82' lang='lat' dir='ltr'>fortitudinis</span> <span class='ocrx_word' id='word_1_178' title='bbox 707 1580 821 1637; x_wconf 77' lang='lat' dir='ltr'>ejus7</span> <span class='ocrx_word' id='word_1_179' title='bbox 843 1576 919 1620; x_wconf 85' lang='lat' dir='ltr'>sed</span> <span class='ocrx_word' id='word_1_180' title='bbox 937 1576 1197 1620; x_wconf 85' lang='lat' dir='ltr'>infirmitatis</span> <span class='ocrx_word' id='word_1_181' title='bbox 1225 1585 1384 1620; x_wconf 80' lang='lat' dir='ltr'>nostrae</span> <span class='ocrx_word' id='word_1_182' title='bbox 1407 1592 1456 1620; x_wconf 82' lang='lat' dir='ltr'>ex</span> <span class='ocrx_word' id='word_1_183' title='bbox 1479 1576 1810 1636; x_wconf 79' lang='lat' dir='ltr'>participatione</span> 
     </span>
     <span class='ocr_line' id='line_1_21' title="bbox 412 1646 1811 1708; baseline 0 -16"><span class='ocrx_word' id='word_1_184' title='bbox 412 1649 686 1693; x_wconf 74' lang='lat' dir='ltr'>mortalitatis</span> <span class='ocrx_word' id='word_1_185' title='bbox 709 1664 791 1692; x_wconf 79' lang='lat' dir='ltr'>vox</span> <span class='ocrx_word' id='word_1_186' title='bbox 814 1647 886 1691; x_wconf 91' lang='lat' dir='ltr'>illa</span> <span class='ocrx_word' id='word_1_187' title='bbox 912 1646 994 1691; x_wconf 83' lang='lat' dir='ltr'>fuit</span> <span class='ocrx_word' id='word_1_188' title='bbox 1016 1648 1143 1707; x_wconf 88' lang='lat' dir='ltr'>primi</span> <span class='ocrx_word' id='word_1_189' title='bbox 1166 1647 1379 1692; x_wconf 84' lang='lat' dir='ltr'>adventus</span> <span class='ocrx_word' id='word_1_190' title='bbox 1397 1648 1509 1708; x_wconf 83' lang='lat' dir='ltr'>ejus,</span> <span class='ocrx_word' id='word_1_191' title='bbox 1536 1648 1591 1692; x_wconf 91' lang='lat' dir='ltr'>de</span> <span class='ocrx_word' id='word_1_192' title='bbox 1613 1665 1702 1708; x_wconf 83' lang='lat' dir='ltr'>quo</span> <span class='ocrx_word' id='word_1_193' title='bbox 1717 1647 1811 1693; x_wconf 86' lang='lat' dir='ltr'>dic-</span> 
     </span>
     <span class='ocr_line' id='line_1_22' title="bbox 414 1716 1804 1771; baseline -0.001 -8"><span class='ocrx_word' id='word_1_194' title='bbox 414 1728 507 1763; x_wconf 85' lang='lat' dir='ltr'>tum</span> <span class='ocrx_word' id='word_1_195' title='bbox 522 1728 609 1763; x_wconf 87' lang='lat' dir='ltr'>est:</span> <span class='ocrx_word' id='word_1_196' title='bbox 633 1739 649 1759; x_wconf 68' lang='grc' dir='ltr'>ι(</span> <span class='ocrx_word' id='word_1_197' title='bbox 670 1717 800 1771; x_wconf 88' lang='lat' dir='ltr'>Quod</span> <span class='ocrx_word' id='word_1_198' title='bbox 816 1718 1039 1760; x_wconf 88' lang='lat' dir='ltr'>infirmum</span> <span class='ocrx_word' id='word_1_199' title='bbox 1056 1726 1117 1760; x_wconf 89' lang='lat' dir='ltr'>est</span> <span class='ocrx_word' id='word_1_200' title='bbox 1141 1717 1234 1770; x_wconf 72' lang='lat' dir='ltr'>Dei,</span> <span class='ocrx_word' id='word_1_201' title='bbox 1258 1716 1413 1761; x_wconf 84' lang='lat' dir='ltr'>fortius</span> <span class='ocrx_word' id='word_1_202' title='bbox 1438 1727 1500 1761; x_wconf 84' lang='lat' dir='ltr'>est</span> <span class='ocrx_word' id='word_1_203' title='bbox 1518 1718 1804 1762; x_wconf 80' lang='lat' dir='ltr'>hon1inihus⁵.</span> 
     </span>
     <span class='ocr_line' id='line_1_23' title="bbox 417 1787 1808 1848; baseline 0.001 -18"><span class='ocrx_word' id='word_1_204' title='bbox 417 1810 434 1830; x_wconf 80' lang='lat'>»</span> <span class='ocrx_word' id='word_1_205' title='bbox 460 1790 583 1834; x_wconf 84' lang='lat' dir='ltr'>Fecit</span> <span class='ocrx_word' id='word_1_206' title='bbox 605 1788 721 1832; x_wconf 89' lang='lat' dir='ltr'>enim</span> <span class='ocrx_word' id='word_1_207' title='bbox 743 1803 897 1846; x_wconf 81' lang='lat' dir='ltr'>magna</span> <span class='ocrx_word' id='word_1_208' title='bbox 925 1803 1025 1847; x_wconf 83' lang='lat' dir='ltr'>quae</span> <span class='ocrx_word' id='word_1_209' title='bbox 1056 1787 1395 1831; x_wconf 67' lang='lat' dir='ltr'>nesciebamusss.</span> <span class='ocrx_word' id='word_1_210' title='bbox 1425 1808 1442 1829; x_wconf 89' lang='lat'>»</span> <span class='ocrx_word' id='word_1_211' title='bbox 1471 1788 1639 1832; x_wconf 72' lang='lat' dir='ltr'>Haecin</span> <span class='ocrx_word' id='word_1_212' title='bbox 1667 1789 1808 1848; x_wconf 88' lang='lat' dir='ltr'>primo</span> 
     </span>
     <span class='ocr_line' id='line_1_24' title="bbox 412 1857 1808 1920; baseline 0 -15"><span class='ocrx_word' id='word_1_213' title='bbox 412 1860 627 1917; x_wconf 78' lang='lat' dir='ltr'>adventu3</span> <span class='ocrx_word' id='word_1_214' title='bbox 657 1869 701 1903; x_wconf 94' lang='lat' dir='ltr'>et</span> <span class='ocrx_word' id='word_1_215' title='bbox 732 1860 830 1903; x_wconf 89' lang='lat' dir='ltr'>ideo</span> <span class='ocrx_word' id='word_1_216' title='bbox 864 1869 1012 1918; x_wconf 88' lang='lat' dir='ltr'>postea</span> <span class='ocrx_word' id='word_1_217' title='bbox 1041 1857 1096 1902; x_wconf 88' lang='lat' dir='ltr'>ad</span> <span class='ocrx_word' id='word_1_218' title='bbox 1129 1857 1341 1917; x_wconf 74' lang='lat' dir='ltr'>exigenda</span> <span class='ocrx_word' id='word_1_219' title='bbox 1371 1875 1470 1920; x_wconf 80' lang='lat' dir='ltr'>quoe</span> <span class='ocrx_word' id='word_1_220' title='bbox 1497 1859 1643 1914; x_wconf 79' lang='lat' dir='ltr'>dedit,</span> <span class='ocrx_word' id='word_1_221' title='bbox 1673 1859 1808 1920; x_wconf 82' lang='lat' dir='ltr'>judex</span> 
     </span>
     <span class='ocr_line' id='line_1_25' title="bbox 410 1929 1806 1991; baseline 0.001 -16"><span class='ocrx_word' id='word_1_222' title='bbox 410 1932 722 1991; x_wconf 55' lang='lat' dir='ltr'>venturusgest.</span> <span class='ocrx_word' id='word_1_223' title='bbox 753 1950 769 1971; x_wconf 88' lang='lat'>«</span> <span class='ocrx_word' id='word_1_224' title='bbox 798 1932 906 1983; x_wconf 78' lang='lat' dir='ltr'>Quae</span> <span class='ocrx_word' id='word_1_225' title='bbox 937 1929 1235 1974; x_wconf 86' lang='lat' dir='ltr'>nesciebamus</span> <span class='ocrx_word' id='word_1_226' title='bbox 1263 1951 1279 1972; x_wconf 83' lang='lat'>»</span> <span class='ocrx_word' id='word_1_227' title='bbox 1309 1940 1454 1974; x_wconf 82' lang='lat' dir='ltr'>autem</span> <span class='ocrx_word' id='word_1_228' title='bbox 1484 1930 1649 1975; x_wconf 85' lang='lat' dir='ltr'>dictum</span> <span class='ocrx_word' id='word_1_229' title='bbox 1674 1940 1806 1976; x_wconf 85' lang='lat' dir='ltr'>estex</span> 
     </span>
     <span class='ocr_line' id='line_1_26' title="bbox 409 2001 1804 2064; baseline -0.001 -17"><span class='ocrx_word' id='word_1_230' title='bbox 409 2020 593 2064; x_wconf 85' lang='lat' dir='ltr'>persona</span> <span class='ocrx_word' id='word_1_231' title='bbox 609 2018 783 2057; x_wconf 84' lang='lat' dir='ltr'>eorum,</span> <span class='ocrx_word' id='word_1_232' title='bbox 810 2018 920 2063; x_wconf 87' lang='lat' dir='ltr'>quos</span> <span class='ocrx_word' id='word_1_233' title='bbox 937 2002 1064 2046; x_wconf 82' lang='lat' dir='ltr'>latuit</span> <span class='ocrx_word' id='word_1_234' title='bbox 1086 2002 1297 2045; x_wconf 86' lang='lat' dir='ltr'>Divinitas</span> <span class='ocrx_word' id='word_1_235' title='bbox 1315 2002 1516 2057; x_wconf 84' lang='lat' dir='ltr'>Domini,</span> <span class='ocrx_word' id='word_1_236' title='bbox 1544 2002 1588 2046; x_wconf 92' lang='lat' dir='ltr'>in</span> <span class='ocrx_word' id='word_1_237' title='bbox 1618 2001 1804 2046; x_wconf 86' lang='lat' dir='ltr'>infirmi-</span> 
     </span>
     <span class='ocr_line' id='line_1_27' title="bbox 410 2072 1805 2133; baseline -0.001 -15"><span class='ocrx_word' id='word_1_238' title='bbox 410 2083 544 2118; x_wconf 85' lang='lat' dir='ltr'>tatem</span> <span class='ocrx_word' id='word_1_239' title='bbox 575 2074 714 2118; x_wconf 88' lang='lat' dir='ltr'>carnis</span> <span class='ocrx_word' id='word_1_240' title='bbox 749 2073 981 2117; x_wconf 82' lang='lat' dir='ltr'>intuentes.</span> <span class='ocrx_word' id='word_1_241' title='bbox 1025 2091 1041 2110; x_wconf 89' lang='lat'><strong><em>«</em></strong></span> <span class='ocrx_word' id='word_1_242' title='bbox 1080 2072 1338 2132; x_wconf 61' lang='lat' dir='ltr'>Praecipiens</span> <span class='ocrx_word' id='word_1_243' title='bbox 1365 2072 1501 2116; x_wconf 89' lang='lat' dir='ltr'>nubi:</span> <span class='ocrx_word' id='word_1_244' title='bbox 1541 2075 1646 2117; x_wconf 82' lang='lat' dir='ltr'>Esto</span> <span class='ocrx_word' id='word_1_245' title='bbox 1674 2088 1805 2133; x_wconf 88' lang='lat' dir='ltr'>super</span> 
     </span>
     <span class='ocr_line' id='line_1_28' title="bbox 414 2144 1798 2204; baseline 0.001 -17"><span class='ocrx_word' id='word_1_246' title='bbox 414 2167 430 2187; x_wconf 86' lang='lat'>»</span> <span class='ocrx_word' id='word_1_247' title='bbox 460 2155 618 2190; x_wconf 86' lang='lat' dir='ltr'>terram</span> <span class='ocrx_word' id='word_1_248' title='bbox 646 2164 654 2190; x_wconf 78' lang='lat' dir='ltr'><strong><em>z</em></strong></span> <span class='ocrx_word' id='word_1_249' title='bbox 680 2165 696 2187; x_wconf 87' lang='lat'>»</span> <span class='ocrx_word' id='word_1_250' title='bbox 730 2144 849 2188; x_wconf 84' lang='lat' dir='ltr'>carni</span> <span class='ocrx_word' id='word_1_251' title='bbox 872 2160 982 2199; x_wconf 52' lang='lat' dir='ltr'>snae,</span> <span class='ocrx_word' id='word_1_252' title='bbox 1019 2152 1068 2186; x_wconf 89' lang='lat' dir='ltr'>ut</span> <span class='ocrx_word' id='word_1_253' title='bbox 1094 2159 1170 2202; x_wconf 90' lang='lat' dir='ltr'>per</span> <span class='ocrx_word' id='word_1_254' title='bbox 1194 2153 1511 2187; x_wconf 81' lang='lat' dir='ltr'>sacramentum</span> <span class='ocrx_word' id='word_1_255' title='bbox 1541 2144 1798 2204; x_wconf 83' lang='lat' dir='ltr'>accipiatur,</span> 
     </span>
     <span class='ocr_line' id='line_1_29' title="bbox 408 2213 1806 2275; baseline -0.001 -14"><span class='ocrx_word' id='word_1_256' title='bbox 408 2217 452 2261; x_wconf 91' lang='lat' dir='ltr'>in</span> <span class='ocrx_word' id='word_1_257' title='bbox 474 2216 682 2260; x_wconf 87' lang='lat' dir='ltr'>memoria</span> <span class='ocrx_word' id='word_1_258' title='bbox 710 2216 822 2275; x_wconf 85' lang='lat' dir='ltr'>ejus,</span> <span class='ocrx_word' id='word_1_259' title='bbox 844 2213 900 2258; x_wconf 86' lang='lat' dir='ltr'>ad</span> <span class='ocrx_word' id='word_1_260' title='bbox 925 2214 1210 2258; x_wconf 83' lang='lat' dir='ltr'>imitationem</span> <span class='ocrx_word' id='word_1_261' title='bbox 1246 2213 1501 2258; x_wconf 86' lang='lat' dir='ltr'>humilitatis</span> <span class='ocrx_word' id='word_1_262' title='bbox 1525 2223 1569 2258; x_wconf 91' lang='lat' dir='ltr'>ct</span> <span class='ocrx_word' id='word_1_263' title='bbox 1593 2213 1806 2259; x_wconf 79' lang='lat' dir='ltr'>informa-</span> 
     </span>
     <span class='ocr_line' id='line_1_30' title="bbox 409 2283 1802 2344; baseline -0.003 -12"><span class='ocrx_word' id='word_1_264' title='bbox 409 2289 570 2333; x_wconf 89' lang='lat' dir='ltr'>tionem</span> <span class='ocrx_word' id='word_1_265' title='bbox 590 2287 824 2331; x_wconf 83' lang='lat' dir='ltr'>charitatis.</span> <span class='ocrx_word' id='word_1_266' title='bbox 856 2306 872 2325; x_wconf 85' lang='lat'>«</span> <span class='ocrx_word' id='word_1_267' title='bbox 897 2288 953 2330; x_wconf 85' lang='lat' dir='ltr'>Et</span> <span class='ocrx_word' id='word_1_268' title='bbox 977 2293 1204 2343; x_wconf 85' lang='lat' dir='ltr'>tempestas</span> <span class='ocrx_word' id='word_1_269' title='bbox 1226 2283 1386 2343; x_wconf 64' lang='lat' dir='ltr'>pluvia}</span> <span class='ocrx_word' id='word_1_270' title='bbox 1405 2293 1448 2328; x_wconf 89' lang='lat' dir='ltr'>et</span> <span class='ocrx_word' id='word_1_271' title='bbox 1465 2293 1695 2344; x_wconf 83' lang='lat' dir='ltr'>tempestas</span> <span class='ocrx_word' id='word_1_272' title='bbox 1717 2284 1802 2328; x_wconf 84' lang='lat' dir='ltr'>im·</span> 
     </span>
     <span class='ocr_line' id='line_1_31' title="bbox 412 2355 1800 2419; baseline -0.001 -18"><span class='ocrx_word' id='word_1_273' title='bbox 412 2382 428 2401; x_wconf 83' lang='lat'>»</span> <span class='ocrx_word' id='word_1_274' title='bbox 452 2360 596 2403; x_wconf 88' lang='lat' dir='ltr'>brium</span> <span class='ocrx_word' id='word_1_275' title='bbox 618 2358 844 2419; x_wconf 84' lang='lat' dir='ltr'>potcstatis</span> <span class='ocrx_word' id='word_1_276' title='bbox 861 2358 995 2418; x_wconf 82' lang='lat' dir='ltr'>ejus⁷.</span> <span class='ocrx_word' id='word_1_277' title='bbox 1027 2376 1043 2397; x_wconf 87' lang='lat'>»</span> <span class='ocrx_word' id='word_1_278' title='bbox 1068 2359 1144 2400; x_wconf 87' lang='lat' dir='ltr'>Est</span> <span class='ocrx_word' id='word_1_279' title='bbox 1165 2356 1279 2399; x_wconf 87' lang='lat' dir='ltr'>enim</span> <span class='ocrx_word' id='word_1_280' title='bbox 1304 2355 1442 2400; x_wconf 88' lang='lat' dir='ltr'>nubes</span> <span class='ocrx_word' id='word_1_281' title='bbox 1464 2355 1643 2416; x_wconf 89' lang='lat' dir='ltr'>quidem</span> <span class='ocrx_word' id='word_1_282' title='bbox 1670 2371 1800 2416; x_wconf 89' lang='lat' dir='ltr'>super</span> 
     </span>
     <span class='ocr_line' id='line_1_32' title="bbox 408 2425 1798 2489; baseline -0.004 -14"><span class='ocrx_word' id='word_1_283' title='bbox 408 2440 565 2475; x_wconf 87' lang='lat' dir='ltr'>terram</span> <span class='ocrx_word' id='word_1_284' title='bbox 598 2429 702 2474; x_wconf 87' lang='lat' dir='ltr'>:sed</span> <span class='ocrx_word' id='word_1_285' title='bbox 733 2427 910 2489; x_wconf 84' lang='lat' dir='ltr'>quando</span> <span class='ocrx_word' id='word_1_286' title='bbox 937 2426 1201 2486; x_wconf 78' lang='lat' dir='ltr'>exprimatur</span> <span class='ocrx_word' id='word_1_287' title='bbox 1236 2426 1291 2470; x_wconf 83' lang='lat' dir='ltr'>ad</span> <span class='ocrx_word' id='word_1_288' title='bbox 1319 2425 1535 2485; x_wconf 80' lang='lat' dir='ltr'>irriganda</span> <span class='ocrx_word' id='word_1_289' title='bbox 1567 2426 1699 2471; x_wconf 86' lang='lat' dir='ltr'>corda</span> <span class='ocrx_word' id='word_1_290' title='bbox 1720 2441 1798 2486; x_wconf 85' lang='lat' dir='ltr'>per</span> 
     </span>
    </p>
   </div>
   <div class='ocr_carea' id='block_1_2' title="bbox 1792 1107 1833 3284">
    <p class='ocr_par' dir='ltr' id='par_1_3' title="bbox 1792 1107 1833 3284">
     <span class='ocr_line' id='line_1_33' title="bbox 1823 1107 1833 1314; baseline 0 0"><span class='ocrx_word' id='word_1_291' title='bbox 1823 1107 1833 1314; x_wconf 95' lang='lat' dir='ltr'>   </span> 
     </span>
     <span class='ocr_line' id='line_1_34' title="bbox 1822 1314 1833 1386; baseline 0 1898"><span class='ocrx_word' id='word_1_292' title='bbox 1822 1314 1833 1386; x_wconf 95' lang='lat' dir='ltr'> </span> 
     </span>
     <span class='ocr_line' id='line_1_35' title="bbox 1821 1386 1833 1455; baseline 0 1829"><span class='ocrx_word' id='word_1_293' title='bbox 1821 1386 1833 1455; x_wconf 95' lang='lat' dir='ltr'> </span> 
     </span>
     <span class='ocr_line' id='line_1_36' title="bbox 1820 1455 1833 1526; baseline 0 1758"><span class='ocrx_word' id='word_1_294' title='bbox 1820 1455 1833 1526; x_wconf 95' lang='lat' dir='ltr'> </span> 
     </span>
     <span class='ocr_line' id='line_1_37' title="bbox 1817 1526 1833 1667; baseline 0 -81"><span class='ocrx_word' id='word_1_295' title='bbox 1817 1526 1833 1667; x_wconf 95' lang='lat' dir='ltr'>  </span> 
     </span>
     <span class='ocr_line' id='line_1_38' title="bbox 1816 1667 1833 1739; baseline 0 1545"><span class='ocrx_word' id='word_1_296' title='bbox 1816 1667 1833 1739; x_wconf 95' lang='lat' dir='ltr'> </span> 
     </span>
     <span class='ocr_line' id='line_1_39' title="bbox 1813 1739 1833 1878; baseline 0 -80"><span class='ocrx_word' id='word_1_297' title='bbox 1813 1739 1833 1878; x_wconf 95' lang='lat' dir='ltr'>  </span> 
     </span>
     <span class='ocr_line' id='line_1_40' title="bbox 1812 1878 1831 1951; baseline 0 1333"><span class='ocrx_word' id='word_1_298' title='bbox 1812 1878 1831 1951; x_wconf 95' lang='lat' dir='ltr'> </span> 
     </span>
     <span class='ocr_line' id='line_1_41' title="bbox 1810 1951 1830 2022; baseline 0 1262"><span class='ocrx_word' id='word_1_299' title='bbox 1810 1951 1830 2022; x_wconf 95' lang='lat' dir='ltr'> </span> 
     </span>
     <span class='ocr_line' id='line_1_42' title="bbox 1809 2022 1830 2095; baseline 0 1189"><span class='ocrx_word' id='word_1_300' title='bbox 1809 2022 1830 2095; x_wconf 95' lang='lat' dir='ltr'> </span> 
     </span>
     <span class='ocr_line' id='line_1_43' title="bbox 1808 2095 1828 2163; baseline 0 1121"><span class='ocrx_word' id='word_1_301' title='bbox 1808 2095 1828 2163; x_wconf 95' lang='lat' dir='ltr'> </span> 
     </span>
     <span class='ocr_line' id='line_1_44' title="bbox 1808 2163 1826 2234; baseline 0 1050"><span class='ocrx_word' id='word_1_302' title='bbox 1808 2163 1826 2234; x_wconf 95' lang='lat' dir='ltr'> </span> 
     </span>
     <span class='ocr_line' id='line_1_45' title="bbox 1806 2234 1825 2306; baseline 0 978"><span class='ocrx_word' id='word_1_303' title='bbox 1806 2234 1825 2306; x_wconf 95' lang='lat' dir='ltr'> </span> 
     </span>
     <span class='ocr_line' id='line_1_46' title="bbox 1804 2306 1823 2521; baseline 0 -147"><span class='ocrx_word' id='word_1_304' title='bbox 1804 2306 1823 2521; x_wconf 95' lang='lat' dir='ltr'>    </span> 
     </span>
     <span class='ocr_line' id='line_1_47' title="bbox 1792 2521 1818 3284; baseline 0 -680"><span class='ocrx_word' id='word_1_305' title='bbox 1792 2521 1818 3284; x_wconf 95' lang='lat' dir='ltr'>  </span> 
     </span>
    </p>
   </div>
   <div class='ocr_carea' id='block_1_3' title="bbox 406 2498 1808 2624">
    <p class='ocr_par' dir='ltr' id='par_1_4' title="bbox 406 2498 1808 2624">
     <span class='ocr_line' id='line_1_48' title="bbox 454 2498 1808 2569; baseline -0.003 -11"><span class='ocrx_word' id='word_1_306' title='bbox 454 2534 459 2549; x_wconf 92' lang='lat'>¹</span> <span class='ocrx_word' id='word_1_307' title='bbox 488 2526 601 2558; x_wconf 80' lang='lat' dir='ltr'>Mattb.</span> <span class='ocrx_word' id='word_1_308' title='bbox 630 2538 681 2567; x_wconf 84' lang='grc' dir='ltr'><strong>ιιι,</strong></span> <span class='ocrx_word' id='word_1_309' title='bbox 713 2534 745 2557; x_wconf 77' lang='lat'>2.</span> <span class='ocrx_word' id='word_1_310' title='bbox 763 2541 804 2546; x_wconf 93' lang='lat'>—-</span> <span class='ocrx_word' id='word_1_311' title='bbox 826 2531 837 2546; x_wconf 83' lang='lat'><em>2</em></span> <span class='ocrx_word' id='word_1_312' title='bbox 857 2524 930 2555; x_wconf 89' lang='lat' dir='ltr'>Job.</span> <span class='ocrx_word' id='word_1_313' title='bbox 965 2533 1092 2562; x_wconf 58' lang='lat' dir='ltr'>xxxvii,</span> <span class='ocrx_word' id='word_1_314' title='bbox 1118 2520 1183 2563; x_wconf 74' lang='lat'>1-.‘}.</span> <span class='ocrx_word' id='word_1_315' title='bbox 1207 2532 1247 2543; x_wconf 66' lang='lat'>⁵-</span> <span class='ocrx_word' id='word_1_316' title='bbox 1274 2519 1288 2544; x_wconf 82' lang='lat'>3</span> <span class='ocrx_word' id='word_1_317' title='bbox 1306 2521 1419 2553; x_wconf 80' lang='lat' dir='ltr'>Matth.</span> <span class='ocrx_word' id='word_1_318' title='bbox 1441 2532 1525 2563; x_wconf 79' lang='lat' dir='ltr'>xxv,</span> <span class='ocrx_word' id='word_1_319' title='bbox 1548 2519 1603 2563; x_wconf 76' lang='grc' dir='ltr'>[μ.</span> <span class='ocrx_word' id='word_1_320' title='bbox 1626 2538 1666 2544; x_wconf 88' lang='lat'>—-</span> <span class='ocrx_word' id='word_1_321' title='bbox 1687 2519 1702 2551; x_wconf 72' lang='lat'><em>4</em></span> <span class='ocrx_word' id='word_1_322' title='bbox 1721 2498 1808 2569; x_wconf 21' lang='lat' dir='ltr'>Job.?</span> 
     </span>
     <span class='ocr_line' id='line_1_49' title="bbox 406 2578 1542 2624; baseline -0.004 -10"><span class='ocrx_word' id='word_1_323' title='bbox 406 2595 528 2624; x_wconf 61' lang='lat' dir='ltr'>xxxvii,</span> <span class='ocrx_word' id='word_1_324' title='bbox 550 2584 580 2616; x_wconf 82' lang='lat'>5.</span> <span class='ocrx_word' id='word_1_325' title='bbox 602 2599 643 2606; x_wconf 89' lang='lat'>—-·</span> <span class='ocrx_word' id='word_1_326' title='bbox 662 2581 676 2605; x_wconf 84' lang='lat'>⁵</span> <span class='ocrx_word' id='word_1_327' title='bbox 700 2594 711 2614; x_wconf 89' lang='grc' dir='ltr'><strong><em>ι</em></strong></span> <span class='ocrx_word' id='word_1_328' title='bbox 732 2585 805 2615; x_wconf 78' lang='lat' dir='ltr'>Cor.</span> <span class='ocrx_word' id='word_1_329' title='bbox 828 2580 922 2622; x_wconf 67' lang='lat'>1725.</span> <span class='ocrx_word' id='word_1_330' title='bbox 945 2597 984 2602; x_wconf 90' lang='lat'>—-</span> <span class='ocrx_word' id='word_1_331' title='bbox 999 2578 1098 2611; x_wconf 58' lang='lat' dir='ltr'>“Job.</span> <span class='ocrx_word' id='word_1_332' title='bbox 1121 2589 1242 2620; x_wconf 75' lang='lat' dir='ltr'>xxxvii,</span> <span class='ocrx_word' id='word_1_333' title='bbox 1263 2578 1292 2609; x_wconf 84' lang='lat'>5.</span> <span class='ocrx_word' id='word_1_334' title='bbox 1310 2595 1351 2600; x_wconf 94' lang='lat'>—-</span> <span class='ocrx_word' id='word_1_335' title='bbox 1370 2584 1384 2610; x_wconf 91' lang='lat'><em>7</em></span> <span class='ocrx_word' id='word_1_336' title='bbox 1404 2578 1483 2609; x_wconf 86' lang='lat' dir='ltr'>Ibid.</span> <span class='ocrx_word' id='word_1_337' title='bbox 1508 2578 1542 2610; x_wconf 87' lang='lat'>6.</span> 
     </span>
    </p>
   </div>
  </div>
 </body>
</html>
