1833 3284
375 288 619 318 ENARRATIO
650 292 683 319 11
714 292 760 319 m
791 290 996 319 PsALMUM
1024 289 1139 317 XXXI.
1364 276 1445 317 441

68 374 90 399 »
123 356 170 400 in
185 356 270 400 hoc
297 370 495 400 sermone
517 355 830 416 recapitulatur
853 376 862 400 ε
883 356 1040 414 Diliges
1057 355 1302 416 proximum
1323 364 1452 399 tuum

67 445 88 468 »
123 435 332 487 tanquam
360 435 404 470 te
425 426 566 486 ipsum
592 446 601 471 :
626 426 802 472 dilectio
825 426 1010 486 proximi
1035 425 1199 469 malum
1226 441 1318 470 non
1343 441 1451 486 ope-

68 517 87 540 »
123 506 243 542 ratur
279 516 288 542 ε
323 495 556 542 Plenitudo
587 507 732 542 autem
754 497 877 556 legis,
902 497 1087 541 charitas
1122 498 1153 539 ¹.
1183 495 1452 556 »Numquid

62 568 248 613 charitas
272 567 486 628 permittit
513 568 679 629 aliquid
701 567 804 612 mali
830 577 873 611 te
901 566 1041 612 facere
1064 567 1104 610 ei
1125 581 1258 627 quem
1280 565 1452 624 diligis?

64 638 150 684 Sed
173 637 284 684 forte
299 640 606 684 tantummodo
627 637 729 683 mali
749 638 856 682 nihil
875 638 994 692 facis,
1021 652 1110 682 non
1132 637 1262 681 etiam
1285 636 1452 697 aliquid

62 709 181 754 boni.
199 712 394 767 Ergo-ne
412 710 596 754 charitas
616 709 830 769 permittit
853 718 894 753 te
907 725 997 753 non
1013 717 1218 769 praestare
1233 707 1452 768 quidquid

60 788 184 840 potes
205 779 244 823 ei
272 795 405 840 quem
433 778 603 839 diligis?
624 782 780 826 Nonne
811 778 886 824 illa
920 789 984 824 cst
1019 779 1205 824 charitas
1228 795 1326 839 quae
1358 787 1453 823 orat

62 850 191 894 etiam
216 865 296 909 pro
314 849 524 895 inimicis?
545 853 660 908 Ergo
682 849 839 894 deserit
862 850 1049 894 amicum
1065 885 1076 905 ‚
1096 850 1173 910 qui
1197 850 1309 893 bene
1331 858 1454 909 optat

60 921 263 965 inimico?
281 924 435 982 Itaque
458 922 491 965 si
510 922 617 965 fides
639 922 731 966 sine
758 920 989 966 dilectione
1010 922 1077 976 sit,
1098 922 1190 965 sine
1207 936 1337 981 opere
1355 921 1450 965 erit.

62 993 126 1037 Ne
153 1000 298 1036 autem
319 991 459 1036 multa
482 992 641 1050 cogites
663 992 717 1036 de
740 984 869 1051 opere
891 991 1014 1047 fidei,
1047 990 1159 1036 addc
1177 991 1240 1035 illi
1264 1007 1384 1050 spem
1413 1001 1456 1035 et

61 1062 363 1119 dilectionem,
389 1073 432 1108 et
460 1063 551 1108 noli
574 1064 764 1123 cogitare
796 1063 905 1124 quid
929 1064 1131 1122 opereris.
1165 1066 1263 1123 Ipsa
1284 1062 1457 1108 dilectio

59 1150 213 1179 vacare
234 1151 323 1180 non
347 1144 505 1196 potest.
532 1135 650 1189 Quid
666 1136 783 1179 enim
805 1135 860 1179 de
882 1151 1105 1196 quoquam
1126 1135 1306 1179 homine
1327 1136 1458 1178 etiam

61 1205 174 1251 male
202 1216 407 1266 operatur
438 1207 520 1250 nisi
543 1209 689 1251 amor?
710 1210 776 1251 Da
798 1207 905 1250 mihi
940 1216 1165 1251 vacantem
1195 1221 1385 1250 amorem
1415 1215 1459 1250 et

60 1275 169 1321 nihil
190 1287 457 1337 operantem.
485 1276 685 1336 Flagstia,
711 1276 942 1332 adulteria,
969 1275 1176 1331 facinora,
1202 1275 1452 1330 homicidia,

7 1342 9 1345 ’
59 1347 253 1393 luxurias
276 1364 447 1404 omnes,
468 1364 615 1393 nonne
645 1364 766 1392 amor
789 1350 1022 1408 operatur?
1047 1351 1184 1405 Purga
1210 1362 1310 1404 ergo
1332 1363 1456 1392 amo-

61 1434 151 1463 rem
175 1428 303 1463 tuum
330 1439 339 1464 :
365 1435 524 1479 aquam
545 1420 757 1463 fluentem
779 1419 824 1463 in
848 1419 1038 1464 cloacam
1058 1428 1263 1463 converte
1287 1418 1341 1462 ad
1359 1419 1457 1462 hor-

61 1498 155 1534 tum
177 1510 186 1535 :
212 1489 362 1550 quales
389 1490 578 1550 impetus
605 1490 798 1535 habehat
817 1489 873 1534 ad
894 1488 1134 1543 mundum,
1163 1488 1269 1533 tales
1295 1489 1456 1533 habeat

60 1560 114 1604 ad
130 1561 340 1605 artificem
352 1559 522 1604 mundi.
539 1563 656 1606 Num
668 1560 791 1605 vobis
809 1559 968 1604 dicitur
985 1580 993 1605 2
1010 1559 1127 1605 Nihil
1141 1559 1451 1604 ametis?a])sit.

61 1631 199 1689 Pigri,
234 1631 420 1686 mortui,
446 1629 713 1686 detestandi,
745 1630 888 1674 miseri
912 1630 1046 1686 critis,
1079 1631 1113 1675 si
1146 1629 1258 1674 nihil
1288 1631 1451 1674 ametis.

60 1705 231 1758 Amate,
256 1702 332 1747 sed
352 1702 460 1763 quid
480 1703 630 1746 ametis
645 1701 803 1746 videte.
830 1705 965 1746 Amor
982 1702 1076 1756 Dei,
1103 1717 1222 1745 amor
1243 1701 1452 1760 proximi,

59 1774 244 1819 charitas
255 1774 414 1819 dicitur
430 1793 438 1819 ;
458 1789 579 1818 amor
591 1773 763 1829 mundi,
776 1789 895 1818 amor
910 1774 1040 1834 hujus
1059 1771 1220 1828 sacculi,
1241 1771 1455 1832 cupiditas

60 1845 237 1889 dicitur.
260 1840 486 1906 Cupiditas
500 1843 760 1899 refrenetur,
784 1845 968 1888 charitas
983 1844 1209 1888 excitetur.
1228 1846 1324 1902 Ipsa
1338 1843 1454 1887 enim

14 1909 16 1911 ’
60 1917 246 1961 charitas
279 1917 392 1961 bene
425 1916 666 1976 operantiS‚
690 1915 746 1960 da
781 1916 820 1959 ci
842 1931 961 1975 spem
1000 1915 1130 1959 bonae
1160 1915 1450 1958 conscientiae.

5 1999 9 2003 '
63 1991 193 2048 Spem
217 1989 334 2033 enim
359 1989 470 2048 gerit
492 1989 608 2033 bona
636 1988 898 2032 conscientia
929 2007 938 2032 ;
968 1985 1191 2047 quomodo
1212 1985 1326 2030 mala
1350 2002 1457 2030 con-

60 2060 237 2104 scientia
259 2069 351 2104 tota
370 2060 418 2103 in
436 2059 736 2120 desperatione
755 2068 834 2114 est,
855 2059 914 2103 sic
939 2060 1053 2103 bona
1079 2057 1341 2102 conscicntia
1366 2066 1456 2102 tota

61 2131 107 2174 in
133 2146 224 2190 spe.
256 2133 315 2175 Et
346 2130 586 2175 e1·unt‡tria
617 2131 736 2185 haec,
778 2129 834 2174 de
861 2130 1021 2190 quibus
1058 2129 1165 2173 dicit
1192 2128 1450 2188 Apostolus,

66 2219 87 2242 «
122 2200 270 2255 Fides,
289 2216 410 2261 spes,
426 2201 611 2245 charitas
633 2205 665 2244 ¹2.
704 2219 724 2241 »
752 2203 806 2244 Et
830 2200 912 2244 alio
930 2199 1026 2243 loco
1043 2199 1132 2259 ipsa
1156 2199 1260 2253 tria,
1283 2198 1359 2243 sed
1375 2215 1455 2259 pro

61 2287 138 2331 spe
148 2271 309 2316 bonam
322 2271 631 2316 conscientiam
644 2271 787 2331 posuit
804 2290 812 2315 ;
829 2290 848 2313 (ι
866 2270 983 2315 Finis
995 2270 1107 2314 enini
1118 2270 1325 2329 praecepti
1337 2272 1418 2313 est3
1431 2288 1450 2310 »

62 2340 184 2387 dixit.
234 2341 354 2395 Quid
396 2350 460 2386 est
490 2342 588 2386 finis
623 2342 855 2401 praecepti?
893 2343 990 2394 Quo
1027 2340 1316 2400 perficiuntur
1347 2355 1455 2400 prae-

62 2420 203 2472 cepta,
220 2427 311 2456 non
326 2427 416 2472 quo
433 2421 766 2456 consumuntur.
784 2410 918 2456 Aliter
932 2411 1047 2455 enirn
1064 2409 1264 2466 dicimus,
1285 2411 1455 2455 Finitus

63 2491 127 2527 est
143 2482 288 2537 cibus3
308 2481 432 2526 aliter
447 2481 650 2537 dicimus,
665 2482 805 2526 Finita
822 2490 886 2524 cst
897 2481 1043 2524 tunica
1065 2497 1164 2540 quae
1186 2481 1416 2525 texebatur
1443 2500 1451 2525 :

61 2553 212 2597 finitur
231 2552 353 2596 cibus
374 2561 425 2597 ut
452 2567 542 2596 non
564 2553 640 2611 sit3
664 2552 814 2596 finitur
836 2551 980 2595 tunica
1009 2560 1060 2595 ut
1078 2550 1270 2610 perfecta
1293 2550 1346 2595 sit
1378 2571 1385 2594 :
1413 2560 1453 2594 et

111 2645 119 2660 ¹
142 2641 231 2670 Rom.
252 2649 322 2677 xnr,
338 2649 374 2680 9,
396 2649 446 2671 10.
464 2655 504 2660 —-
521 2645 534 2660 ²
558 2650 568 2671 1
592 2640 665 2671 Cor.
682 2649 751 2679 xm,
777 2638 828 2670 13.
846 2655 886 2660 -
906 2635 918 2659 3
943 2649 954 2668 1
976 2639 1055 2668 Tim.
1078 2648 1103 2678 1,
1127 2637 1158 2668 εἰ.
