1833 3284
413 261 656 292 ENARRA'no
688 265 734 292 m
765 261 968 291 PsALMUM
1002 264 1078 290 v11.
1353 252 1434 291 173

50 326 409 371 resurrectionem
430 326 622 372 ascendit
643 326 875 377 intcoelum
890 362 901 383 ,
927 327 1039 371 bene
1061 326 1277 387 sequitur,
1302 345 1320 367 «
1344 329 1434 372 Do-

55 415 73 438 »
97 396 240 441 minus
247 396 416 458 judicat
432 397 617 458 populos
637 417 646 443 :
670 417 690 440 »
711 399 811 459 quia
827 396 928 441 inde
941 405 1151 442 venturus
1164 406 1228 441 est
1238 397 1436 458 judicare

49 467 168 522 vivos
190 478 232 513 et
253 479 462 515 mortuos.
487 471 582 516 Sive
603 471 649 514 in
680 469 817 515 altum
838 469 1127 528 regrediatur,
1159 485 1261 513 cum
1282 485 1436 529 pecca-

49 547 163 583 tores
195 538 450 585 christianos
486 540 645 585 deserit
671 540 956 599 intelligentia
985 539 1178 584 veritatis
1209 558 1217 584 :
1243 540 1345 599 quia
1382 540 1436 584 de

49 609 143 669 ipso
167 611 358 656 adventu
388 611 557 657 dictum
578 621 665 668 est,
695 631 715 654 «
736 615 866 656 Putas
887 611 1065 656 veniens
1096 609 1232 654 Filius
1249 611 1437 655 hominis

53 698 73 722 »
99 680 290 726 inveniet
322 681 453 727 fidem
489 698 618 742 super
645 684 859 726 terram1?
891 682 1104 726 Dominus
1139 696 1240 740 ergo
1268 680 1438 742 judicat

52 770 73 794 »
98 751 298 812 populos.
320 771 341 795 »
363 754 471 807 Quis
503 754 736 810 Dominus,
761 753 841 798 nisi
861 756 985 797 Jesus
1009 754 1234 798 Christus?
1266 772 1286 795 «
1311 757 1438 814 Pater

52 842 73 865 »
94 825 210 868 enim
227 840 316 869 non
333 824 503 885 judicat
523 841 789 887 quemquam
802 861 813 881 ,
839 824 914 869 sed
934 840 1063 869 omne
1074 824 1292 885 judicium
1316 824 1439 869 dedit

52 913 72 936 »
93 893 246 940 Filio2.
271 914 291 937 1)
313 898 587 957 Quapropter
607 897 700 942 haec
712 897 854 942 anima
871 912 970 957 quae
986 894 1176 955 perfecte
1197 904 1312 951 orat,
1338 895 1438 940 vide

49 965 422 1026 quemadmodum
456 983 546 1013 non
566 969 715 1013 timeat
730 967 884 1029 judicii
912 966 1027 1011 diem
1043 1002 1054 1022 ,
1091 977 1134 1011 et
1155 982 1255 1010 vere
1287 982 1438 1011 securo

49 1036 263 1082 desiderio
281 1037 396 1083 dicat
412 1039 458 1083 in
483 1040 677 1084 oratione
695 1059 703 1085 :
724 1040 918 1084 «Veniat
939 1054 1123 1098 regnum
1145 1040 1297 1082 tuum3
1320 1057 1329 1082 :
1356 1039 1379 1082 J
1387 1054 1438 1081 u-

51 1127 72 1150 »
99 1107 210 1165 dica,
228 1109 385 1170 inquit,
411 1127 496 1166 1116,
517 1113 716 1167 Domine,
735 1110 977 1156 secundum
993 1111 1204 1170 justitiam
1220 1111 1434 1153 meam4.»

50 1182 103 1224 Ι11
136 1181 346 1240 superiori
377 1181 549 1226 Psalmo
580 1183 779 1226 infirmus
814 1181 1155 1241 deprecabatur,
1194 1181 1438 1224 misericor-

49 1248 165 1294 diam
202 1251 344 1310 potius
372 1252 607 1312 implorans
632 1253 736 1308 Dei,
762 1268 894 1313 qnam
925 1266 1269 1296 commemorans
1296 1250 1439 1294 ullum

49 1321 254 1365 meritum
266 1337 411 1366 suum:
425 1323 633 1382 quoniam
647 1322 780 1367 Filius
796 1322 873 1367 Dei
887 1331 1133 1382 peccatores
1145 1321 1266 1365 venit
1282 1336 1438 1366 vocare

49 1391 96 1436 in
122 1393 468 1452 poenitentiamf’.
505 1397 661 1454 Itaque
683 1394 745 1437 ibi
773 1393 937 1438 dixerat
963 1413 971 1437 :
1002 1413 1018 1433 (ι.
1044 1392 1221 1438 Salvum
1243 1408 1313 1436 me
1339 1391 1408 1437 fac
1424 1428 1434 1447 ,

51 1480 73 1504 »
99 1464 308 1520 Domine,
339 1473 518 1524 propter
538 1464 875 1509 misericordiam
903 1466 1051 1507 tuam⁶
1079 1483 1087 1508 :
1114 1484 1130 1504 »
1156 1462 1203 1507 id
1229 1472 1318 1518 est,
1350 1478 1440 1507 non

49 1543 227 1594 propter
255 1535 459 1579 meritum
491 1550 655 1579 meum.
691 1537 818 1580 Nunc
847 1543 993 1579 autem
1020 1535 1228 1595 quoniam
1260 1542 1440 1578 vocatus

50 1605 194 1650 tenuit
218 1615 261 1651 et
288 1606 474 1652 servavit
497 1615 715 1667 praecepta
745 1623 845 1666 quae
873 1606 1039 1666 accepit
1055 1641 1066 1661 ,
1093 1605 1226 1650 audet
1257 1604 1402 1649 dicere
1428 1620 1436 1645 ε

55 1698 74 1721 ·»
95 1679 250 1724 Judica
272 1695 366 1735 me,
398 1679 603 1734 Domine,
624 1678 865 1724 secundum
881 1677 1096 1738 justitiam
1120 1691 1262 1720 meam
1277 1711 1287 1731 ,
1311 1685 1354 1720 et
1371 1691 1440 1720 se-

54 1770 73 1792 »
100 1749 298 1795 cundum
330 1751 626 1796 innocentiam
646 1765 790 1794 meam
811 1764 940 1809 super
956 1764 1025 1792 me
1041 1750 1070 1791 ⁷.
1103 1768 1119 1789 »
1147 1750 1233 1791 Ista
1257 1755 1320 1790 est
1343 1761 1442 1790 vera

51 1820 316 1877 innocentia,
332 1837 431 1882 quae
447 1836 527 1865 nec
547 1820 723 1865 inimico
737 1829 879 1864 nocet.
898 1822 1052 1879 Itaque
1065 1818 1178 1861 116116
1192 1833 1236 1862 56
1254 1815 1442 1876 judicari

51 1891 245 1951 postulat
259 1891 501 1936 secundum
520 1891 815 1936 innocentiam
837 1905 976 1944 suam,
997 1889 1073 1948 qui
1090 1903 1190 1932 vere
1201 1887 1345 1931 dicere
1361 1902 1442 1946 po-

51 1963 137 2007 tuit
156 1982 164 2007 :
185 1981 201 2003 (ε
223 1963 265 2008 Si
277 1961 448 2007 reddidi
460 1962 802 2007 retribuentibus
817 1961 924 2005 mihi
937 1958 1094 2003 malass.
1119 1957 1282 2011 »Quod
1295 1967 1441 2001 autem

53 2032 250 2088 addidit,
279 2051 296 2073 «
325 2035 463 2093 Super
485 2048 575 2088 me,
605 2054 622 2074 »
644 2048 733 2077 non
756 2031 810 2076 ad
830 2030 1125 2075 innocentiam
1154 2038 1347 2084 tantum,
1366 2027 1442 2072 sed

53 2103 109 2148 ad
125 2103 338 2164 justitiam
364 2119 542 2164 quoque
564 2101 786 2147 subaudiri
807 2111 951 2161 potest
976 2120 983 2145 :
1011 2110 1061 2145 ut
1087 2101 1166 2144 iste
1188 2099 1241 2143 sit
1261 2114 1410 2143 sensus
1429 2118 1438 2144 :

57 2192 75 2213 «
95 2176 119 2218 J
124 2172 250 2218 udica
268 2188 354 2228 me,
369 2173 570 2229 Domine,
587 2171 827 2218 secundum
837 2171 1049 2232 justitiam
1060 2186 1218 2225 meam,
1235 2179 1278 2214 et
1295 2185 1442 2213 secun-

58 2264 78 2288 »
105 2243 212 2288 dum
223 2244 517 2289 innocentiam
532 2260 689 2299 meam,
705 2260 804 2304 quae
813 2242 978 2303 justitia
996 2251 1038 2285 et
1052 2240 1301 2285 innocentia
1314 2255 1442 2299 super

57 2333 78 2357 »
99 2330 169 2359 me
186 2324 250 2359 651
273 2333 282 2359 :
307 2335 325 2357 »
351 2317 449 2368 Quo
472 2313 769 2358 additamento
795 2314 1065 2357 demonstrat
1086 2311 1131 2355 id
1151 2312 1292 2372 ipsum
1322 2308 1442 2371 quod

55 2385 198 2430 anima
213 2390 330 2442 justa
347 2394 410 2429 est
433 2393 477 2428 61
502 2384 733 2440 innocens,
767 2399 858 2428 non
878 2398 954 2443 per
975 2398 1019 2427 56
1042 2382 1225 2436 habere,
1260 2380 1335 2425 sed
1366 2395 1443 2440 per

56 2455 345 2501 illustrantem
365 2467 409 2500 et
425 2454 745 2499 illuminantem
764 2457 921 2499 Deum.
947 2457 1009 2498 De
1029 2454 1110 2497 hac
1133 2453 1248 2497 enim
1272 2451 1378 2496 dicit
1398 2452 1443 2495 in

106 2558 114 2574 ¹
137 2553 214 2584 Luc.
229 2562 315 2594 xviii,
335 2551 368 2584 8.
384 2568 427 2573 -—
443 2557 455 2573 2
470 2553 563 2584 Joan.
580 2562 614 2592 v,
629 2559 683 2583 22.
702 2567 744 2572 —
760 2548 774 2572 3
792 2549 904 2582 11131111.
929 2560 973 2590 vi,
996 2559 1047 2581 10.
1065 2566 1106 2570 —-
1124 2546 1141 2578 4
1165 2547 1248 2580 Psal.
1265 2557 1326 2588 vu,
1343 2558 1376 2589 9.
1402 2563 1442 2568 —-

57 2606 72 2631 5
87 2609 163 2640 Luc.
181 2619 216 2648 v,
237 2607 288 2640 32.
309 2625 349 2629 —
368 2605 383 2630 6
403 2607 481 2639 psat.
499 2618 546 2648 vr,
568 2606 598 2638 5.
619 2623 658 2628 —
676 2606 750 2639 71d.
775 2616 828 2648 vn,
848 2617 880 2647 9.
902 2622 943 2627 —-
962 2603 976 2626 8
994 2603 1078 2636 Ibid.
1101 2603 1133 2636 5.
