1833 3284
428 268 670 296 ENARRATIO
703 271 746 295 m
780 267 983 296 rsALMUM
1017 269 1076 293 vi.
1365 254 1444 292 163

59 344 110 379 ut
134 334 346 394 scriptum
367 341 432 377 cst
457 353 467 378 ι
501 352 522 375 «
546 333 602 378 Hi
623 342 724 377 sunt
746 349 854 394 quos
886 330 1123 392 aliquando
1146 330 1379 374 habuimus
1401 329 1448 373 in

60 422 82 446 n
116 405 250 449 risum
287 412 329 448 et
359 403 405 447 in
437 401 765 447 similitudinem
792 402 1043 463 improperii
1069 421 1077 446 ε
1106 416 1185 445 nos
1211 399 1445 454 insensati,

61 492 83 516 »
116 475 251 519 vitam
266 469 442 518 illorum
466 473 785 518 aestimabamus
806 474 1032 526 insaniam,
1059 480 1101 515 et
1122 472 1253 515 finem
1271 469 1449 514 illorum

60 562 84 588 ³)
118 546 208 590 sine
229 545 397 590 honore
419 563 430 590 ε
455 544 677 605 quomodo
700 545 941 605 computati
958 553 1059 589 sunt
1079 543 1192 586 inter
1213 541 1324 586 filios
1346 540 1446 595 Dei,

62 634 86 659 >v
116 625 159 661 et
181 617 291 661 inter
312 625 482 662 sanctos
501 632 590 661 sors
611 616 789 661 illorum
811 619 908 662 est?
936 619 1052 674 Ergo
1074 613 1308 659 erravimus
1331 629 1354 657 a
1381 612 1451 656 via

63 706 86 731 »
119 688 311 734 veritatis
330 724 341 744 ,
367 698 410 732 et
425 688 604 750 justitiae
625 689 775 733 lumen
792 705 882 733 non
902 687 1016 732 luxit
1036 686 1185 741 nobis,
1211 694 1255 729 et
1275 683 1340 728 sol
1361 698 1452 727 non

63 778 86 802 >›
120 769 185 804 est
206 768 327 805 ortus
348 760 474 805 nobis
502 779 511 805 ε
539 760 692 820 repleti
713 776 862 805 sumus
886 758 1126 819 iniquitatis
1148 757 1216 801 via
1237 765 1282 800 et
1301 753 1452 815 perdi-

64 847 86 872 »
120 830 248 875 tionis
263 865 275 884 ,
300 839 344 875 et
365 830 684 875 ambulavimus
706 829 962 875 solitudines
980 826 1180 872 difficiles
1199 862 1210 882 ,
1235 827 1349 870 viam
1372 840 1454 869 au·-

65 919 87 943 »
121 910 211 946 tem
228 902 401 946 Domini
422 902 728 960 ignoravimus.
755 901 871 955 Quid
895 900 1022 944 nobis
1039 897 1204 959 profuit
1225 897 1449 957 superbia,

65 989 88 1014 »
123 981 199 1016 aut
219 971 324 1033 quid
342 972 592 1017 divitiarum
604 972 784 1033 jactatio
797 970 984 1017 contulit
1001 970 1154 1014 nobis?
1174 968 1455 1013 Transierunt

66 1061 88 1086 »
122 1044 269 1089 omnia
291 1043 368 1089 illa
380 1052 591 1104 tanquam
614 1044 841 1088 umbra1.»

122 1116 246 1159 XIII.
281 1113 412 1168 Quod
432 1125 579 1160 autem
602 1115 689 1159 ait:
712 1133 731 1156 «
747 1116 1086 1167 Convertamur,
1111 1121 1155 1156 et
1177 1110 1456 1156 confundan-

67 1203 88 1227 »
123 1194 197 1230 tur
211 1187 244 1241 2,
272 1204 293 1227 »
325 1186 421 1246 quis
455 1201 544 1230 non
571 1185 741 1245 judicet
771 1199 861 1229 esse
876 1184 1155 1245 justissimam
1177 1197 1380 1242 poenam,
1406 1189 1458 1225 ut

66 1256 392 1301 conversionem
420 1255 475 1300 ad
499 1255 800 1301 confusionem
833 1255 1051 1307 habeant,
1086 1254 1163 1314 qui
1188 1251 1244 1297 ad
1273 1251 1458 1297 salutem

65 1327 228 1372 habere
261 1324 530 1372 noluerunt?
562 1324 728 1370 Deinde
763 1324 946 1379 addidit,
978 1344 997 1366 «
1024 1323 1162 1368 Valde
1189 1322 1409 1368 velociter.
1433 1340 1454 1363 n

67 1401 180 1445 Cum
203 1399 319 1443 enirn
342 1399 433 1459 jam
454 1396 673 1458 desperari
693 1397 876 1457 coeperit
892 1396 1046 1457 judicii
1068 1396 1159 1440 dies
1173 1430 1183 1450 ,
1209 1410 1310 1439 cum
1339 1393 1460 1438 dixe-

67 1471 156 1515 rint
195 1489 204 1515 :
254 1473 406 1524 «Pax,
441 1478 549 1514 tunc
591 1469 651 1513 eis
683 1469 940 1529 repentinus
970 1468 1116 1512 veniet
1148 1466 1348 1511 interitus
1434 1483 1456 1506 »

68 1538 447 1600 Quandocumque
461 1549 605 1584 autem
625 1539 815 1594 vunerit,
834 1538 1058 1584 celerrime
1078 1538 1199 1582 venit
1216 1537 1336 1598 quod
1359 1534 1459 1579 des-

68 1621 245 1673 peratur
266 1627 356 1656 esse
376 1620 611 1656 venturum
630 1646 642 1667 ,
679 1620 723 1655 et
742 1609 1065 1670 longitudinem
1086 1610 1187 1653 vitae
1212 1609 1342 1668 hujus
1370 1623 1460 1653 non

69 1683 173 1728 facit
199 1682 370 1738 sentiri,
394 1681 473 1726 nisi
497 1698 592 1742 spes
612 1680 801 1726 vivendi.
828 1684 938 1726 Nam
960 1679 1070 1724 nihil
1091 1678 1265 1724 videtur
1287 1695 1377 1723 esse
1394 1694 1463 1723 cc-

69 1754 200 1799 lerius
218 1789 229 1809 ,
269 1769 404 1813 quam
431 1753 651 1814 quidquid
687 1753 731 1796 in
765 1767 814 1796 ea
830 1753 923 1812 jam
951 1751 1220 1812 praeteritum
1243 1759 1321 1795 est.
1348 1752 1462 1795 Cum

30 1824 31 1827 ’
71 1839 173 1883 ergo
188 1822 343 1884 judicii
377 1823 468 1868 dies
495 1823 687 1878 venerit,
713 1831 819 1866 tunc
842 1822 1030 1866 sentient
1051 1830 1299 1881 peccatores
1329 1836 1463 1880 quam

71 1910 163 1940 non
186 1894 239 1939 sit
266 1893 397 1953 longa
417 1893 558 1938 omnis
581 1894 669 1938 vita
693 1909 792 1954 quae
819 1893 982 1937 transit.
1003 1895 1092 1937 Nec
1115 1892 1294 1937 omnino
1317 1891 1375 1935 cis
1397 1892 1464 1935 vi-

7 2006 14 2009 <
61 1953 165 2009 “deri
185 1965 345 2025 poterit
365 1963 489 2009 tarde
509 1964 674 2008 venisse
689 1999 699 2017 ,
727 1963 848 2023 quod
876 1978 966 2006 non
993 1961 1341 2006 desiderantibus
1358 1997 1368 2015 ,
1390 1961 1465 2005 sed

72 2035 218 2096 potius
250 2049 341 2079 non
371 2033 651 2078 credentibus
678 2033 861 2077 venerit.
893 2035 1157 2093 Quanquam
1184 2041 1228 2076 et
1254 2031 1364 2076 illud
1394 2031 1466 2076 hic

69 2106 211 2166 ‘accipi
235 2113 405 2166 potest,
439 2113 489 2149 ut
520 2103 623 2165 quia
654 2094 864 2164 tanquam
887 2113 1131 2162 gementem
1155 2112 1199 2147 et
1227 2112 1317 2147 tam
1351 2118 1466 2163 saepe

74 2176 242 2238 diuque
281 2176 460 2220 flentem
493 2179 608 2221 Deus
646 2173 890 2229 exaudivit,
928 2173 1199 2233 intelligatur
1225 2173 1410 2219 liberata
1443 2188 1467 2218 a

76 2246 289 2307 peccatis,
327 2255 372 2290 et
395 2261 546 2291 omnes
576 2260 799 2306 perversos
830 2253 975 2289 motus
1008 2243 1189 2289 carnalis
1227 2244 1468 2289 affectionis

78 2317 295 2363 domuisse
322 2336 331 2361 ε
357 2316 469 2361 sicut
489 2316 595 2361 dicit
620 2335 630 2361 ε
659 2335 680 2359 «
703 2315 922 2361 Discedite
944 2332 968 2360 a
992 2331 1063 2359 me
1085 2331 1234 2360 omnes
1257 2315 1334 2376 qui
1360 2329 1468 2375 ope-

79 2405 101 2430 »
137 2387 293 2431 ramini
308 2386 601 2447 iniquitatem,
620 2387 830 2447 quoniam
852 2384 1075 2430 exaudivit
1091 2386 1304 2430 Dominus
1318 2401 1470 2430 vocem

80 2477 102 2501 »
137 2459 265 2504 fletus
294 2458 408 2502 mei4
432 2477 442 2503 :
469 2475 490 2499 n
530 2457 652 2518 quod
682 2473 785 2502 cum
818 2457 858 2501 ei
893 2458 1164 2517 provenerit,
1195 2473 1286 2502 non
1307 2457 1469 2502 mirum

79 2538 145 2573 est
159 2529 194 2573 si
208 2530 300 2589 jam
319 2528 380 2573 ita
401 2526 594 2588 perfecta
609 2537 695 2584 est,
716 2537 768 2572 ut
787 2536 882 2572 oret
897 2542 977 2587 pro
993 2527 1176 2572 inimicis
1197 2528 1297 2572 suis.
1323 2531 1471 2573 Potest

127 2621 138 2638 ¹
154 2616 227 2658 Sap.
243 2625 278 2657 v,
298 2614 373 2657 3-9.
393 2631 436 2637 —
458 2620 473 2638 ¹
489 2613 571 2647 Psal.
587 2625 636 2656 vr,
657 2625 710 2646 11.
730 2630 773 2636 —
793 2611 807 2636 3
833 2624 846 2645 1
867 2612 976 2645 Thess.
999 2625 1034 2655 v,
1058 2613 1087 2646 3.
1109 2630 1152 2636 —
1168 2612 1186 2643 4
1210 2613 1290 2645 Psal.
1309 2625 1354 2656 vi,
1371 2624 1404 2656 9.

1215 2670 1279 2707 11.
