1833 3284
432 269 672 300 ENAnnAno
704 273 749 300 m
782 271 984 309 PsALMUM
1018 272 1060 297 x.
1356 260 1438 303 227

55 337 365 392 communicas,
387 345 431 380 et
451 352 542 381 cras
564 337 923 392 communicabis,
941 345 1089 380 utrum
1107 334 1177 379 vel
1190 335 1273 379 isto
1294 333 1443 380 triduo

53 406 165 452 nihil
200 406 304 451 mali
334 407 799 461 commiserintPQuod
820 407 855 451 si
887 422 968 451 nec
999 416 1056 458 te,
1082 421 1163 451 nec
1190 421 1260 450 me
1281 404 1443 465 polluit

54 476 179 539 quod
194 477 407 521 nescimus
422 512 433 533 ,
458 493 559 538 quae
580 493 708 522 causa
730 487 794 522 est
810 486 859 521 ut
880 476 1119 536 rebaptizes
1142 492 1214 520 eos
1236 476 1313 536 qui
1330 480 1444 520 tem-

54 564 162 609 pora
174 546 417 593 traditionis
436 557 481 592 et
494 550 751 594 Macarianae
769 546 945 592 invidiae
962 563 1052 592 non
1069 548 1314 591 noverunt?
1336 548 1445 599 Quae

56 635 185 664 causa
205 627 270 663 est
287 628 339 663 ut
370 619 637 664 Christianos
658 619 713 663 de
741 618 1055 678 Mesopotamia
1079 616 1304 662 venientes
1321 651 1332 672 ,
1370 616 1449 677 qui

57 689 277 736 Caeciliani
307 698 351 734 et
385 690 543 734 Donati
579 705 660 734 nec
693 705 857 734 nomen
889 687 1148 742 audierunt,
1180 687 1449 747 rebaptizare

57 760 237 816 audeas,
257 770 302 805 et
319 776 450 820 neges
470 777 560 806 esse
577 761 875 806 Christianos?
895 760 937 805 Si
960 768 1107 804 autem
1127 758 1224 805 illos
1242 757 1450 819 polluunt

58 831 197 876 aliena
218 841 397 892 peccata
419 847 518 892 quae
541 831 762 886 nesciunt,
787 839 907 875 tenet
919 840 963 874 te
984 845 1108 874 reum
1138 829 1355 890 quidquid
1372 844 1450 889 per

56 902 250 962 singulos
271 901 361 947 dies
377 902 425 946 in
438 912 561 962 parte
577 912 718 947 vestra
741 911 782 946 te
800 900 1019 945 nesciente
1038 900 1342 955 committitur,
1361 903 1450 944 Im-

57 983 308 1034 peratorum
331 974 667 1019 constitutiones
695 971 855 1017 frustra
877 971 1156 1032 objicientem
1183 970 1419 1016 Catholicis
1434 1005 1445 1027 ,

57 1060 160 1089 cum
179 1045 227 1089 in
245 1046 393 1090 vestris
411 1045 557 1090 castris
580 1044 735 1105 privati
760 1042 894 1088 fustes
916 1043 1125 1104 ignesque
1155 1043 1215 1088 sic
1248 1044 1446 1088 saeviant.

56 1118 170 1162 Ecce
191 1132 281 1177 quo
300 1117 408 1177 lapsi
433 1126 536 1161 sunt
550 1151 561 1172 ,
585 1116 661 1176 qui
683 1130 785 1160 cum
805 1115 1007 1160 viderent
1028 1115 1074 1158 in
1102 1114 1327 1160 Catholica
1347 1129 1452 1175 pec-

57 1196 238 1243 catores,
257 1203 347 1232 non
362 1196 599 1247 potuerunt
613 1184 772 1241 dicere,
799 1204 818 1228 «
837 1189 888 1229 In
911 1185 1099 1230 Domino
1122 1184 1297 1231 confido
1324 1204 1333 1230 ε
1362 1203 1382 1227 »
1410 1194 1453 1230 et

58 1273 178 1318 spem
200 1274 322 1303 suam
343 1260 391 1302 in
411 1259 589 1303 homine
606 1266 861 1318 posuerunt.
881 1257 1010 1310 Quod
1031 1257 1211 1302 omnino
1235 1256 1448 1313 dicerent,

59 1329 94 1374 si
105 1345 194 1374 non
207 1339 283 1374 aut
293 1330 390 1390 ipsi,
406 1338 482 1374 aut
494 1338 538 1374 et
550 1329 631 1389 ipsi
645 1328 752 1374 tales
768 1337 930 1386 essent3
946 1327 1096 1389 quales
1106 1327 1202 1374 illos
1216 1329 1449 1388 putabant,

59 1416 84 1446 a
103 1401 264 1464 quibus
282 1401 486 1460 sacrilega
508 1400 710 1461 superbia
731 1400 918 1459 separari
939 1415 984 1443 se
994 1399 1107 1444 velle
1126 1401 1361 1444 finxerunt.

117 1476 192 1518 Vl.
224 1473 349 1518 Dicat
371 1487 472 1530 ergo
491 1473 634 1517 anima
656 1471 891 1527 catholica,
921 1490 941 1513 «
963 1474 1013 1515 ln
1032 1471 1221 1516 Domino
1244 1470 1450 1530 confido,

63 1563 84 1587 »
119 1545 344 1606 quomodo
371 1544 515 1590 dicitis
543 1544 700 1588 animae
724 1558 833 1588 meae
861 1562 870 1588 z
897 1542 1171 1601 Transmigra
1204 1543 1252 1587 in
1281 1553 1454 1588 montes

64 1633 86 1658 »
120 1616 232 1660 sicut
252 1617 427 1676 passer?
443 1615 662 1669 Quoniam
683 1629 784 1659 ecce
806 1623 1053 1674 peccatores
1075 1614 1360 1659 intenderunt
1381 1630 1453 1659 ar-

64 1704 86 1729 »
119 1702 244 1745 cum,
264 1695 529 1747 paraverunt
549 1687 726 1745 sagittas
746 1699 842 1729 suas
864 1685 909 1728 in
926 1685 1152 1744 pharetra,
1178 1695 1228 1730 ut
1250 1686 1455 1744 sagittent

66 1777 87 1801 »
120 1758 168 1802 in
189 1759 373 1804 obscura
401 1757 508 1804 luna
536 1766 676 1803 rectos
698 1755 829 1803 corde
856 1777 865 1802 :
893 1775 913 1798 n
936 1766 980 1801 et
1002 1772 1247 1802 sermonem
1270 1758 1325 1802 ab
1353 1759 1455 1817 ipsis

64 1839 289 1875 convertat
305 1828 360 1876 ad
377 1829 612 1874 Dominum
628 1864 640 1884 ,
665 1837 708 1872 et
729 1827 846 1872 dicat
859 1863 870 1883 ,
910 1846 929 1870 «
950 1829 1167 1881 Quoniam
1186 1845 1286 1889 quae
1309 1828 1456 1888 perfe-

67 1919 88 1943 »
123 1901 218 1946 cisti
245 1901 597 1946 destruxerunt&
628 1919 648 1942 n
674 1903 732 1944 Et
753 1900 839 1944 hoc
870 1899 1007 1954 dicat,
1044 1915 1134 1944 non
1165 1909 1317 1946 contra
1350 1901 1453 1946 istos

64 1970 199 2026 solos,
225 1971 301 2016 sed
313 1981 465 2017 contra
486 1986 635 2016 omnes
655 1970 898 2015 haereticos.
923 1971 1085 2014 Omnes
1105 1970 1221 2014 enim
1238 1980 1456 2031 quantum

65 2043 111 2087 in
133 2043 232 2103 ipsis
247 2052 332 2098 est,
352 2043 660 2088 destruxerunt
680 2041 878 2096 laudem,
904 2056 1036 2101 quam
1059 2056 1109 2085 ex
1127 2057 1201 2086 ore
1221 2041 1458 2088 infantium

65 2123 110 2158 et
128 2113 384 2159 lactentium
405 2113 591 2174 perfecit
608 2116 751 2158 Deus2
768 2147 778 2167 ,
804 2111 912 2156 dum
932 2112 1247 2172 quaestionibus
1268 2114 1391 2158 vanis
1413 2124 1458 2160 et

67 2184 329 2245 scrupulosis
353 2185 570 2243 exagitant
597 2181 825 2244 parvuIOS,
851 2192 894 2227 ct
928 2198 1000 2227 eos
1030 2183 1189 2227 nutriri
1210 2183 1313 2228 fidei
1342 2184 1455 2230 lacte

68 2271 158 2300 non
175 2256 338 2299 sinunt.
359 2255 491 2308 Quasi
511 2269 614 2314 ergo
631 2252 799 2298 dictum
818 2253 872 2297 sit
894 2253 996 2297 huic
1018 2253 1173 2297 animae
1192 2272 1200 2298 :
1226 2257 1370 2307 Quare
1388 2256 1458 2300 isti

70 2325 150 2370 tibi
172 2324 347 2381 dicunt,
369 2344 390 2368 «
408 2324 682 2384 Transmigra
702 2325 748 2368 in
763 2333 934 2368 montes
956 2323 1069 2368 sicut
1084 2339 1230 2383 passer
1249 2344 1257 2369 z
1278 2343 1298 2366 »
1324 2341 1461 2386 quare

71 2405 115 2441 te
133 2395 189 2440 de
208 2396 509 2458 peccatoribus
525 2404 716 2451 terrent,
741 2395 817 2455 qui
838 2395 1120 2439 intenderunt
1141 2410 1291 2440 arcum
1312 2396 1368 2440 ad
1390 2412 1460 2441 sa-

74 2465 292 2526 gittandos
313 2467 360 2510 in
376 2466 561 2511 obscura
581 2464 686 2509 luna
709 2474 848 2509 rectos
866 2464 1023 2509 corde?
1045 2466 1296 2524 Respondet
1322 2486 1330 2511 :
1358 2466 1464 2512 Ideo

71 2537 224 2598 utique
250 2552 321 2581 me
350 2545 516 2581 terrent
533 2571 543 2591 ,
575 2555 596 2579 «
621 2536 840 2589 Quoniam
862 2551 962 2595 quae
991 2534 1212 2595 perfecisti
1238 2535 1464 2583 destruxe-

124 2627 134 2644 ¹
154 2621 236 2654 Psal.
261 2632 296 2663 x,
317 2620 349 2663 4.
367 2637 408 2644 --
431 2627 444 2644 ²
463 2620 510 2653 Id.
532 2630 599 2661 vm,
620 2620 650 2651 3.

1265 2687 1304 2715 Ο.
