1833 3284
363 286 445 322 110
797 293 830 318 s.
866 290 1096 319 avorsum
1128 291 1308 320 Emscom

353 361 648 417 incorporaret
674 355 878 401 Ecclesiae
913 355 1152 402 credituros
1181 372 1232 401 ex
1263 356 1480 415 gentibus.
1529 374 1553 399 «
1592 360 1744 417 Longe

361 448 382 472 »
417 429 533 474 oculi
555 429 646 488 ejus
669 428 906 487 respiciunt
928 447 936 471 z
965 436 1010 471 ot
1031 426 1139 487 pulli
1165 429 1257 488 ejus
1285 426 1545 472 volutantur
1566 427 1613 471 in
1640 443 1744 472 san-

361 519 381 541 »
418 500 588 559 guine¹.
620 518 639 539 »
668 501 751 559 Spe
773 497 934 542 futurae
950 497 1288 542 immortalitatis
1309 498 1354 541 in
1380 498 1515 542 vitam
1537 507 1747 542 aeternam

357 571 645 616 intentionem
654 586 773 615 suam
783 568 912 628 longe
927 569 1128 629 porrigit:
1143 571 1340 631 quamvis
1355 585 1486 629 opera
1495 570 1530 630 ej
1538 585 1586 614 us
1600 570 1646 613 in
1657 585 1748 615 car-

358 643 423 687 nis
439 642 691 687 infirmitate
707 641 985 696 volutentur,
1002 640 1047 684 id
1060 649 1139 696 est,
1160 640 1305 685 dubiis
1330 641 1522 686 motibus
1539 642 1747 701 jactetur·⁷

359 713 465 758 dum
487 715 703 758 incertum
717 713 851 757 habet
869 712 1061 757 humana
1082 712 1325 772 ignorantia
1349 729 1399 757 ex
1414 714 1601 774 iis‚‘quae
1625 713 1750 758 mise-

359 785 584 830 ricorditer
599 784 715 839 facit,
732 783 839 845 quid
856 784 926 829 cui
943 786 1078 844 prosit
1092 784 1148 829 ad
1164 788 1319 842 Deum,
1336 801 1437 831 cum
1456 795 1602 830 tamen
1617 784 1750 844 longe

359 857 495 902 oculis
525 857 887 917 prospicientibus
917 866 1094 917 propter
1126 866 1334 902 aeternam
1363 858 1550 902 salutem
1583 857 1751 901 sincera

358 928 568 972 charitate
590 927 821 988 dispensat.
851 927 935 972 Sed
956 943 1056 972 cum
1077 928 1292 973 invenerit
1325 929 1404 973 iste
1425 928 1524 972 talis
1546 936 1750 987 operator

358 1009 402 1043 et
423 999 693 1059 dispensator
716 1015 803 1053 eos,
824 999 899 1060 qui
920 1015 996 1059 per
1018 999 1248 1054 affectum,
1273 1015 1362 1060 quo
1383 999 1640 1043 renuntiant
1661 997 1754 1042 dia-

357 1069 478 1125 bolo,
489 1071 578 1130 jam
596 1071 758 1114 mortui
777 1070 862 1114 sint
879 1070 980 1114 huic
1002 1068 1179 1125 saeculo⁷
1196 1070 1288 1114 sine
1305 1069 1583 1114 dubitatione
1606 1067 1753 1128 aliqua

359 1141 418 1184 eis
440 1141 618 1185 exhibet
650 1141 734 1185 oris
757 1141 1042 1185 ministerium
1075 1141 1121 1184 in
1153 1156 1284 1200 opere
1309 1140 1539 1195 sermonis,
1563 1155 1652 1199 quo
1680 1154 1753 1183 eos

358 1212 405 1255 in
425 1228 582 1272 corpus
604 1212 809 1257 Ecclesiae
831 1213 921 1272 jam
944 1212 1235 1272 paratissimos
1264 1212 1462 1272 trajiciat.
1485 1214 1542 1255 Et
1563 1210 1662 1254 ideo
1684 1225 1753 1253 se-

359 1284 530 1344 quitur,
565 1303 581 1325 «
611 1284 888 1344 Ubicumque
916 1284 1080 1328 fuerint
1107 1284 1340 1339 cadavera,
1363 1280 1595 1328 confestim
1627 1295 1755 1341 repe-

361 1372 383 1395 »
418 1355 633 1399 riuntur2.
668 1374 688 1396 η

418 1428 511 1469 XL.
523 1424 1027 1485 «ResponditDominus‚
1038 1434 1081 1469 et
1093 1424 1233 1469 dixitss.
1245 1425 1399 1478 »Quod
1411 1440 1530 1469 nunc
1539 1422 1751 1469 Dominus

358 1505 568 1556 tanquam
591 1497 748 1556 repetit
769 1512 1011 1541 sermonem
1024 1532 1034 1552 ,
1055 1511 1156 1540 cum
1182 1496 1272 1555 ipse
1291 1496 1569 1557 loqueretur,
1590 1493 1755 1539 intelli-

359 1567 475 1625 gitur
497 1567 581 1612 Job
602 1566 658 1611 ad
676 1583 747 1622 ea,
775 1584 874 1628 quae
897 1567 1012 1612 dicta
1035 1575 1160 1622 sunt,
1190 1567 1466 1627 obstupuisse
1488 1567 1534 1610 in
1557 1565 1751 1621 silentio,

359 1647 402 1682 et
419 1638 633 1698 quievisse
648 1673 658 1693 ‚
678 1647 728 1683 ut
746 1638 856 1682 nihil
869 1638 1054 1698 amplius
1071 1638 1216 1682 dicere
1234 1637 1429 1683 auderet.
1451 1641 1567 1696 Ergo
1581 1637 1756 1681 duobus

358 1709 435 1768 qui
457 1717 703 1769 sequuntur
724 1709 920 1753 versibus
943 1710 1198 1754 exhortatur
1221 1725 1323 1753 eum
1350 1710 1563 1754 Dominus
1586 1709 1642 1752 ad
1664 1723 1755 1751 res-

358 1780 661 1839 pondendum.
692 1800 710 1821 «
736 1780 963 1841 Numquid
985 1781 1061 1841 qui
1084 1781 1278 1840 disputat
1300 1796 1400 1825 cum
1418 1781 1752 1840 Omnipotente,

365 1870 382 1891 »
405 1851 638 1911 quiescit⁴P
665 1871 683 1893 »
704 1851 788 1895 hoc
805 1861 890 1906 est,
923 1854 1104 1904 «Quare
1131 1860 1181 1895 tu
1207 1851 1390 1912 quiescis
1420 1867 1520 1895 curn
1538 1850 1756 1909 ⁴Omnipo—

365 1942 381 1963 »
410 1931 530 1966 tente
552 1921 1018 1981 disputans?Arguens
1035 1925 1173 1966 Deum
1195 1921 1477 1981 respondebit
1499 1922 1584 1965 ita?
1610 1941 1627 1962 »
1650 1919 1756 1965 sub-

360 1992 629 2037 audiendum
668 2002 732 2037 est
747 2028 757 2047 ,
799 1992 1017 2052 numquid
1038 2028 1048 2047 ,
1088 2002 1138 2037 ut
1165 1992 1220 2037 sit
1255 2008 1432 2050 sensus3
1476 2011 1493 2032 «
1529 1989 1756 2051 Numquid

364 2063 546 2121 »arguit
582 2067 721 2108 Deum
753 2064 830 2123 qui
861 2062 1089 2123 disputans
1118 2063 1428 2123 respondebit?
1461 2084 1479 2105 >v
1506 2061 1755 2116 Quaerendo

359 2134 586 2178 enimcum
608 2134 921 2193 Omnipotente
943 2133 1215 2193 disputatur,
1241 2150 1330 2178 non
1355 2132 1658 2179 convincendo
1679 2141 1756 2176 aut

359 2204 615 2249 refellendo.
642 2207 740 2250 Non
774 2219 875 2262 ergo
906 2204 1009 2264 quia
1045 2205 1335 2264 Omnipotens
1368 2213 1452 2260 est,
1493 2204 1592 2248 ideo
1609 2203 1755 2263 quies-

358 2275 548 2320 cendum
566 2284 629 2319 est
651 2291 673 2319 a
695 2274 961 2334 disputando
983 2289 1083 2318 cum
1101 2290 1168 2319 eo.
1190 2277 1341 2335 Neque
1358 2275 1474 2318 enim
1493 2274 1549 2318 ad
1564 2289 1753 2333 arguen-

358 2345 465 2391 dum
491 2346 545 2391 ab
569 2362 621 2391 co
659 2345 823 2406 aliquid
857 2361 934 2406 per
970 2344 1307 2406 disputationem
1341 2355 1552 2406 tanquam
1579 2345 1633 2389 ab
1661 2345 1753 2404 ipsa

357 2419 539 2462 veritate
561 2417 812 2478 requiritur.
847 2421 995 2462 Potest
1023 2426 1066 2461 et
1094 2418 1153 2462 sic
1181 2418 1387 2477 intelligi,
1421 2416 1647 2477 Numquid
1674 2415 1752 2476 qui

358 2487 552 2548 disputat
578 2505 678 2533 cum
702 2490 911 2544 Domino,
938 2489 1136 2550 quiescit,
1165 2489 1209 2533 id
1226 2499 1310 2545 cst,
1336 2491 1437 2550 quia
1458 2505 1548 2534 non
1569 2487 1752 2548 quiescit

358 2559 548 2620 quicum
570 2560 882 2620 Omnipotente
899 2560 1108 2620 disputat,
1135 2575 1226 2605 non
1243 2570 1307 2605 est
1327 2575 1429 2605 cum
1451 2575 1503 2604 eo
1520 2558 1748 2620 disputan-

407 2651 416 2666 ¹
437 2645 511 2677 Job.
533 2655 640 2686 xxxlx,
657 2645 709 2677 30.
732 2662 773 2667 —
794 2645 903 2677 21bid.
922 2662 962 2667 —
982 2642 1095 2677 31bid.
1120 2644 1172 2677 31.
1201 2662 1242 2667 —
1260 2642 1276 2670 4
1294 2644 1375 2677 lbid.
1404 2644 1457 2676 32.
