1833 3284
379 270 620 296 ENARRATIO
654 272 683 296 11
718 272 761 298 {N
796 272 997 299 PsAmrmi
1033 275 1155 300 xxix.
1382 261 1464 298 373

77 351 168 389 cm,
178 335 397 379 vermibus
410 336 620 380 fluescens
635 340 914 392 extrinsecus,
932 339 1038 398 quid
1051 339 1109 382 ait
1124 338 1294 382 mulieri
1304 340 1322 382 Ξ)
1333 358 1351 382 «
1361 340 1467 382 Tan-

42 454 44 456 ,
78 425 98 447 »
120 421 251 466 quam
268 421 353 450 una
369 420 422 449 ex
442 405 747 464 insipientibus
770 406 1024 452 mulieribus
1042 409 1188 453 locuta
1205 424 1263 452 es.
1285 409 1327 453 Si
1349 408 1466 453 bona

77 495 96 517 »
113 475 385 536 percepimus
403 474 458 520 de
476 491 609 520 manu
625 477 814 533 Domini,
832 477 944 522 mala
961 494 1050 522 non
1065 478 1395 523 sustinebimus¹
1411 480 1459 522 Ρ»

71 549 238 590 Iterum
260 554 304 590 et
323 544 396 590 ille
416 560 595 591 manum
612 547 786 592 Domini
806 547 913 592 dixit
934 549 978 592 in
1004 564 1072 603 se,
1105 547 1225 608 quod
1243 563 1342 592 eum
1366 547 1464 593 dia-

70 616 199 662 bolus
223 625 492 676 percusserat
514 634 527 662 :
551 617 651 678 quia
685 634 774 662 non
797 618 1052 664 attendebat
1074 619 1170 680 quis
1190 628 1462 679 percuteret,

68 688 146 733 sed
177 689 272 748 quis
303 688 587 747 permitteret.
625 692 825 750 Namque
856 700 898 734 et
927 692 1014 750 ipse
1043 689 1242 734 diabolus
1265 690 1462 734 eamdem

67 768 325 820 potestatem
346 794 355 813 ,
381 774 513 819 quam
537 758 618 803 sibi
642 759 817 804 volebat
835 760 925 805 dari
944 797 953 815 ,
985 776 1164 804 manum
1189 761 1360 807 Domini
1382 777 1462 821 ap-

65 829 260 892 pellavit.
285 834 395 876 Nam
425 831 632 892 objiciens
666 833 829 876 crimen
858 834 976 893 justo
998 834 1112 888 viro,
1149 833 1220 877 cui
1248 835 1461 878 Dominus

2 917 7 921 ·
65 899 324 962 perhibebat
347 902 644 946 testimonium
660 938 671 957 ,
697 903 756 947 ait
778 906 867 948 Deo
894 923 902 947 :
929 923 948 945 t<
973 903 1200 964 Numquid
1219 904 1348 963 gratis
1370 904 1457 948 Job

66 989 90 1014 »ι
122 971 226 1017 colit
248 973 481 1018 Dominum
499 975 517 1017 P
542 989 689 1019 nonne
710 984 754 1018 tu
771 973 938 1018 vallasti
957 990 1059 1019 eum
1081 991 1129 1018 ac
1147 975 1328 1019 domum
1346 977 1455 1035 ejus,

67 1061 88 1084 n
123 1042 456 1104 universamque
485 1044 770 1088 substantiam
807 1046 897 1104 ejus
927 1060 1005 1104 per
1045 1045 1310 1089 circuitum?
1343 1047 1461 1105 Ope-

66 1133 86 1156 »
121 1113 242 1158 ribus
263 1128 475 1159 manuum
500 1117 591 1176 ejus
614 1115 898 1170 benedixisti,
925 1125 967 1160 et
990 1116 1199 1175 possessio
1217 1117 1309 1175 ejus
1325 1116 1460 1160 crevit

66 1204 86 1226 »
121 1186 164 1229 in
182 1193 296 1231 terra
318 1205 328 1231 ι
355 1195 476 1230 tanta
500 1186 614 1231 bona
636 1185 698 1230 illi
717 1186 871 1231 dedisti
889 1223 899 1242 ,
918 1197 1147 1248 propterea
1170 1197 1212 1233 te
1231 1187 1361 1242 colit,
1382 1187 1459 1232 sed

65 1274 86 1297 »
120 1256 245 1300 mitte
264 1263 445 1301 manum
467 1267 605 1312 tuam,
632 1266 676 1301 et
697 1266 824 1316 tange
843 1258 986 1302 omnia
1003 1275 1102 1319 quae
1120 1267 1222 1303 sunt
1243 1259 1349 1318 ejus,
1374 1258 1457 1302 nisi

64 1345 86 1369 »
119 1328 164 1371 in
187 1326 342 1372 faciem
369 1337 491 1372 tuam
514 1328 784 1373 benedixerit
808 1329 889 1373 tibi
906 1333 938 1372 2'.
965 1348 985 1371 »
1013 1329 1130 1383 Quid
1152 1339 1242 1385 est,
1285 1349 1305 1371 «
1330 1329 1457 1374 Mitte

62 1417 84 1440 »
117 1414 298 1443 manum
312 1407 462 1457 tuam3
488 1417 509 1440 »
535 1415 637 1444 cum
659 1400 749 1460 ipse
763 1399 894 1444 vellet
915 1400 1116 1445 mittere?
1136 1401 1220 1445 Sed
1242 1402 1343 1461 quia
1364 1401 1456 1460 ipse

59 1485 148 1514 non
169 1479 313 1530 posset
330 1470 500 1514 mittere
512 1486 692 1514 manum
716 1486 854 1525 suam,
880 1471 1018 1531 ipsam
1040 1480 1300 1532 potestatem
1320 1487 1453 1532 quam

59 1541 226 1600 accepit
243 1557 265 1585 a
286 1544 400 1596 Deo⁷
424 1556 604 1585 manum
624 1542 701 1585 Dei
724 1541 973 1602 appellavit.

117 1614 240 1656 VIII.
276 1612 394 1665 Quid
415 1628 540 1671 ergo,
572 1612 748 1667 fratres,
771 1614 873 1674 quia
904 1622 1023 1657 tanta
1046 1614 1210 1658 inimici
1229 1614 1276 1657 in
1299 1613 1451 1658 Chris-

59 1682 196 1727 tianos
218 1683 438 1737 fecerunt,
464 1692 507 1727 et
530 1683 848 1738 exultaverunt,
883 1694 925 1728 ct
941 1684 1175 1744 jucundati
1197 1695 1299 1729 sunt
1322 1700 1454 1744 super

58 1755 161 1798 eos?
200 1753 283 1798 Sed
316 1753 494 1814 quando
527 1755 779 1814 apparebit,
813 1755 915 1816 quia
943 1772 1032 1800 non
1056 1765 1159 1800 sunt
1184 1756 1453 1816 jucundati?

58 1824 243 1878 Quando
266 1823 329 1868 illi
351 1824 697 1879 confundentur,
722 1825 784 1870 illi
808 1825 1071 1870 exultabunt
1093 1827 1138 1870 in
1155 1826 1348 1871 adventu
1369 1831 1454 1872 Do-

57 1895 165 1940 mini
182 1896 259 1940 Dei
278 1896 428 1950 nostri,
450 1911 550 1940 cum
566 1896 734 1940 venerit
750 1896 892 1941 ferens
908 1898 952 1941 in
969 1913 1101 1941 manu
1120 1897 1448 1954 retributiones,

57 1965 379 2011 damnationem
389 1966 546 2026 impiis,
560 1982 740 2024 regnum
748 1968 890 2027 justis,
902 1968 1148 2012 societatem
1163 1983 1264 2012 cum
1274 1967 1452 2014 diabolo

36 2027 40 2029 i
56 2037 233 2097 iniquis,
251 2037 499 2082 societatem
514 2052 615 2081 cum
627 2037 798 2082 Christo
816 2036 1033 2082 fidelibus.
1052 2038 1239 2091 Quando
1251 2054 1354 2097 ergo
1368 2039 1452 2084 hoc

57 2107 314 2163 ostenderit,
337 2106 515 2168 quando
538 2107 718 2152 stabunt
735 2108 840 2168 justi
859 2109 904 2152 in
922 2124 1079 2167 magna
1104 2110 1373 2167 constantia3
1395 2109 1451 2154 de

57 2179 286 2238 Scripturis
300 2179 412 2233 dico,
430 2178 718 2223 recordamini
740 2179 973 2223 lectionem
988 2179 1043 2223 de
1060 2179 1174 2224 libro
1199 2180 1445 2240 Sapientiae.

59 2268 78 2293 «
96 2252 217 2294 Tunc
236 2249 416 2294 stabunt
428 2250 533 2310 justi
551 2250 595 2293 in
613 2265 770 2309 magna
794 2250 1036 2294 constantia
1059 2250 1262 2295 adversus
1282 2267 1354 2295 eos
1373 2252 1449 2312 qui

59 2336 136 2364 »se
154 2330 494 2379 angustaverunt
511 2340 520 2365 :
537 2320 599 2364 illi
621 2330 767 2365 autem
791 2320 938 2365 dicent
959 2321 1070 2366 inter
1093 2337 1137 2365 se
1151 2322 1415 2382 poenitentes
1434 2358 1446 2378 ,

58 2408 78 2431 n
94 2399 137 2434 et
153 2406 243 2450 prae
256 2391 453 2449 angustia
467 2391 641 2450 spiritus
658 2401 878 2450 gementes
897 2411 904 2436 :
927 2391 1045 2444 Quid
1058 2392 1183 2435 nobis
1195 2391 1362 2452 profuit
1376 2408 1448 2436 su-

59 2480 77 2502 »
94 2461 244 2521 perbia
261 2497 271 2517 ,
293 2472 336 2506 et
355 2462 604 2506 divitiarum
623 2463 829 2522 jactantia
846 2462 953 2523 quid
968 2462 1154 2508 contulit
1168 2464 1320 2508 nobis?
1334 2473 1447 2507 tran-

58 2550 78 2573 »
97 2533 261 2577 sierunt
278 2533 393 2576 enim
416 2533 560 2577 omnia
583 2532 655 2577 illa
676 2543 882 2594 tanquam
905 2533 1115 2578 umbrass?
1131 2552 1150 2575 ι)
1174 2537 1231 2578 Et
1252 2534 1358 2594 quid
1377 2533 1447 2578 di-

103 2617 201 2648 ¹Job.
222 2629 257 2651 ir.
285 2629 333 2650 ro.
363 2635 402 2639 —-
421 2624 432 2639 ²
463 2618 509 2650 Id.
531 2629 551 2649 1.
570 2629 663 2659 9-11.
685 2635 725 2639 ——
754 2615 766 2639 3
788 2620 862 2660 Sap.
885 2630 912 2649 ν.
942 2630 950 2649 1
983 2624 1013 2649 et
1033 2619 1064 2654 8,
1081 2630 1102 2659 ς)
