<?xml version="1.0" encoding="UTF-8"?>
<!DOCTYPE html PUBLIC "-//W3C//DTD XHTML 1.0 Transitional//EN"
    "http://www.w3.org/TR/xhtml1/DTD/xhtml1-transitional.dtd">
<html xmlns="http://www.w3.org/1999/xhtml" xml:lang="en" lang="en">
 <head>
  <title>
</title>
<meta http-equiv="Content-Type" content="text/html;charset=utf-8" />
  <meta name='ocr-system' content='tesseract 3.04.00' />
  <meta name='ocr-capabilities' content='ocr_page ocr_carea ocr_par ocr_line ocrx_word'/>
</head>
<body>
  <div class='ocr_page' id='page_1' title='image "./operaomniaaccura07auguuoft_0305.png"; bbox 0 0 1833 3284; ppageno 0'>
   <div class='ocr_carea' id='block_1_1' title="bbox 324 271 1411 309">
    <p class='ocr_par' dir='ltr' id='par_1_1' title="bbox 324 271 1411 309">
     <span class='ocr_line' id='line_1_1' title="bbox 324 271 1411 309; baseline 0 -3"><span class='ocrx_word' id='word_1_1' title='bbox 324 278 566 307; x_wconf 53' lang='lat' dir='ltr'>mannum</span> <span class='ocrx_word' id='word_1_2' title='bbox 601 280 634 306; x_wconf 89' lang='lat'>11</span> <span class='ocrx_word' id='word_1_3' title='bbox 666 281 710 307; x_wconf 68' lang='lat' dir='ltr'>nv</span> <span class='ocrx_word' id='word_1_4' title='bbox 743 279 947 308; x_wconf 71' lang='lat' dir='ltr'>PsALMmr</span> <span class='ocrx_word' id='word_1_5' title='bbox 979 282 1070 308; x_wconf 80' lang='lat' dir='ltr'>xxr.</span> <span class='ocrx_word' id='word_1_6' title='bbox 1304 271 1411 309; x_wconf 74' lang='lat'>291.</span> 
     </span>
    </p>
   </div>
   <div class='ocr_carea' id='block_1_2' title="bbox 0 344 1426 2606">
    <p class='ocr_par' dir='ltr' id='par_1_2' title="bbox 0 344 1426 2606">
     <span class='ocr_line' id='line_1_2' title="bbox 4 344 1390 400; baseline 0.001 -10"><span class='ocrx_word' id='word_1_7' title='bbox 4 345 197 391; x_wconf 85' lang='lat' dir='ltr'><strong>Odorem</strong></span> <span class='ocrx_word' id='word_1_8' title='bbox 228 345 349 390; x_wconf 79' lang='lat' dir='ltr'>enim</span> <span class='ocrx_word' id='word_1_9' title='bbox 364 345 533 390; x_wconf 87' lang='lat' dir='ltr'>bonum</span> <span class='ocrx_word' id='word_1_10' title='bbox 555 345 715 390; x_wconf 84' lang='lat' dir='ltr'>Christi</span> <span class='ocrx_word' id='word_1_11' title='bbox 735 344 924 396; x_wconf 86' lang='lat' dir='ltr'>vendere</span> <span class='ocrx_word' id='word_1_12' title='bbox 944 345 1134 391; x_wconf 85' lang='lat' dir='ltr'>volebat.</span> <span class='ocrx_word' id='word_1_13' title='bbox 1161 345 1278 400; x_wconf 87' lang='lat' dir='ltr'>Quid</span> <span class='ocrx_word' id='word_1_14' title='bbox 1298 362 1390 391; x_wconf 89' lang='lat' dir='ltr'>res-</span> 
     </span>
     <span class='ocr_line' id='line_1_3' title="bbox 4 407 1391 477; baseline 0.001 -16"><span class='ocrx_word' id='word_1_15' title='bbox 4 415 162 477; x_wconf 84' lang='lat' dir='ltr'>pondit</span> <span class='ocrx_word' id='word_1_16' title='bbox 182 416 418 462; x_wconf 79' lang='lat' dir='ltr'>Dominus?</span> <span class='ocrx_word' id='word_1_17' title='bbox 445 417 535 460; x_wconf 82' lang='lat' dir='ltr'>«Ut</span> <span class='ocrx_word' id='word_1_18' title='bbox 555 407 857 476; x_wconf 84' lang='lat' dir='ltr'>quidmolesti</span> <span class='ocrx_word' id='word_1_19' title='bbox 873 416 972 460; x_wconf 88' lang='lat' dir='ltr'>estis</span> <span class='ocrx_word' id='word_1_20' title='bbox 994 416 1190 461; x_wconf 83' lang='lat' dir='ltr'>mulieri?</span> <span class='ocrx_word' id='word_1_21' title='bbox 1220 419 1391 462; x_wconf 90' lang='lat' dir='ltr'>Bonum</span> 
     </span>
     <span class='ocr_line' id='line_1_4' title="bbox 9 485 1393 548; baseline 0.003 -20"><span class='ocrx_word' id='word_1_22' title='bbox 9 502 152 546; x_wconf 83' lang='lat' dir='ltr'>»opus</span> <span class='ocrx_word' id='word_1_23' title='bbox 168 495 342 547; x_wconf 84' lang='lat' dir='ltr'>operata</span> <span class='ocrx_word' id='word_1_24' title='bbox 355 494 419 531; x_wconf 88' lang='lat' dir='ltr'>est</span> <span class='ocrx_word' id='word_1_25' title='bbox 429 485 475 530; x_wconf 90' lang='lat' dir='ltr'>in</span> <span class='ocrx_word' id='word_1_26' title='bbox 488 500 558 530; x_wconf 90' lang='lat' dir='ltr'>me</span> <span class='ocrx_word' id='word_1_27' title='bbox 568 487 598 530; x_wconf 81' lang='lat'>1.</span> <span class='ocrx_word' id='word_1_28' title='bbox 608 504 628 528; x_wconf 90' lang='lat'>»</span> <span class='ocrx_word' id='word_1_29' title='bbox 646 489 703 530; x_wconf 92' lang='lat' dir='ltr'>Et</span> <span class='ocrx_word' id='word_1_30' title='bbox 715 485 822 548; x_wconf 91' lang='lat' dir='ltr'>quid</span> <span class='ocrx_word' id='word_1_31' title='bbox 839 486 1024 546; x_wconf 85' lang='lat' dir='ltr'>amplius</span> <span class='ocrx_word' id='word_1_32' title='bbox 1039 487 1198 543; x_wconf 86' lang='lat' dir='ltr'>dicam,</span> <span class='ocrx_word' id='word_1_33' title='bbox 1214 487 1393 548; x_wconf 89' lang='lat' dir='ltr'>quando</span> 
     </span>
     <span class='ocr_line' id='line_1_5' title="bbox 8 557 1394 619; baseline 0.001 -18"><span class='ocrx_word' id='word_1_34' title='bbox 8 557 101 619; x_wconf 89' lang='lat' dir='ltr'>ipse</span> <span class='ocrx_word' id='word_1_35' title='bbox 120 558 230 603; x_wconf 84' lang='lat' dir='ltr'><strong>dixit</strong></span> <span class='ocrx_word' id='word_1_36' title='bbox 254 577 264 603; x_wconf 89' lang='lat'>:</span> <span class='ocrx_word' id='word_1_37' title='bbox 289 557 599 617; x_wconf 81' lang='lat' dir='ltr'>«Ubicumque</span> <span class='ocrx_word' id='word_1_38' title='bbox 629 567 775 602; x_wconf 87' lang='lat' dir='ltr'>autem</span> <span class='ocrx_word' id='word_1_39' title='bbox 796 557 1108 617; x_wconf 71' lang='lat' dir='ltr'>praedicabitur</span> <span class='ocrx_word' id='word_1_40' title='bbox 1131 557 1217 603; x_wconf 91' lang='lat' dir='ltr'>hoc</span> <span class='ocrx_word' id='word_1_41' title='bbox 1244 562 1394 603; x_wconf 90' lang='lat' dir='ltr'>Evan-</span> 
     </span>
     <span class='ocr_line' id='line_1_6' title="bbox 10 627 1397 690; baseline 0.001 -19"><span class='ocrx_word' id='word_1_42' title='bbox 10 646 32 670; x_wconf 87' lang='lat'>»</span> <span class='ocrx_word' id='word_1_43' title='bbox 59 627 221 688; x_wconf 81' lang='lat' dir='ltr'>gelium</span> <span class='ocrx_word' id='word_1_44' title='bbox 250 628 295 672; x_wconf 90' lang='lat' dir='ltr'>in</span> <span class='ocrx_word' id='word_1_45' title='bbox 325 637 419 673; x_wconf 86' lang='lat' dir='ltr'>toto</span> <span class='ocrx_word' id='word_1_46' title='bbox 451 628 617 673; x_wconf 90' lang='lat' dir='ltr'>mundo</span> <span class='ocrx_word' id='word_1_47' title='bbox 634 664 645 684; x_wconf 90' lang='lat'><strong><em>‚</em></strong></span> <span class='ocrx_word' id='word_1_48' title='bbox 682 628 852 673; x_wconf 86' lang='lat' dir='ltr'>dicetur</span> <span class='ocrx_word' id='word_1_49' title='bbox 877 638 920 673; x_wconf 89' lang='lat' dir='ltr'>et</span> <span class='ocrx_word' id='word_1_50' title='bbox 952 629 1074 690; x_wconf 91' lang='lat' dir='ltr'>quod</span> <span class='ocrx_word' id='word_1_51' title='bbox 1106 628 1208 674; x_wconf 87' lang='lat' dir='ltr'>fecit</span> <span class='ocrx_word' id='word_1_52' title='bbox 1237 628 1397 673; x_wconf 86' lang='lat' dir='ltr'>mulier</span> 
     </span>
     <span class='ocr_line' id='line_1_7' title="bbox 13 697 1398 760; baseline 0.003 -20"><span class='ocrx_word' id='word_1_53' title='bbox 13 717 34 740; x_wconf 86' lang='lat'>»</span> <span class='ocrx_word' id='word_1_54' title='bbox 60 698 207 744; x_wconf 77' lang='lat' dir='ltr'>ista2?</span> <span class='ocrx_word' id='word_1_55' title='bbox 227 717 246 741; x_wconf 75' lang='lat' dir='ltr'>u</span> <span class='ocrx_word' id='word_1_56' title='bbox 288 701 367 744; x_wconf 86' lang='lat' dir='ltr'>Est</span> <span class='ocrx_word' id='word_1_57' title='bbox 405 697 527 759; x_wconf 87' lang='lat' dir='ltr'>quod</span> <span class='ocrx_word' id='word_1_58' title='bbox 556 698 747 743; x_wconf 78' lang='lat' dir='ltr'><strong>addere?</strong></span> <span class='ocrx_word' id='word_1_59' title='bbox 787 708 849 744; x_wconf 87' lang='lat' dir='ltr'>est</span> <span class='ocrx_word' id='word_1_60' title='bbox 877 699 998 760; x_wconf 90' lang='lat' dir='ltr'>quod</span> <span class='ocrx_word' id='word_1_61' title='bbox 1032 699 1289 746; x_wconf 74' lang='lat' dir='ltr'>detrahere?</span> <span class='ocrx_word' id='word_1_62' title='bbox 1334 708 1398 744; x_wconf 89' lang='lat' dir='ltr'>est</span> 
     </span>
     <span class='ocr_line' id='line_1_8' title="bbox 11 768 1401 830; baseline 0.001 -16"><span class='ocrx_word' id='word_1_63' title='bbox 11 785 147 830; x_wconf 87' lang='lat' dir='ltr'>quare</span> <span class='ocrx_word' id='word_1_64' title='bbox 179 785 328 814; x_wconf 86' lang='lat' dir='ltr'>aurem</span> <span class='ocrx_word' id='word_1_65' title='bbox 352 768 740 815; x_wconf 79' lang='lat' dir='ltr'>calumniatoribus</span> <span class='ocrx_word' id='word_1_66' title='bbox 772 770 1128 815; x_wconf 77' lang='lat' dir='ltr'>accommodare?</span> <span class='ocrx_word' id='word_1_67' title='bbox 1158 774 1250 815; x_wconf 86' lang='lat' dir='ltr'>Aut</span> <span class='ocrx_word' id='word_1_68' title='bbox 1279 786 1401 815; x_wconf 89' lang='lat' dir='ltr'>men-</span> 
     </span>
     <span class='ocr_line' id='line_1_9' title="bbox 12 839 1398 902; baseline 0 -16"><span class='ocrx_word' id='word_1_69' title='bbox 12 840 116 886; x_wconf 83' lang='lat' dir='ltr'>titus</span> <span class='ocrx_word' id='word_1_70' title='bbox 141 850 206 886; x_wconf 90' lang='lat' dir='ltr'>est</span> <span class='ocrx_word' id='word_1_71' title='bbox 222 841 456 894; x_wconf 83' lang='lat' dir='ltr'>Dominus,</span> <span class='ocrx_word' id='word_1_72' title='bbox 483 849 558 885; x_wconf 88' lang='lat' dir='ltr'>aut</span> <span class='ocrx_word' id='word_1_73' title='bbox 578 839 733 885; x_wconf 83' lang='lat' dir='ltr'>fefellit</span> <span class='ocrx_word' id='word_1_74' title='bbox 759 839 909 884; x_wconf 75' lang='lat' dir='ltr'>flium?</span> <span class='ocrx_word' id='word_1_75' title='bbox 932 840 1108 899; x_wconf 81' lang='lat' dir='ltr'>Eligant</span> <span class='ocrx_word' id='word_1_76' title='bbox 1128 843 1205 902; x_wconf 88' lang='lat' dir='ltr'>qui</span> <span class='ocrx_word' id='word_1_77' title='bbox 1227 840 1398 898; x_wconf 88' lang='lat' dir='ltr'>dicant,</span> 
     </span>
     <span class='ocr_line' id='line_1_10' title="bbox 13 910 1403 972; baseline 0.001 -17"><span class='ocrx_word' id='word_1_78' title='bbox 13 919 90 955; x_wconf 84' lang='lat' dir='ltr'>aut</span> <span class='ocrx_word' id='word_1_79' title='bbox 110 910 340 956; x_wconf 80' lang='lat' dir='ltr'>mentitam</span> <span class='ocrx_word' id='word_1_80' title='bbox 367 911 515 956; x_wconf 87' lang='lat' dir='ltr'>dicant</span> <span class='ocrx_word' id='word_1_81' title='bbox 535 911 761 956; x_wconf 88' lang='lat' dir='ltr'>veritatem</span> <span class='ocrx_word' id='word_1_82' title='bbox 777 946 789 966; x_wconf 92' lang='lat'>,</span> <span class='ocrx_word' id='word_1_83' title='bbox 814 919 890 955; x_wconf 88' lang='lat' dir='ltr'>aut</span> <span class='ocrx_word' id='word_1_84' title='bbox 911 911 1138 972; x_wconf 80' lang='lat' dir='ltr'>deceptam</span> <span class='ocrx_word' id='word_1_85' title='bbox 1159 911 1307 956; x_wconf 82' lang='lat' dir='ltr'>dicant</span> <span class='ocrx_word' id='word_1_86' title='bbox 1326 927 1403 957; x_wconf 91' lang='lat' dir='ltr'>ve-</span> 
     </span>
     <span class='ocr_line' id='line_1_11' title="bbox 13 981 1399 1043; baseline 0 -17"><span class='ocrx_word' id='word_1_87' title='bbox 13 981 202 1027; x_wconf 85' lang='lat' dir='ltr'>ritatem.</span> <span class='ocrx_word' id='word_1_88' title='bbox 243 1001 264 1025; x_wconf 89' lang='lat'>«</span> <span class='ocrx_word' id='word_1_89' title='bbox 288 982 567 1043; x_wconf 82' lang='lat' dir='ltr'>Ubicumque</span> <span class='ocrx_word' id='word_1_90' title='bbox 594 982 906 1042; x_wconf 85' lang='lat' dir='ltr'>praedicabitur</span> <span class='ocrx_word' id='word_1_91' title='bbox 928 983 1013 1027; x_wconf 92' lang='lat' dir='ltr'>hoc</span> <span class='ocrx_word' id='word_1_92' title='bbox 1044 983 1348 1042; x_wconf 87' lang='lat' dir='ltr'>Evangelium.</span> <span class='ocrx_word' id='word_1_93' title='bbox 1379 1003 1399 1026; x_wconf 90' lang='lat'>»</span> 
     </span>
     <span class='ocr_line' id='line_1_12' title="bbox 14 1052 1405 1114; baseline 0.001 -17"><span class='ocrx_word' id='word_1_94' title='bbox 14 1055 73 1098; x_wconf 89' lang='lat' dir='ltr'>Et</span> <span class='ocrx_word' id='word_1_95' title='bbox 93 1052 216 1114; x_wconf 86' lang='lat' dir='ltr'>quasi</span> <span class='ocrx_word' id='word_1_96' title='bbox 247 1069 463 1113; x_wconf 82' lang='lat' dir='ltr'>quaereres</span> <span class='ocrx_word' id='word_1_97' title='bbox 485 1054 540 1098; x_wconf 89' lang='lat' dir='ltr'>ab</span> <span class='ocrx_word' id='word_1_98' title='bbox 568 1069 620 1098; x_wconf 91' lang='lat' dir='ltr'>eo</span> <span class='ocrx_word' id='word_1_99' title='bbox 654 1073 664 1099; x_wconf 74' lang='grc' dir='ltr'><strong><em>ι</em></strong></span> <span class='ocrx_word' id='word_1_100' title='bbox 690 1053 776 1098; x_wconf 87' lang='lat' dir='ltr'>Ubi</span> <span class='ocrx_word' id='word_1_101' title='bbox 802 1053 918 1098; x_wconf 87' lang='lat' dir='ltr'>enim</span> <span class='ocrx_word' id='word_1_102' title='bbox 940 1053 1278 1114; x_wconf 80' lang='lat' dir='ltr'>praedicabitur?</span> <span class='ocrx_word' id='word_1_103' title='bbox 1306 1073 1327 1097; x_wconf 84' lang='grc'>«</span> <span class='ocrx_word' id='word_1_104' title='bbox 1352 1057 1405 1099; x_wconf 94' lang='lat' dir='ltr'>In</span> 
     </span>
     <span class='ocr_line' id='line_1_13' title="bbox 19 1124 1407 1186; baseline 0.003 -20"><span class='ocrx_word' id='word_1_105' title='bbox 19 1142 40 1166; x_wconf 89' lang='lat'>»</span> <span class='ocrx_word' id='word_1_106' title='bbox 66 1134 159 1170; x_wconf 88' lang='lat' dir='ltr'>toto</span> <span class='ocrx_word' id='word_1_107' title='bbox 181 1124 365 1181; x_wconf 86' lang='lat' dir='ltr'>mundo,</span> <span class='ocrx_word' id='word_1_108' title='bbox 383 1125 542 1186; x_wconf 89' lang='lat' dir='ltr'>inquit.</span> <span class='ocrx_word' id='word_1_109' title='bbox 560 1144 580 1167; x_wconf 85' lang='lat'>»</span> <span class='ocrx_word' id='word_1_110' title='bbox 608 1124 830 1169; x_wconf 87' lang='lat' dir='ltr'>Psalmum</span> <span class='ocrx_word' id='word_1_111' title='bbox 851 1125 1101 1181; x_wconf 81' lang='lat' dir='ltr'>audiamus,</span> <span class='ocrx_word' id='word_1_112' title='bbox 1126 1125 1349 1171; x_wconf 87' lang='lat' dir='ltr'>videamus</span> <span class='ocrx_word' id='word_1_113' title='bbox 1371 1127 1407 1170; x_wconf 88' lang='lat' dir='ltr'>si</span> 
     </span>
     <span class='ocr_line' id='line_1_14' title="bbox 15 1195 1407 1257; baseline 0 -16"><span class='ocrx_word' id='word_1_114' title='bbox 15 1197 102 1242; x_wconf 88' lang='lat' dir='ltr'>hoc</span> <span class='ocrx_word' id='word_1_115' title='bbox 133 1195 254 1241; x_wconf 88' lang='lat' dir='ltr'>dicit.</span> <span class='ocrx_word' id='word_1_116' title='bbox 290 1195 530 1241; x_wconf 87' lang='lat' dir='ltr'>Audiamus</span> <span class='ocrx_word' id='word_1_117' title='bbox 552 1195 672 1257; x_wconf 88' lang='lat' dir='ltr'>quod</span> <span class='ocrx_word' id='word_1_118' title='bbox 701 1195 950 1256; x_wconf 83' lang='lat' dir='ltr'>plangendo</span> <span class='ocrx_word' id='word_1_119' title='bbox 984 1206 1200 1253; x_wconf 86' lang='lat' dir='ltr'>cantatur,</span> <span class='ocrx_word' id='word_1_120' title='bbox 1232 1207 1275 1242; x_wconf 93' lang='lat' dir='ltr'>et</span> <span class='ocrx_word' id='word_1_121' title='bbox 1307 1213 1407 1243; x_wconf 88' lang='lat' dir='ltr'>vere</span> 
     </span>
     <span class='ocr_line' id='line_1_15' title="bbox 19 1266 1405 1328; baseline 0.001 -16"><span class='ocrx_word' id='word_1_122' title='bbox 19 1267 152 1327; x_wconf 81' lang='lat' dir='ltr'>digna</span> <span class='ocrx_word' id='word_1_123' title='bbox 172 1283 239 1312; x_wconf 86' lang='lat' dir='ltr'>res</span> <span class='ocrx_word' id='word_1_124' title='bbox 260 1266 442 1326; x_wconf 89' lang='lat' dir='ltr'>planctu</span> <span class='ocrx_word' id='word_1_125' title='bbox 462 1267 641 1328; x_wconf 90' lang='lat' dir='ltr'>quando</span> <span class='ocrx_word' id='word_1_126' title='bbox 658 1276 859 1312; x_wconf 89' lang='lat' dir='ltr'>cantatur</span> <span class='ocrx_word' id='word_1_127' title='bbox 879 1267 1034 1313; x_wconf 86' lang='lat' dir='ltr'>surdis.</span> <span class='ocrx_word' id='word_1_128' title='bbox 1061 1269 1212 1323; x_wconf 83' lang='lat' dir='ltr'>Miror,</span> <span class='ocrx_word' id='word_1_129' title='bbox 1234 1268 1405 1325; x_wconf 86' lang='lat' dir='ltr'>fratres,</span> 
     </span>
     <span class='ocr_line' id='line_1_16' title="bbox 21 1334 1404 1399; baseline 0.001 -15"><span class='ocrx_word' id='word_1_130' title='bbox 21 1339 57 1384; x_wconf 83' lang='lat' dir='ltr'>si</span> <span class='ocrx_word' id='word_1_131' title='bbox 69 1334 202 1382; x_wconf 83' lang='lat' dir='ltr'>hodie</span> <span class='ocrx_word' id='word_1_132' title='bbox 219 1337 416 1383; x_wconf 88' lang='lat' dir='ltr'>Psalmus</span> <span class='ocrx_word' id='word_1_133' title='bbox 436 1338 516 1383; x_wconf 89' lang='lat' dir='ltr'>iste</span> <span class='ocrx_word' id='word_1_134' title='bbox 536 1337 697 1397; x_wconf 84' lang='lat' dir='ltr'>legitur</span> <span class='ocrx_word' id='word_1_135' title='bbox 717 1349 760 1384; x_wconf 87' lang='lat' dir='ltr'>et</span> <span class='ocrx_word' id='word_1_136' title='bbox 782 1338 828 1383; x_wconf 91' lang='lat' dir='ltr'>in</span> <span class='ocrx_word' id='word_1_137' title='bbox 849 1349 971 1399; x_wconf 88' lang='lat' dir='ltr'>parte</span> <span class='ocrx_word' id='word_1_138' title='bbox 980 1339 1155 1385; x_wconf 86' lang='lat' dir='ltr'>Donati.</span> <span class='ocrx_word' id='word_1_139' title='bbox 1176 1344 1299 1398; x_wconf 84' lang='lat' dir='ltr'>Rogo</span> <span class='ocrx_word' id='word_1_140' title='bbox 1312 1356 1404 1395; x_wconf 87' lang='lat' dir='ltr'>VOS,</span> 
     </span>
     <span class='ocr_line' id='line_1_17' title="bbox 21 1407 1407 1467; baseline 0.001 -13"><span class='ocrx_word' id='word_1_141' title='bbox 21 1407 176 1460; x_wconf 74' lang='lat' dir='ltr'>fratres</span> <span class='ocrx_word' id='word_1_142' title='bbox 205 1410 312 1465; x_wconf 89' lang='lat' dir='ltr'>mei,</span> <span class='ocrx_word' id='word_1_143' title='bbox 347 1410 560 1454; x_wconf 89' lang='lat' dir='ltr'>confiteor</span> <span class='ocrx_word' id='word_1_144' title='bbox 585 1409 733 1465; x_wconf 87' lang='lat' dir='ltr'>vobis,</span> <span class='ocrx_word' id='word_1_145' title='bbox 760 1410 883 1454; x_wconf 91' lang='lat' dir='ltr'>novit</span> <span class='ocrx_word' id='word_1_146' title='bbox 902 1411 1061 1456; x_wconf 87' lang='lat' dir='ltr'>Christi</span> <span class='ocrx_word' id='word_1_147' title='bbox 1088 1410 1407 1467; x_wconf 81' lang='lat' dir='ltr'>misericordia,</span> 
     </span>
     <span class='ocr_line' id='line_1_18' title="bbox 0 1479 1412 1542; baseline 0.001 -17"><span class='ocrx_word' id='word_1_148' title='bbox 0 1538 1 1542; x_wconf 10' lang='grc' dir='ltr'><strong>Ἰ</strong></span> <span class='ocrx_word' id='word_1_149' title='bbox 19 1479 123 1542; x_wconf 87' lang='lat' dir='ltr'>quia</span> <span class='ocrx_word' id='word_1_150' title='bbox 139 1481 198 1525; x_wconf 91' lang='lat' dir='ltr'>sic</span> <span class='ocrx_word' id='word_1_151' title='bbox 219 1481 354 1525; x_wconf 86' lang='lat' dir='ltr'>miror</span> <span class='ocrx_word' id='word_1_152' title='bbox 370 1481 494 1541; x_wconf 88' lang='lat' dir='ltr'>quasi</span> <span class='ocrx_word' id='word_1_153' title='bbox 513 1480 675 1540; x_wconf 87' lang='lat' dir='ltr'>lapidei</span> <span class='ocrx_word' id='word_1_154' title='bbox 690 1480 753 1524; x_wconf 89' lang='lat' dir='ltr'>ibi</span> <span class='ocrx_word' id='word_1_155' title='bbox 773 1480 858 1524; x_wconf 88' lang='lat' dir='ltr'>sint</span> <span class='ocrx_word' id='word_1_156' title='bbox 875 1515 886 1536; x_wconf 93' lang='lat'>,</span> <span class='ocrx_word' id='word_1_157' title='bbox 912 1490 956 1525; x_wconf 87' lang='lat' dir='ltr'>et</span> <span class='ocrx_word' id='word_1_158' title='bbox 970 1497 1060 1525; x_wconf 90' lang='lat' dir='ltr'>non</span> <span class='ocrx_word' id='word_1_159' title='bbox 1079 1481 1274 1527; x_wconf 87' lang='lat' dir='ltr'>audiant.</span> <span class='ocrx_word' id='word_1_160' title='bbox 1293 1482 1412 1536; x_wconf 68' lang='lat' dir='ltr'>Quid</span> 
     </span>
     <span class='ocr_line' id='line_1_19' title="bbox 20 1552 1411 1615; baseline 0.001 -17"><span class='ocrx_word' id='word_1_161' title='bbox 20 1552 209 1613; x_wconf 84' lang='lat' dir='ltr'>apertius</span> <span class='ocrx_word' id='word_1_162' title='bbox 231 1552 371 1598; x_wconf 85' lang='lat' dir='ltr'>surdis</span> <span class='ocrx_word' id='word_1_163' title='bbox 393 1552 584 1598; x_wconf 78' lang='lat' dir='ltr'>dicitur?</span> <span class='ocrx_word' id='word_1_164' title='bbox 602 1552 745 1597; x_wconf 83' lang='lat' dir='ltr'>Passio</span> <span class='ocrx_word' id='word_1_165' title='bbox 758 1552 918 1598; x_wconf 87' lang='lat' dir='ltr'>Christi</span> <span class='ocrx_word' id='word_1_166' title='bbox 942 1562 1028 1597; x_wconf 88' lang='lat' dir='ltr'>tam</span> <span class='ocrx_word' id='word_1_167' title='bbox 1050 1553 1274 1599; x_wconf 89' lang='lat' dir='ltr'>evidenter</span> <span class='ocrx_word' id='word_1_168' title='bbox 1287 1555 1411 1615; x_wconf 88' lang='lat' dir='ltr'>quasi</span> 
     </span>
     <span class='ocr_line' id='line_1_20' title="bbox 0 1620 1412 1691; baseline 0.001 -22"><span class='ocrx_word' id='word_1_169' title='bbox 0 1620 308 1691; x_wconf 73' lang='lat' dir='ltr'>lEvangelium</span> <span class='ocrx_word' id='word_1_170' title='bbox 328 1624 549 1678; x_wconf 84' lang='lat' dir='ltr'>recitatur,</span> <span class='ocrx_word' id='word_1_171' title='bbox 577 1632 621 1667; x_wconf 87' lang='lat' dir='ltr'>et</span> <span class='ocrx_word' id='word_1_172' title='bbox 644 1623 811 1668; x_wconf 86' lang='lat' dir='ltr'>dictum</span> <span class='ocrx_word' id='word_1_173' title='bbox 829 1632 893 1668; x_wconf 87' lang='lat' dir='ltr'>est</span> <span class='ocrx_word' id='word_1_174' title='bbox 914 1633 1016 1668; x_wconf 88' lang='lat' dir='ltr'>ante</span> <span class='ocrx_word' id='word_1_175' title='bbox 1037 1624 1183 1670; x_wconf 89' lang='lat' dir='ltr'>nescio</span> <span class='ocrx_word' id='word_1_176' title='bbox 1205 1635 1315 1686; x_wconf 82' lang='lat' dir='ltr'>quot</span> <span class='ocrx_word' id='word_1_177' title='bbox 1331 1642 1412 1670; x_wconf 90' lang='lat' dir='ltr'>an-</span> 
     </span>
     <span class='ocr_line' id='line_1_21' title="bbox 0 1693 1414 1755; baseline 0.001 -15"><span class='ocrx_word' id='word_1_178' title='bbox 0 1695 4 1739; x_wconf 84' lang='grc' dir='ltr'>Ι</span> <span class='ocrx_word' id='word_1_179' title='bbox 21 1710 102 1740; x_wconf 82' lang='lat' dir='ltr'>nos</span> <span class='ocrx_word' id='word_1_180' title='bbox 114 1709 247 1755; x_wconf 87' lang='lat' dir='ltr'>quam</span> <span class='ocrx_word' id='word_1_181' title='bbox 259 1695 471 1739; x_wconf 88' lang='lat' dir='ltr'>Dominus</span> <span class='ocrx_word' id='word_1_182' title='bbox 483 1694 538 1739; x_wconf 90' lang='lat' dir='ltr'>de</span> <span class='ocrx_word' id='word_1_183' title='bbox 550 1694 686 1740; x_wconf 89' lang='lat' dir='ltr'>Maria</span> <span class='ocrx_word' id='word_1_184' title='bbox 701 1693 868 1753; x_wconf 85' lang='lat' dir='ltr'>virgine</span> <span class='ocrx_word' id='word_1_185' title='bbox 881 1703 1145 1750; x_wconf 82' lang='lat' dir='ltr'>nasceretur,</span> <span class='ocrx_word' id='word_1_186' title='bbox 1165 1711 1309 1754; x_wconf 86' lang='lat' dir='ltr'>praeco</span> <span class='ocrx_word' id='word_1_187' title='bbox 1322 1705 1414 1741; x_wconf 88' lang='lat' dir='ltr'>erat</span> 
     </span>
     <span class='ocr_line' id='line_1_22' title="bbox 0 1742 1413 1826; baseline 0.001 -16"><span class='ocrx_word' id='word_1_188' title='bbox 0 1742 230 1820; x_wconf 57' lang='lat' dir='ltr'>inuntians</span> <span class='ocrx_word' id='word_1_189' title='bbox 243 1763 435 1826; x_wconf 89' lang='lat' dir='ltr'>judicem</span> <span class='ocrx_word' id='word_1_190' title='bbox 459 1763 675 1809; x_wconf 86' lang='lat' dir='ltr'>futurum.</span> <span class='ocrx_word' id='word_1_191' title='bbox 695 1767 908 1823; x_wconf 82' lang='lat' dir='ltr'>Leoamus</span> <span class='ocrx_word' id='word_1_192' title='bbox 941 1763 1067 1808; x_wconf 81' lang='lat' dir='ltr'>illum</span> <span class='ocrx_word' id='word_1_193' title='bbox 1089 1775 1306 1825; x_wconf 91' lang='lat' dir='ltr'>quantum</span> <span class='ocrx_word' id='word_1_194' title='bbox 1333 1783 1413 1811; x_wconf 90' lang='lat' dir='ltr'>an-</span> 
     </span>
     <span class='ocr_line' id='line_1_23' title="bbox 26 1835 1410 1896; baseline 0.002 -16"><span class='ocrx_word' id='word_1_195' title='bbox 26 1835 166 1895; x_wconf 83' lang='lat' dir='ltr'>gustia</span> <span class='ocrx_word' id='word_1_196' title='bbox 191 1836 398 1895; x_wconf 81' lang='lat' dir='ltr'>temporis</span> <span class='ocrx_word' id='word_1_197' title='bbox 419 1836 601 1896; x_wconf 88' lang='lat' dir='ltr'>patitur,</span> <span class='ocrx_word' id='word_1_198' title='bbox 636 1850 727 1879; x_wconf 92' lang='lat' dir='ltr'>non</span> <span class='ocrx_word' id='word_1_199' title='bbox 754 1851 834 1895; x_wconf 89' lang='lat' dir='ltr'>pro</span> <span class='ocrx_word' id='word_1_200' title='bbox 867 1835 1029 1879; x_wconf 87' lang='lat' dir='ltr'>affectu</span> <span class='ocrx_word' id='word_1_201' title='bbox 1057 1835 1220 1881; x_wconf 89' lang='lat' dir='ltr'>doloris</span> <span class='ocrx_word' id='word_1_202' title='bbox 1247 1839 1410 1895; x_wconf 83' lang='lat' dir='ltr'>nostri,</span> 
     </span>
     <span class='ocr_line' id='line_1_24' title="bbox 26 1906 1205 1968; baseline 0 -16"><span class='ocrx_word' id='word_1_203' title='bbox 26 1906 103 1953; x_wconf 87' lang='lat' dir='ltr'>sed</span> <span class='ocrx_word' id='word_1_204' title='bbox 117 1943 134 1964; x_wconf 57' lang='lat'><em>2</em></span> <span class='ocrx_word' id='word_1_205' title='bbox 153 1916 204 1952; x_wconf 85' lang='lat' dir='ltr'>ut</span> <span class='ocrx_word' id='word_1_206' title='bbox 219 1906 307 1952; x_wconf 84' lang='lat' dir='ltr'>dixi</span> <span class='ocrx_word' id='word_1_207' title='bbox 319 1944 333 1964; x_wconf 93' lang='lat'>,</span> <span class='ocrx_word' id='word_1_208' title='bbox 349 1916 567 1968; x_wconf 85' lang='lat' dir='ltr'>quantum</span> <span class='ocrx_word' id='word_1_209' title='bbox 587 1907 782 1965; x_wconf 79' lang='lat' dir='ltr'>angustia</span> <span class='ocrx_word' id='word_1_210' title='bbox 799 1907 1005 1966; x_wconf 85' lang='lat' dir='ltr'>temporis</span> <span class='ocrx_word' id='word_1_211' title='bbox 1028 1908 1205 1967; x_wconf 87' lang='lat' dir='ltr'>patitur.</span> 
     </span>
     <span class='ocr_line' id='line_1_25' title="bbox 42 1977 1418 2038; baseline 0.001 -15"><span class='ocrx_word' id='word_1_212' title='bbox 42 2020 46 2023; x_wconf 86' lang='lat'>.</span> <span class='ocrx_word' id='word_1_213' title='bbox 87 1981 173 2027; x_wconf 76' lang='lat'>111.</span> <span class='ocrx_word' id='word_1_214' title='bbox 199 1997 219 2021; x_wconf 75' lang='grc' dir='ltr'>α</span> <span class='ocrx_word' id='word_1_215' title='bbox 244 1981 379 2033; x_wconf 87' lang='lat' dir='ltr'>Deus,</span> <span class='ocrx_word' id='word_1_216' title='bbox 400 1981 514 2027; x_wconf 82' lang='lat' dir='ltr'>Deus</span> <span class='ocrx_word' id='word_1_217' title='bbox 529 1992 674 2031; x_wconf 87' lang='lat' dir='ltr'>meus,</span> <span class='ocrx_word' id='word_1_218' title='bbox 692 1977 856 2036; x_wconf 84' lang='lat' dir='ltr'>respice</span> <span class='ocrx_word' id='word_1_219' title='bbox 877 1992 947 2020; x_wconf 89' lang='lat' dir='ltr'>me</span> <span class='ocrx_word' id='word_1_220' title='bbox 975 1996 984 2022; x_wconf 81' lang='lat'>2</span> <span class='ocrx_word' id='word_1_221' title='bbox 1016 1994 1152 2038; x_wconf 85' lang='lat' dir='ltr'>quare</span> <span class='ocrx_word' id='word_1_222' title='bbox 1168 1994 1240 2023; x_wconf 91' lang='lat' dir='ltr'>me</span> <span class='ocrx_word' id='word_1_223' title='bbox 1261 1978 1418 2024; x_wconf 86' lang='lat' dir='ltr'>dereli-</span> 
     </span>
     <span class='ocr_line' id='line_1_26' title="bbox 33 2049 1417 2112; baseline 0 -15"><span class='ocrx_word' id='word_1_224' title='bbox 33 2070 53 2097; x_wconf 70' lang='grc' dir='ltr'>ιι</span> <span class='ocrx_word' id='word_1_225' title='bbox 73 2050 257 2112; x_wconf 76' lang='lat' dir='ltr'>quisti3?</span> <span class='ocrx_word' id='word_1_226' title='bbox 274 2069 296 2092; x_wconf 88' lang='lat'>»</span> <span class='ocrx_word' id='word_1_227' title='bbox 321 2053 460 2096; x_wconf 85' lang='lat' dir='ltr'>Istum</span> <span class='ocrx_word' id='word_1_228' title='bbox 487 2064 660 2094; x_wconf 89' lang='lat' dir='ltr'>versum</span> <span class='ocrx_word' id='word_1_229' title='bbox 688 2050 877 2108; x_wconf 88' lang='lat' dir='ltr'>primum</span> <span class='ocrx_word' id='word_1_230' title='bbox 909 2049 956 2093; x_wconf 90' lang='lat' dir='ltr'>in</span> <span class='ocrx_word' id='word_1_231' title='bbox 985 2065 1114 2094; x_wconf 88' lang='lat' dir='ltr'>cruce</span> <span class='ocrx_word' id='word_1_232' title='bbox 1149 2050 1417 2108; x_wconf 88' lang='lat' dir='ltr'>audivimus,</span> 
     </span>
     <span class='ocr_line' id='line_1_27' title="bbox 30 2117 1418 2179; baseline 0.001 -13"><span class='ocrx_word' id='word_1_233' title='bbox 30 2120 109 2166; x_wconf 82' lang='lat' dir='ltr'>ubi</span> <span class='ocrx_word' id='word_1_234' title='bbox 124 2121 334 2166; x_wconf 88' lang='lat' dir='ltr'>Dominus</span> <span class='ocrx_word' id='word_1_235' title='bbox 355 2119 466 2165; x_wconf 78' lang='lat' dir='ltr'>dixit</span> <span class='ocrx_word' id='word_1_236' title='bbox 480 2155 492 2175; x_wconf 89' lang='lat'>,</span> <span class='ocrx_word' id='word_1_237' title='bbox 523 2139 544 2162; x_wconf 85' lang='lat'>«</span> <span class='ocrx_word' id='word_1_238' title='bbox 568 2117 664 2173; x_wconf 85' lang='lat' dir='ltr'>Eli,</span> <span class='ocrx_word' id='word_1_239' title='bbox 690 2118 760 2162; x_wconf 88' lang='lat' dir='ltr'>Eli</span> <span class='ocrx_word' id='word_1_240' title='bbox 777 2140 788 2176; x_wconf 79' lang='lat'>3</span> <span class='ocrx_word' id='word_1_241' title='bbox 807 2137 826 2160; x_wconf 87' lang='lat'>»</span> <span class='ocrx_word' id='word_1_242' title='bbox 849 2118 971 2179; x_wconf 86' lang='lat' dir='ltr'>quod</span> <span class='ocrx_word' id='word_1_243' title='bbox 990 2129 1074 2174; x_wconf 86' lang='lat' dir='ltr'>est,</span> <span class='ocrx_word' id='word_1_244' title='bbox 1109 2124 1262 2166; x_wconf 89' lang='lat' dir='ltr'>«Deus</span> <span class='ocrx_word' id='word_1_245' title='bbox 1278 2137 1418 2179; x_wconf 83' lang='lat' dir='ltr'>meus,</span> 
     </span>
     <span class='ocr_line' id='line_1_28' title="bbox 33 2189 1423 2252; baseline 0.004 -18"><span class='ocrx_word' id='word_1_246' title='bbox 33 2209 56 2234; x_wconf 90' lang='lat'>»</span> <span class='ocrx_word' id='word_1_247' title='bbox 81 2194 197 2238; x_wconf 83' lang='lat' dir='ltr'>Deus</span> <span class='ocrx_word' id='word_1_248' title='bbox 218 2207 360 2236; x_wconf 87' lang='lat' dir='ltr'>meus:</span> <span class='ocrx_word' id='word_1_249' title='bbox 377 2193 511 2235; x_wconf 88' lang='lat' dir='ltr'>Lama</span> <span class='ocrx_word' id='word_1_250' title='bbox 528 2189 843 2252; x_wconf 78' lang='lat' dir='ltr'>sabachthani?</span> <span class='ocrx_word' id='word_1_251' title='bbox 861 2207 880 2230; x_wconf 90' lang='lat'>»</span> <span class='ocrx_word' id='word_1_252' title='bbox 907 2189 1028 2250; x_wconf 86' lang='lat' dir='ltr'>quod</span> <span class='ocrx_word' id='word_1_253' title='bbox 1043 2200 1127 2246; x_wconf 84' lang='lat' dir='ltr'>est,</span> <span class='ocrx_word' id='word_1_254' title='bbox 1158 2211 1179 2233; x_wconf 86' lang='lat'>«</span> <span class='ocrx_word' id='word_1_255' title='bbox 1193 2195 1338 2246; x_wconf 86' lang='lat' dir='ltr'>Quare</span> <span class='ocrx_word' id='word_1_256' title='bbox 1354 2209 1423 2239; x_wconf 88' lang='lat' dir='ltr'>me</span> 
     </span>
     <span class='ocr_line' id='line_1_29' title="bbox 35 2259 1426 2322; baseline 0.003 -16"><span class='ocrx_word' id='word_1_257' title='bbox 35 2279 57 2307; x_wconf 73' lang='lat'>2&gt;</span> <span class='ocrx_word' id='word_1_258' title='bbox 82 2260 377 2322; x_wconf 76' lang='lat' dir='ltr'>dereliquisti4</span> <span class='ocrx_word' id='word_1_259' title='bbox 394 2263 415 2305; x_wconf 75' lang='grc' dir='ltr'>Ρ</span> <span class='ocrx_word' id='word_1_260' title='bbox 437 2279 458 2302; x_wconf 87' lang='lat'>»</span> <span class='ocrx_word' id='word_1_261' title='bbox 484 2263 800 2319; x_wconf 89' lang='lat' dir='ltr'>Interpretatus</span> <span class='ocrx_word' id='word_1_262' title='bbox 827 2269 892 2303; x_wconf 90' lang='lat' dir='ltr'>est</span> <span class='ocrx_word' id='word_1_263' title='bbox 921 2259 1032 2304; x_wconf 87' lang='lat' dir='ltr'>illud</span> <span class='ocrx_word' id='word_1_264' title='bbox 1053 2262 1357 2321; x_wconf 82' lang='lat' dir='ltr'>Evangelista,</span> <span class='ocrx_word' id='word_1_265' title='bbox 1382 2274 1426 2310; x_wconf 88' lang='lat' dir='ltr'>et</span> 
     </span>
     <span class='ocr_line' id='line_1_30' title="bbox 34 2329 1423 2393; baseline 0.003 -16"><span class='ocrx_word' id='word_1_266' title='bbox 34 2331 146 2381; x_wconf 74' lang='lat' dir='ltr'>djxit</span> <span class='ocrx_word' id='word_1_267' title='bbox 176 2347 276 2377; x_wconf 89' lang='lat' dir='ltr'>eum</span> <span class='ocrx_word' id='word_1_268' title='bbox 307 2330 515 2376; x_wconf 73' lang='lat' dir='ltr'>hebraice</span> <span class='ocrx_word' id='word_1_269' title='bbox 542 2329 699 2374; x_wconf 84' lang='lat' dir='ltr'>dixisse</span> <span class='ocrx_word' id='word_1_270' title='bbox 724 2349 733 2374; x_wconf 91' lang='lat'>:</span> <span class='ocrx_word' id='word_1_271' title='bbox 770 2332 924 2374; x_wconf 88' lang='lat' dir='ltr'>«Deus</span> <span class='ocrx_word' id='word_1_272' title='bbox 951 2346 1096 2386; x_wconf 90' lang='lat' dir='ltr'>meus,</span> <span class='ocrx_word' id='word_1_273' title='bbox 1130 2335 1245 2378; x_wconf 90' lang='lat' dir='ltr'>Deus</span> <span class='ocrx_word' id='word_1_274' title='bbox 1277 2350 1423 2393; x_wconf 88' lang='lat' dir='ltr'>meus,</span> 
     </span>
     <span class='ocr_line' id='line_1_31' title="bbox 38 2399 1426 2464; baseline 0.004 -16"><span class='ocrx_word' id='word_1_275' title='bbox 38 2421 60 2456; x_wconf 64' lang='grc' dir='ltr'>ι)</span> <span class='ocrx_word' id='word_1_276' title='bbox 86 2418 220 2464; x_wconf 84' lang='lat' dir='ltr'>quare</span> <span class='ocrx_word' id='word_1_277' title='bbox 249 2417 320 2447; x_wconf 89' lang='lat' dir='ltr'>me</span> <span class='ocrx_word' id='word_1_278' title='bbox 349 2401 642 2462; x_wconf 80' lang='lat' dir='ltr'>dereliquisti?</span> <span class='ocrx_word' id='word_1_279' title='bbox 661 2419 681 2443; x_wconf 89' lang='lat'>»</span> <span class='ocrx_word' id='word_1_280' title='bbox 709 2399 829 2454; x_wconf 89' lang='lat' dir='ltr'>Quid</span> <span class='ocrx_word' id='word_1_281' title='bbox 848 2401 990 2446; x_wconf 86' lang='lat' dir='ltr'>voluit</span> <span class='ocrx_word' id='word_1_282' title='bbox 1010 2401 1155 2447; x_wconf 90' lang='lat' dir='ltr'>dicere</span> <span class='ocrx_word' id='word_1_283' title='bbox 1182 2406 1426 2453; x_wconf 77' lang='lat' dir='ltr'>Dominus?</span> 
     </span>
     <span class='ocr_line' id='line_1_32' title="bbox 35 2472 1421 2537; baseline 0.004 -18"><span class='ocrx_word' id='word_1_284' title='bbox 35 2476 139 2530; x_wconf 68' lang='lat' dir='ltr'>Non</span> <span class='ocrx_word' id='word_1_285' title='bbox 157 2475 280 2519; x_wconf 87' lang='lat' dir='ltr'>enim</span> <span class='ocrx_word' id='word_1_286' title='bbox 295 2473 589 2534; x_wconf 87' lang='lat' dir='ltr'>dereliquerat</span> <span class='ocrx_word' id='word_1_287' title='bbox 606 2472 731 2517; x_wconf 84' lang='lat' dir='ltr'>illum</span> <span class='ocrx_word' id='word_1_288' title='bbox 754 2476 868 2517; x_wconf 89' lang='lat' dir='ltr'>Deus</span> <span class='ocrx_word' id='word_1_289' title='bbox 880 2508 890 2526; x_wconf 85' lang='lat'><strong>‚</strong></span> <span class='ocrx_word' id='word_1_290' title='bbox 918 2489 1020 2518; x_wconf 91' lang='lat' dir='ltr'>cum</span> <span class='ocrx_word' id='word_1_291' title='bbox 1040 2475 1132 2534; x_wconf 83' lang='lat' dir='ltr'>ipse</span> <span class='ocrx_word' id='word_1_292' title='bbox 1153 2487 1263 2522; x_wconf 84' lang='lat' dir='ltr'>esset</span> <span class='ocrx_word' id='word_1_293' title='bbox 1282 2482 1421 2537; x_wconf 86' lang='lat' dir='ltr'>Deus,</span> 
     </span>
     <span class='ocr_line' id='line_1_33' title="bbox 40 2543 1426 2606; baseline 0.004 -16"><span class='ocrx_word' id='word_1_294' title='bbox 40 2545 192 2606; x_wconf 82' lang='lat' dir='ltr'>utique</span> <span class='ocrx_word' id='word_1_295' title='bbox 213 2544 350 2590; x_wconf 82' lang='lat' dir='ltr'>Filius</span> <span class='ocrx_word' id='word_1_296' title='bbox 366 2545 444 2589; x_wconf 89' lang='lat' dir='ltr'>Dei</span> <span class='ocrx_word' id='word_1_297' title='bbox 462 2547 601 2598; x_wconf 89' lang='lat' dir='ltr'>Deus,</span> <span class='ocrx_word' id='word_1_298' title='bbox 628 2543 781 2602; x_wconf 88' lang='lat' dir='ltr'>utique</span> <span class='ocrx_word' id='word_1_299' title='bbox 796 2543 992 2588; x_wconf 86' lang='lat' dir='ltr'>Verbum</span> <span class='ocrx_word' id='word_1_300' title='bbox 1014 2546 1092 2590; x_wconf 88' lang='lat' dir='ltr'>Dei</span> <span class='ocrx_word' id='word_1_301' title='bbox 1111 2549 1240 2593; x_wconf 83' lang='lat' dir='ltr'>Deus.</span> <span class='ocrx_word' id='word_1_302' title='bbox 1265 2552 1379 2596; x_wconf 85' lang='lat' dir='ltr'>Audi</span> <span class='ocrx_word' id='word_1_303' title='bbox 1402 2567 1426 2596; x_wconf 85' lang='lat' dir='ltr'>a</span> 
     </span>
    </p>
   </div>
   <div class='ocr_carea' id='block_1_3' title="bbox 89 2635 1359 2735">
    <p class='ocr_par' dir='ltr' id='par_1_3' title="bbox 89 2635 1359 2735">
     <span class='ocr_line' id='line_1_34' title="bbox 89 2635 1359 2686; baseline 0.003 -14"><span class='ocrx_word' id='word_1_304' title='bbox 89 2646 100 2663; x_wconf 91' lang='lat'>¹</span> <span class='ocrx_word' id='word_1_305' title='bbox 122 2639 204 2672; x_wconf 86' lang='lat' dir='ltr'>Ibid.</span> <span class='ocrx_word' id='word_1_306' title='bbox 233 2650 287 2673; x_wconf 86' lang='grc' dir='ltr'>ιο.</span> <span class='ocrx_word' id='word_1_307' title='bbox 307 2656 349 2662; x_wconf 91' lang='grc'>-</span> <span class='ocrx_word' id='word_1_308' title='bbox 367 2645 381 2663; x_wconf 81' lang='lat'>⁸</span> <span class='ocrx_word' id='word_1_309' title='bbox 408 2637 492 2671; x_wconf 84' lang='lat' dir='ltr'>lbid.</span> <span class='ocrx_word' id='word_1_310' title='bbox 516 2638 567 2670; x_wconf 84' lang='lat'>13.</span> <span class='ocrx_word' id='word_1_311' title='bbox 594 2654 636 2660; x_wconf 97' lang='lat'>—</span> <span class='ocrx_word' id='word_1_312' title='bbox 656 2635 670 2661; x_wconf 81' lang='lat'>3</span> <span class='ocrx_word' id='word_1_313' title='bbox 693 2636 775 2669; x_wconf 79' lang='lat' dir='ltr'>Psal.</span> <span class='ocrx_word' id='word_1_314' title='bbox 799 2647 871 2678; x_wconf 75' lang='lat' dir='ltr'>xxi,</span> <span class='ocrx_word' id='word_1_315' title='bbox 890 2646 922 2670; x_wconf 82' lang='lat'>2.</span> <span class='ocrx_word' id='word_1_316' title='bbox 944 2655 986 2663; x_wconf 89' lang='lat'><em>-</em></span> <span class='ocrx_word' id='word_1_317' title='bbox 1003 2637 1021 2669; x_wconf 76' lang='lat'>4</span> <span class='ocrx_word' id='word_1_318' title='bbox 1039 2641 1153 2673; x_wconf 71' lang='lat' dir='ltr'>matth.</span> <span class='ocrx_word' id='word_1_319' title='bbox 1182 2653 1286 2685; x_wconf 76' lang='lat' dir='ltr'>xxvii,</span> <span class='ocrx_word' id='word_1_320' title='bbox 1305 2643 1359 2686; x_wconf 78' lang='grc'>46.</span> 
     </span>
     <span class='ocr_line' id='line_1_35' title="bbox 1156 2698 1218 2735; baseline 0 0"><span class='ocrx_word' id='word_1_321' title='bbox 1156 2698 1218 2735; x_wconf 88' lang='grc'>19.</span> 
     </span>
    </p>
   </div>
  </div>
 </body>
</html>
