1833 3284
364 185 449 225 480
813 194 848 223 s.
884 195 1116 224 Aususnm
1150 198 1331 226 Emscori

366 282 387 305 »
425 263 602 306 tinerel.
630 278 650 302 »
677 260 868 306 Audistis
891 261 1066 306 fidelem
1088 265 1227 307 Deum
1245 298 1256 319 ,
1279 262 1427 308 audite
1445 273 1490 308 et
1511 263 1615 307 alibi
1641 281 1649 307 :
1675 281 1695 305 «
1716 264 1758 307 Si

367 352 386 375 »
426 331 731 387 tolerabimus,
752 341 796 376 et
816 333 1205 392 conregnabimus,
1226 334 1257 378 si
1277 334 1593 393 negaverimUS,
1609 334 1758 393 etipse

367 422 388 445 »
423 419 502 447 nos
524 403 701 462 negabit
718 424 729 461 3
748 403 782 447 si
805 419 893 448 non
917 403 1148 459 credimus,
1163 403 1236 448 ille
1257 404 1395 449 fidelis
1418 414 1658 465 permanet,
1678 420 1759 448 ne·-

367 493 388 516 »
424 489 523 532 gare
546 474 826 534 semetipsum
849 490 939 519 non
962 477 1146 535 potest2.
1177 494 1196 516 »
1224 476 1447 521 Habemus
1465 491 1567 534 ergo
1589 485 1632 519 et
1653 474 1760 519 fide-

364 546 453 590 lem
474 550 611 590 Deum
631 565 640 590 ι
661 545 981 605 distinguamus
1002 547 1146 606 potius
1165 546 1340 591 fidelem
1357 551 1495 592 Deum
1515 563 1538 591 a
1552 545 1668 591 fideli
1686 546 1763 591 ho-

365 616 498 661 mine.
537 615 698 660 Fidelis
720 617 852 661 homo
881 626 947 661 est
973 616 1154 661 credens
1183 618 1457 677 promittenti
1481 621 1572 662 Deo
1584 637 1599 673 5
1623 615 1763 660 fidelis

366 691 481 733 Deus
499 697 564 732 est
581 687 790 731 exhibens
813 687 935 748 quod
958 689 1156 748 promisit
1177 689 1360 733 homini.
1389 692 1629 733 Teneamus
1652 688 1762 731 fide-

364 758 578 803 lissimum
594 758 855 813 debitorem,
871 760 972 820 quia
990 768 1189 804 tenemus
1205 760 1652 804 misericordissimum
1667 774 1765 819 pro-

366 830 606 874 missorem.
635 832 787 890 Neque
820 830 937 874 enim
967 830 1133 891 aliquid
1158 832 1196 875 ei
1227 840 1433 876 mutuum
1467 823 1765 875 commodavi-

366 915 463 945 mus
481 936 492 956 ,
530 910 580 945 ut
612 900 856 944 debitorem
892 910 1146 959 teneamus,
1187 917 1289 946 eum
1321 902 1376 946 ab
1413 901 1489 946 illo
1526 901 1766 945 habeamus

366 971 586 1033 quidquid
608 971 670 1015 illi
696 972 918 1017 offerimus
935 1008 945 1028 ,
982 983 1025 1018 et
1048 989 1099 1017 ex
1126 972 1202 1018 illo
1236 973 1290 1017 sit
1321 972 1540 1033 quidquid
1567 972 1672 1017 boni
1694 988 1767 1016 su-

309 1055 312 1057 ’
368 1060 480 1088 mus.
498 1042 656 1087 Omnia
678 1042 795 1087 bona
817 1043 980 1104 quibus
1011 1042 1250 1102 gaudemus
1267 1079 1278 1099 ,
1303 1044 1358 1087 ab
1381 1042 1456 1088 illo
1478 1052 1594 1087 sunt.
1620 1061 1640 1085 «
1661 1043 1767 1096 Quis

370 1133 392 1157 »
425 1115 538 1158 enim
576 1115 782 1173 cognovit
818 1131 990 1159 sensum
1025 1116 1223 1171 Domini,
1259 1124 1335 1159 aut
1365 1115 1460 1175 quis
1499 1114 1767 1159 consiliarius

372 1204 392 1227 »
419 1186 510 1245 ejus
546 1185 655 1243 fuit,
692 1195 768 1230 aut
789 1186 885 1246 quis
913 1187 1032 1245 prior
1060 1185 1182 1230 dedit
1214 1186 1252 1230 ei
1270 1221 1280 1241 ,
1317 1195 1360 1230 et
1394 1186 1658 1229 retribuetur
1679 1183 1767 1228 illi?

372 1257 627 1310 »Quoniam
651 1273 701 1300 ex
725 1257 833 1316 ipso,
855 1267 898 1301 et
919 1273 997 1317 per
1018 1258 1176 1317 ipsum,
1193 1266 1236 1301 et
1256 1257 1302 1301 in
1324 1257 1417 1316 ipso
1435 1266 1537 1300 sunt
1555 1255 1764 1301 omniass.»

369 1330 485 1386 Ergo
508 1343 599 1371 non
619 1327 657 1370 ei
670 1326 837 1387 aliquid
848 1327 1048 1372 dedimus
1061 1349 1073 1386 3
1087 1338 1130 1373 et
1147 1337 1346 1372 tenemus
1361 1327 1620 1371 debitorem.
1644 1325 1770 1371 Unde

370 1397 645 1443 debitorem?
665 1398 767 1458 quia
780 1398 1014 1458 promissor
1029 1407 1106 1442 est.
1119 1401 1216 1444 Non
1231 1398 1416 1442 dicimus
1433 1401 1523 1443 Deo
1540 1416 1549 1442 z
1565 1396 1766 1451 Domine,

370 1469 506 1514 redde
523 1468 645 1530 quod
667 1469 893 1529 accepisti,
919 1468 1010 1523 sed,
1032 1468 1184 1514 Redde
1201 1468 1322 1529 quod
1344 1467 1590 1529 promisisti.
1610 1487 1630 1509 «
1646 1470 1769 1520 Quo-

373 1559 394 1583 »
412 1542 531 1586 niam
552 1551 694 1586 rectus
721 1550 785 1585 est
806 1556 948 1585 sermo
966 1541 1156 1585 Domini.
1186 1558 1207 1582 »
1233 1538 1351 1594 Quid
1381 1548 1468 1594 est,
1498 1558 1518 1581 «
1543 1548 1685 1583 rectus
1708 1547 1771 1582 est

374 1631 393 1653 »
419 1628 560 1657 sermo
583 1612 792 1657 Domini?
819 1629 839 1652 »
874 1614 973 1657 Non
1001 1620 1044 1655 te
1074 1610 1185 1655 fallit
1202 1645 1213 1666 ,
1249 1620 1298 1654 tu
1322 1625 1424 1654 eum
1456 1608 1547 1653 noli
1580 1608 1730 1653 fallere
1757 1627 1766 1652 2

371 1683 461 1728 imo
480 1692 529 1727 tu
552 1692 594 1727 te
617 1683 707 1727 noli
741 1681 907 1726 fallere.
933 1682 1038 1735 Quis
1066 1682 1181 1725 enim
1210 1680 1323 1725 fallit
1350 1679 1496 1725 omnia
1532 1679 1771 1724 scientem?

373 1773 394 1796 «
415 1754 500 1800 Sed
514 1754 696 1798 mentita
710 1763 774 1798 est
790 1753 997 1813 iniquitas
1012 1753 1135 1797 sibi4.
1153 1753 1372 1805 Quoniam
1389 1761 1533 1796 reetus
1549 1760 1614 1795 est
1627 1765 1768 1795 sermo

373 1845 394 1867 υ
418 1826 617 1880 Domini,
638 1835 682 1869 et
697 1826 844 1869 onmia
869 1839 1000 1884 opera
1023 1824 1113 1884 ejus
1135 1824 1180 1867 in
1197 1822 1301 1867 fide.
1332 1840 1353 1863 »

430 1898 487 1939 X.
511 1915 532 1938 «
554 1894 704 1953 Diligit
717 1894 1058 1938 misericordiam
1072 1903 1115 1937 et
1127 1893 1345 1954 judicium
1361 1894 1393 1936 ⁵.
1419 1910 1439 1934 »
1457 1895 1544 1936 Fae
1556 1892 1652 1946 ista,
1667 1892 1770 1951 quia

372 1965 492 2011 facit.
520 1966 744 2011 Intendite
762 1966 898 2026 ipsam
923 1965 1265 2010 misericordiam
1285 1975 1328 2009 ct
1345 1964 1579 2025 judicium.
1599 1963 1771 2009 Miseri-

373 2038 537 2084 cordiae
554 2047 726 2097 tempus
747 2037 880 2082 modo
903 2047 967 2082 est
982 2073 992 2093 ,
1023 2036 1177 2098 judicii
1200 2046 1373 2096 tempus
1402 2045 1500 2096 post
1522 2036 1617 2080 erit.
1646 2034 1772 2080 Unde

372 2119 438 2154 est
474 2108 782 2153 misericordiae
823 2110 1027 2168 tempus?
1062 2111 1201 2152 Vocat
1240 2106 1373 2152 modo
1405 2122 1604 2164 aversos,
1636 2106 1770 2150 donat
1832 2114 1833 2144 ἒ

373 2190 551 2242 peccata
581 2180 796 2225 conversis
825 2181 1023 2240 :patiens
1058 2189 1121 2224 est
1154 2195 1283 2238 super
1316 2188 1590 2239 peccatores,
1631 2177 1771 2222 donee

374 2260 687 2297 convertantur
709 2270 718 2295 ;
744 2251 1115 2311 quandocumque
1137 2250 1334 2294 conversi
1353 2249 1532 2304 fuerint,
1553 2248 1772 2308 praeterita

374 2323 670 2377 obliviscitur,
692 2321 840 2366 sutura
862 2322 1100 2382 promittit,
1126 2322 1326 2365 hortatur
1340 2321 1500 2380 pigros,
1523 2320 1772 2364 consolatur

375 2394 583 2448 afflictos,
609 2393 738 2438 docet
766 2392 1008 2448 studiosos,
1035 2390 1214 2452 adjuvat
1236 2391 1490 2436 dimicantes
1515 2410 1524 2436 ;
1551 2390 1769 2435 neminem

424 2498 432 2513 ¹
461 2503 471 2522 1
495 2493 568 2523 Cor.
592 2503 632 2532 x,
662 2490 713 2522 13.
735 2507 777 2513 —
800 2497 848 2522 ²2
865 2490 944 2522 Tim.
964 2500 998 2531 n,
1022 2497 1074 2530 12,
1099 2487 1148 2520 13.
1171 2505 1213 2511 —-
1238 2486 1252 2511 3
1269 2490 1359 2520 Rom.
1383 2498 1439 2529 xx,
1457 2485 1567 2529 34-36.
1596 2504 1638 2510 —-
1657 2485 1672 2516 4
1689 2487 1768 2519 Psal.

375 2558 460 2588 xxm,
480 2556 530 2579 12.
552 2564 593 2570 -—
612 2545 690 2579 ⁵1d.
710 2558 810 2588 xxxii,
831 2548 863 2579 5.
