1833 3284
366 228 449 265 320
800 234 834 262 s.
872 235 1104 262 Auuus’mm
1138 235 1317 263 EPISCOPI

363 301 610 362 spiritaliter
632 299 751 360 quod
785 299 1070 360 praecipiebat
1098 300 1359 359 Apostolus,
1392 308 1565 343 secutus
1591 307 1676 353 est,
1709 307 1753 342 ct

362 373 558 433 exposuit
579 371 689 432 quid
711 379 821 415 esset
851 371 948 414 exui
969 379 1160 415 veterem
1182 370 1425 425 hominem,
1450 378 1494 413 et
1515 368 1639 413 indui
1668 384 1751 413 no-

361 445 656 488 vum.Caetera
674 442 790 486 enim
809 440 1006 486 lectionis
1027 440 1160 500 ipsius
1176 440 1231 485 ad
1253 439 1458 490 eumdem
1481 438 1752 485 intellectum

362 515 597 575 pertinent.
620 513 693 559 Ait
714 514 878 573 quippe
896 513 1018 574 quasi
1031 511 1217 558 dicenti:
1239 516 1296 558 Et
1314 512 1537 574 quomodo
1558 527 1628 556 me
1641 528 1750 557 exu-

362 595 485 631 turus
507 602 603 630 sum
625 594 840 640 veterem,
873 592 948 629 aut
970 584 1193 645 quomodo
1217 584 1451 629 induturus
1471 586 1666 628 novum?
1683 586 1752 629 An

360 657 450 717 ipse
462 657 612 701 tertius
626 657 759 700 homo
771 670 863 699 sum
879 654 1155 715 depositurus
1166 663 1355 700 veterem
1366 654 1605 710 hominem,
1620 669 1753 715 quem

360 727 515 783 habui,
551 735 595 771 et
628 736 884 787 accepturus
907 742 1094 782 novum,
1122 742 1254 787 quem
1283 742 1373 771 non
1397 726 1559 784 habui,
1594 735 1753 770 uttres

359 799 556 844 homines
568 798 885 858 intelligantur,
902 807 946 842 et
962 797 1017 842 sit
1042 798 1087 842 in
1104 798 1248 842 medio
1269 798 1346 859 qui
1363 797 1544 858 deponit
1561 806 1753 843 veterem

359 870 605 925 hominem,
627 879 669 914 et
692 869 850 929 accipit
871 871 1068 914 novum?
1087 872 1150 915 Ne
1173 885 1275 929 ergo
1303 869 1535 930 quisquam
1558 868 1633 913 tali
1657 884 1753 914 car-

357 940 447 985 nali
469 941 731 999 cogitatione
753 940 1011 1000 impeditus,
1047 940 1191 985 minus
1220 940 1382 985 faceret
1404 940 1525 1001 quod
1548 941 1750 1001 jubetur,

357 1023 401 1057 et
423 1029 512 1058 non
536 1012 697 1057 faciens
720 1004 944 1057 excusaret
966 1028 1010 1057 se
1035 1011 1089 1056 de
1113 1013 1376 1058 obscuritate
1398 1011 1596 1057 lectionis
1614 1048 1624 1068 ,
1649 1011 1756 1056 dicit

358 1084 403 1128 in
426 1084 819 1145 consequentibus:
838 1103 856 1125 «
874 1086 1150 1144 Quapropter
1168 1084 1436 1144 deponentes
1457 1083 1751 1139 mendacium,

360 1173 380 1197 ³)
404 1155 633 1216 loquimini
655 1155 898 1199 veritatem.
922 1173 941 1195 >›
961 1157 1128 1199 Etecce
1150 1156 1233 1200 hoc
1251 1164 1313 1199 cst
1327 1155 1545 1215 deponere
1562 1164 1753 1200 veterem

357 1226 577 1270 hominem
597 1262 606 1280 ,
637 1235 680 1269 et
712 1224 894 1269 induere
918 1242 1097 1270 novum.
1130 1245 1148 1267 «
1181 1229 1457 1286 Quapropter
1484 1226 1753 1286 deponentes

360 1316 380 1338 »
416 1295 693 1340 mendacium
713 1331 722 1351 ,
760 1294 990 1356 loquimini
1026 1297 1253 1341 veritatem
1271 1333 1281 1353 ,
1318 1298 1620 1358 unusquisque
1652 1312 1752 1341 cum

360 1387 379 1409 »
406 1368 606 1428 proximo
629 1382 708 1411 suo
734 1385 742 1412 :
765 1368 867 1427 quia
897 1383 1045 1412 sumus
1069 1368 1253 1412 invicem
1271 1369 1466 1412 membra
1482 1371 1511 1412 ¹.
1542 1387 1562 1409 n

419 1442 477 1483 II.
506 1442 569 1484 Ne
600 1447 747 1482 antem
777 1438 1009 1498 quisquam
1043 1448 1237 1483 vestrum
1270 1441 1328 1484 ita
1361 1440 1543 1499 cogitet,
1581 1438 1750 1494 fratres,

356 1526 457 1555 cum
477 1510 722 1555 Christiano
742 1509 1011 1570 loquendam
1024 1510 1250 1555 veritatem
1270 1520 1313 1555 ct
1330 1526 1430 1555 cum
1447 1526 1616 1570 pagano
1635 1526 1754 1554 men-

355 1582 545 1626 dacium.
569 1584 681 1627 Cum
692 1578 896 1642 ‘proximo
915 1591 991 1625 tuo
1009 1581 1203 1642 loquere.
1221 1582 1444 1627 Proximus
1466 1591 1566 1627 tuus
1580 1581 1652 1626 ille
1670 1590 1749 1637 est,

355 1654 432 1714 qui
451 1663 595 1697 tecum
619 1663 746 1697 natus
768 1662 832 1696 est
853 1668 903 1696 ex
925 1651 1066 1697 Adam
1085 1662 1128 1697 et
1155 1656 1260 1697 Eva.
1287 1655 1448 1697 Omnes
1474 1652 1657 1713 proximi
1679 1668 1753 1697 su—

356 1740 450 1768 mus
472 1724 724 1768 conditione
744 1733 927 1767 terrenae
954 1723 1190 1768 nativitatis
1210 1743 1218 1768 2
1249 1724 1324 1768 sed
1348 1723 1472 1768 aliter
1493 1724 1646 1768 fratres
1680 1722 1753 1768 illa

354 1812 428 1856 spe
441 1794 627 1840 ccelestis
643 1794 1182 1839 haereditatis.Proximum
1198 1804 1323 1839 tuum
1339 1795 1471 1840 debes
1487 1805 1640 1856 putare
1654 1811 1750 1839 om-

355 1883 457 1911 nem
480 1867 726 1920 hominem,
763 1875 806 1909 et
833 1875 1070 1925 antequam
1104 1866 1158 1910 sit
1191 1866 1476 1911 Christianus.
1509 1869 1606 1912 Non
1635 1866 1751 1910 enim

354 1939 469 1983 nosti
502 1938 612 1999 quid
645 1938 699 1982 sit
733 1937 850 1998 apud
881 1942 1036 1992 Deum,
1069 1937 1292 1998 quomodo
1325 1937 1450 1982 illum
1487 1938 1751 1998 praesciverit

355 2014 468 2055 Deus
493 2011 680 2069 ignoras.
704 2008 954 2069 Aliquando
971 2025 1101 2069 quem
1120 2008 1271 2054 irrides
1291 2009 1544 2054 adorantem
1567 2009 1747 2069 lapideS,

354 2083 645 2135 convertitur,
664 2091 706 2125 et
721 2080 872 2126 adorat
888 2084 1051 2135 Deum,
1074 2080 1254 2125 fortasse
1271 2081 1511 2140 religiosius
1533 2097 1664 2141 quam
1683 2090 1747 2135 tu,

355 2154 432 2213 qui
462 2169 560 2197 eum
581 2152 713 2213 paulo
746 2162 845 2196 ante
874 2152 1101 2195 irridebas.
1137 2154 1249 2196 Sunt
1270 2168 1372 2211 ergo
1404 2151 1588 2211 proximi
1616 2152 1751 2196 nostri

354 2223 541 2268 latentes
563 2224 608 2267 in
631 2223 696 2267 his
719 2223 972 2267 hominibus
987 2257 997 2277 ,
1025 2222 1101 2282 qui
1127 2221 1326 2266 nondum
1348 2223 1510 2266 suntin
1533 2221 1747 2279 Ecclesia,

355 2304 398 2339 et
420 2304 521 2339 sunt
539 2294 666 2352 longe
685 2310 708 2338 a
731 2293 854 2338 nobis
868 2293 1108 2337 latentesin
1122 2293 1329 2338 Ecclesia.
1354 2293 1547 2354 Ideoque
1569 2294 1644 2354 qui
1662 2309 1749 2338 non

354 2366 512 2409 scimus
534 2364 706 2421 futura,
732 2380 1095 2424 unumquemque
1118 2365 1359 2423 proximum
1380 2365 1633 2420 habeamus,
1660 2380 1751 2409 non
1815 2400 1816 2403 η

355 2436 497 2480 solum
521 2436 773 2481 conditione
790 2435 1064 2480 mortalitatis
1088 2436 1313 2490 humanae,
1340 2452 1425 2496 qua
1448 2436 1493 2480 in
1524 2436 1637 2481 lianc
1660 2445 1748 2480 ter-

354 2522 447 2552 ram
465 2506 618 2551 eadem
645 2505 757 2551 forte
779 2506 1034 2551 devenimus
1053 2524 1061 2551 ;
1087 2506 1162 2551 sed
1182 2506 1311 2552 etiam
1337 2522 1412 2567 spe
1434 2506 1549 2552 illius
1566 2506 1749 2552 haeredi·
1812 2524 1814 2561 ς

401 2600 410 2617 ¹
432 2592 549 2635 Eplies.
569 2592 624 2624 213.
