1833 3284
371 196 451 235 :344
816 207 848 233 5.
888 209 1115 235 Moesum
1151 209 1330 235 11150011

366 289 488 317 num.
520 277 593 317 list
617 273 782 317 bonum
805 273 983 332 simplex
998 309 1008 327 ,
1032 273 1171 333 ipsum
1190 274 1356 317 bonum
1371 287 1460 333 quo
1480 281 1636 316 cuncta
1657 281 1760 316 sunt

370 345 506 398 bona,
540 344 683 403 ipsum
706 345 871 388 bonum
897 360 946 387 ex
969 360 1058 403 quo
1086 354 1243 388 cuneta
1266 353 1368 387 sunt
1392 344 1506 387 bona
1538 362 1547 387 :
1580 342 1670 402 ipsa
1695 352 1760 387 est

368 415 600 460 delectatio
635 415 835 469 Domini,
872 415 985 459 113110
1012 414 1424 475 contemplabimur.
1460 416 1558 458 Jam
1589 412 1756 469 videte,

367 486 522 531 fratres
539 522 550 540 ,
577 487 609 530 si
632 502 710 530 nos
741 485 961 530 delectant
980 486 1093 530 bona
1112 487 1190 531 ista
1214 503 1312 546 quae
1332 484 1609 545 appellantur
1626 484 1757 541 bona,

367 558 399 601 si
431 573 508 601 nos
542 556 762 601 delectant
786 557 898 601 bona
923 573 1022 617 qum
1051 573 1140 601 non
1164 567 1265 601 sunt
1287 573 1362 617 per
1390 573 1433 601 se
1454 557 1591 613 bona,
1616 555 1762 600 omnia

369 630 485 673 enim
512 629 739 673 mutabilia
762 645 851 673 non
882 638 983 672 sunt
1006 645 1083 689 per
1115 645 1158 673 se
1184 629 1300 673 bona
1339 650 1347 674 z
1381 627 1520 689 qualis
1545 628 1627 671 erit
1656 643 1763 672 con-

372 700 593 759 templatio
625 700 997 744 incommutabilis
1035 701 1165 756 honi,
1200 701 1373 754 aeterni,
1407 715 1576 759 semper
1609 697 1765 743 eodem

370 770 503 816 modo
537 772 778 815 manentis?
797 772 1168 832 Quandoquidem
1191 772 1270 816 ista
1292 788 1392 832 quae
1407 770 1615 815 dicuntur
1630 769 1763 824 bona,

368 842 493 887 nullo
520 853 648 903 pacto
684 859 762 887 1105
799 843 1090 898 delectarent,
1115 844 1195 887 nisi
1223 853 1364 888 essent
1394 843 1530 898 bona,
1561 858 1641 886 nec
1682 839 1766 885 alio

368 924 497 974 pacto
521 923 662 958 essent
679 913 812 969 bona,
838 914 919 958 nisi
943 914 997 958 31)
1021 914 1096 959 1110
1111 912 1768 975 055011111οἰ511111111011011101105

370 995 449 1030 est.

428 1060 506 1102 IX.
532 1061 646 1102 Ecce
671 1072 806 1118 quare
829 1057 1026 1102 habitare
1040 1056 1141 1102 volo
1159 1093 1169 1112 ,
1196 1057 1356 1117 inquit,
1381 1056 1425 1100 111
1442 1055 1584 1100 domo·
1595 1054 1770 1099 Domini

368 1146 445 1191 per
464 1145 614 1174 omnes
633 1129 723 1173 dies
742 1129 843 1173 vitre
867 1145 989 1173 meae.
1012 1129 1106 1173 Dixi
1128 1129 1251 1173 vobis
1265 1144 1399 1189 quare
1418 1148 1426 1173 :
1457 1148 1472 1167 «
1496 1130 1552 1172 [t
1573 1135 1771 1171 contem-
1832 1123 1833 1170 J

371 1221 390 1243 »
416 1201 511 1262 pler
528 1200 864 1245 delectationem
889 1201 1077 1245 Domini.
1102 1222 1118 1242 »
1149 1203 1203 1245 Ut
1224 1210 1370 1244 autem
1391 1214 1562 1259 semper
1576 1207 1771 1243 contem·

367 1272 478 1333 pler,
506 1282 549 1316 et
571 1271 692 1316 nulla
708 1271 902 1317 molestia
919 1288 987 1315 me
1003 1272 1229 1330 contingat
1242 1270 1632 1331 contemplantem,
1648 1267 1770 1313 nulla
1832 1276 1833 1284 ¹

368 1344 586 1403 suggestio
605 1353 793 1399 aversat,
820 1342 942 1387 nulla
965 1342 1134 1387 auferat
1156 1342 1337 1403 alicujus
1352 1342 1546 1402 potentia
1562 1377 1572 1396 ‚
1595 1338 1771 1385 110110111

369 1415 596 1459 inimicum
630 1414 772 1474 patiar
806 1413 851 1457 111
891 1412 1258 1473 contemplando,
1300 1422 1343 1457 et
1376 1411 1575 1472 perfruar
1607 1409 1771 1455 deliciis

371 1501 565 1540 securus,
587 1485 680 1545 ipso
700 1485 888 1529 Domino
912 1488 1002 1529 Deo
1026 1500 1148 1539 meo,
1173 1483 1281 1544 quid
1311 1484 1387 1528 fiet
1410 1483 1547 1527 mihi?
1570 1485 1775 1540 Proteget

371 1573 456 1601 me.
482 1559 580 1602 Non
605 1556 746 1602 solum
767 1572 870 1615 ergo
892 1555 1180 1615 contemplari
1197 1554 1298 1600 volo
1321 1554 1656 1599 delectationem
1676 1559 1774 1600 Do—

371 1629 500 1684 mini,
534 1629 614 1683 ait,
646 1628 722 1673 sed
752 1629 882 1673 etiam
920 1628 1124 1686 «Protegi
1144 1626 1359 1688 templum
1383 1627 1514 1688 ejus¹.
1537 1646 1553 1668 »
1582 1629 1638 1671 Ut
1657 1636 1774 1672 tem-

372 1699 497 1760 plum
519 1715 648 1743 suum
679 1715 747 1743 me
769 1708 993 1759 protegat,
1020 1714 1093 1743 ero
1116 1697 1332 1758 templum
1362 1699 1474 1757 ejus,
1505 1706 1548 1741 et
1571 1707 1774 1757 protegar

373 1770 428 1814 ab
452 1785 518 1814 eo.
542 1770 767 1830 Numquid
784 1768 869 1814 tale
892 1778 956 1813 est
973 1767 1189 1829 templum
1205 1768 1307 1822 Dei,
1328 1766 1471 1828 qualia
1487 1767 1648 1827 templa
1670 1778 1774 1814 sunt

371 1841 721 1886 simulacrorum.
751 1840 988 1887 Simulacra
1014 1840 1212 1900 gentium
1237 1839 1408 1900 templis
1429 1839 1516 1884 suis
1539 1849 1773 1900 protegun-

373 1923 445 1958 tur
479 1933 488 1958 :
520 1913 729 1958 Dominus
752 1916 866 1957 Deus
896 1921 1042 1957 noster
1071 1910 1287 1972 templum
1312 1926 1442 1955 suum
1475 1920 1698 1971 proteget,
1729 1921 1775 1956 et

371 2001 548 2029 5000105
562 2001 651 2029 010.
678 1984 1024 2045 Contemplabor
1041 1983 1096 2028 ad
1119 1983 1479 2039 delectationem,
1504 1993 1548 2027 et
1569 1992 1774 2044 protegar

371 2055 426 2100 ad
459 2055 657 2100 salutem.
697 2058 839 2109 Quam
874 2055 955 2100 0111
983 2055 1056 2099 1113
1085 2054 1397 2114 contemplatio
1430 2053 1648 2114 perfecta,
1684 2064 1771 2099 tam

370 2128 450 2171 ista
469 2126 660 2187 perfecta
679 2128 917 2187 protectio,
945 2135 988 2170 et
1010 2142 1142 2187 quam
1165 2125 1276 2170 illud
1293 2124 1538 2186 perfectum
1562 2125 1773 2184 gaudium

371 2197 723 2258 contemplandi,
760 2208 851 2242 tam
880 2198 1074 2258 perfecta
1102 2197 1234 2241 etiam
1258 2197 1527 2257 incorruptio
1560 2197 1769 2241 sanitatis.

369 2268 438 2314 Ad
461 2270 539 2313 ista
559 2269 648 2313 duo
669 2269 801 2313 verba
826 2286 924 2329 quae
945 2268 1066 2323 dixit,
1097 2288 1112 2308 κ
1132 2268 1414 2329 Contempler
1437 2268 1772 2312 delectationem

375 2363 392 2382 ι)
412 2340 608 2395 Domini,
635 2350 678 2385 et
694 2350 897 2400 protegar
916 2340 1129 2400 templum
1154 2342 1268 2401 ejus,
1292 2362 1308 2381 »
1331 2340 1554 2400 pertinent
1571 2338 1643 2384 illa
1662 2339 1767 2394 duo,

370 2411 490 2456 unde
515 2413 712 2457 Psalmus
734 2414 868 2473 eoepit
889 2432 897 2457 :
929 2432 949 2454 «
971 2412 1182 2457 Dominus
1205 2412 1469 2456 illuminatio
1495 2427 1612 2467 mea,
1639 2421 1682 2456 et
1703 2428 1772 2456 sa-

377 2504 393 2523 »
430 2481 583 2526 1013115
605 2498 724 2527 meus
741 2519 751 2538 ,
774 2499 906 2544 quem
929 2483 1118 2527 timebo?
1132 2483 1244 2536 Quia
1271 2482 1604 2542 contemplabor
1623 2481 1767 2527 delec-

422 2575 430 2590 ¹
455 2568 535 2600 Psal.
558 2580 643 2601 xxvi.
666 2568 696 2610 ἢ.
