1833 3284
441 276 683 304 ENAnnArio
714 278 758 304 IN
792 276 994 306 PSALMUU,
1028 278 1071 304 x.
1370 263 1455 305 229

71 359 92 382 n
128 355 195 396 es,
217 349 260 384 et
280 341 325 384 in
346 349 505 384 terram
527 340 635 384 ibis¹
664 361 673 389 ς
705 360 724 382 »
758 340 880 402 quod
899 340 1066 384 dictum
1082 348 1169 395 est,
1200 358 1220 381 t(
1245 338 1455 384 Dominus

70 428 90 452 n
125 411 172 454 in
194 410 359 471 templo
386 419 534 454 sancto
556 427 634 455 suo
654 430 676 453 ³>
704 412 939 471 repetitum
966 409 1180 468 intelliges
1195 445 1206 466 ‚
1231 410 1338 454 dum
1361 408 1457 454 dic-

65 488 161 525 tum
182 490 260 536 est,
291 499 310 522 «
333 481 544 525 Dominus
564 481 610 524 in
634 481 748 526 coelo
771 480 891 526 sedes
910 482 1016 541 ejus.
1041 499 1062 521 »

125 553 248 595 VIII.
290 570 309 593 «
332 550 460 595 Oculi
493 553 584 612 ejus
611 553 657 596 in
687 567 923 613 pauperem
960 551 1212 612 respiciunt.
1240 568 1260 591 »
1287 550 1457 610 Quippe

67 622 137 666 cui
161 621 393 667 derelictus
416 632 478 667 est
499 639 680 684 pauper,
705 634 748 668 et
769 624 844 684 qui
866 622 1005 668 factus
1023 631 1086 666 est
1106 621 1323 681 refugium
1346 638 1457 681 pau-

65 693 198 752 peri².
215 696 272 737 Et
284 693 383 738 ideo
402 693 633 739 seditiones
649 711 798 739 omnes
817 704 859 738 et
873 693 1086 739 tumultus
1104 695 1216 738 intra
1233 693 1312 736 ista
1328 693 1452 748 retia,

65 764 204 809 donec
222 764 519 825 perducantur
533 766 587 810 ad
609 765 745 821 littus,
763 766 993 831 dequibus
1015 766 1140 811 nobis
1158 766 1202 808 in
1219 765 1455 824 perniciem

65 850 185 879 suam
208 845 251 879 et
273 835 328 880 ad
357 845 549 880 nostram
573 837 884 881 correctionem
910 835 1124 880 insultant
1142 835 1357 890 haeretici,
1377 850 1458 894 per

64 921 135 950 eos
152 906 349 951 homines
370 908 507 962 fiunt,
539 909 613 968 qui
641 923 850 969 pauperes
873 907 1033 952 Christi
1056 922 1146 950 esse
1168 904 1342 950 nolunt.
1371 904 1456 950 Sed

64 976 281 1036 numquid
300 978 356 1021 ab
376 979 434 1021 eis
457 978 532 1038 qui
550 979 633 1023 hoc
651 994 740 1022 esse
762 977 933 1032 volunt,
956 985 1158 1021 avertunt
1180 975 1329 1020 oculos
1347 975 1456 1019 Dei?

68 1046 237 1092 «Oculi
275 1048 391 1092 enim
428 1050 520 1109 ejus
557 1049 602 1093 in
632 1064 867 1108 pauperem
906 1047 1201 1108 respiciunt.»
1228 1044 1456 1105 Numquid

62 1116 349 1161 metuendum
382 1127 446 1163 est
483 1135 538 1162 ne
572 1120 617 1162 in
650 1119 777 1162 turba
819 1117 1006 1163 divitum
1045 1133 1206 1178 paucos
1243 1130 1456 1176 pauperes

62 1187 207 1233 videre
228 1205 318 1233 non
339 1190 493 1248 possit,
515 1206 623 1250 quos
640 1190 684 1233 in
703 1189 908 1234 Ecclesiae
930 1189 1156 1233 catholicae
1174 1188 1338 1247 gremio
1357 1202 1458 1233 cuc-

61 1259 221 1304 toditos
244 1261 462 1305 enutriat?
488 1260 746 1318 «Palpebrae
769 1262 862 1321 ejus
884 1261 1150 1318 interrogant
1176 1258 1285 1304 filios
1311 1258 1457 1302 homi-

64 1347 84 1371 »
119 1346 225 1374 num
242 1332 273 1375 3.
298 1349 318 1373 n
346 1331 427 1376 Hic
459 1350 479 1374 «
511 1329 646 1375 Filios
666 1331 896 1376 hominum
913 1367 924 1386 ‚
952 1349 972 1372 ))
994 1329 1067 1375 illa
1091 1329 1236 1388 regula
1268 1329 1456 1373 libenter

60 1403 300 1462 acceperim
314 1438 325 1457 ‚
352 1402 407 1446 de
422 1403 641 1447 veteribus
664 1412 935 1461 regeneratos
958 1419 1035 1462 per
1052 1402 1199 1447 fidem.
1218 1402 1273 1446 Hi
1291 1402 1456 1462 quippe

59 1473 323 1533 quibusdam
347 1474 668 1533 Scripturarum
690 1473 796 1518 locis
819 1474 1039 1529 obscuris,
1065 1483 1274 1534 tanquam
1299 1473 1455 1517 clausis

59 1544 194 1589 oculis
211 1546 310 1599 Dei,
337 1555 612 1601 exercentur,
634 1555 684 1590 ut
701 1555 901 1606 quaerant
923 1564 931 1590 :
958 1555 1001 1590 et
1022 1561 1168 1590 rursus
1185 1543 1453 1605 quibusdam

57 1615 161 1660 locis
182 1615 436 1672 manifestis,
456 1626 665 1677 tanquam
679 1616 837 1676 apertis
854 1616 989 1661 oculis
1007 1617 1107 1671 Dei,
1128 1615 1449 1671 illuminantur,

56 1695 106 1730 ut
123 1686 355 1745 gaudeant.
384 1690 437 1731 Et
464 1688 542 1731 ista
566 1689 611 1731 in
638 1688 791 1732 sanctis
815 1686 937 1731 libris
959 1687 1110 1731 crebra
1136 1687 1303 1748 opertio
1322 1696 1454 1747 atque

57 1757 279 1817 adapertio
296 1766 506 1818 tanquam
529 1757 751 1817 palpebrae
774 1767 876 1802 sunt
903 1758 1007 1813 Dei,
1036 1775 1134 1819 quse
1157 1758 1449 1814 interrogant,

56 1826 101 1871 id
116 1837 194 1883 est,
220 1845 319 1889 quae
340 1828 530 1888 probant
550 1828 662 1873 filios
686 1829 933 1884 hominum,
958 1832 1033 1888 qui
1054 1844 1197 1888 neque
1216 1827 1454 1885 fatigantur

56 1913 200 1942 rerum
218 1899 499 1954 obscuritate,
519 1898 595 1943 sed
613 1908 892 1956 exercentur3
914 1914 1057 1959 neque
1076 1900 1287 1943 inflantur
1307 1898 1454 1954 cogni-

55 1969 190 2025 tione,
218 1969 295 2013 sed
313 1971 643 2014 confirmantur.

115 2042 194 2085 IX:
230 2059 249 2081 «
275 2040 485 2085 Dominus
507 2040 747 2098 interrogat
762 2040 930 2100 justum
960 2049 1003 2084 ct
1031 2040 1257 2099 impium&
1288 2058 1307 2080 »
1335 2039 1452 2093 Quid

55 2125 156 2168 ergo
179 2111 415 2155 metuimus
433 2126 488 2154 ne
511 2110 677 2171 aliquid
699 2111 825 2155 nobis
848 2110 993 2154 obsint
1016 2111 1158 2170 impii,
1180 2110 1214 2154 si
1234 2109 1345 2155 forte
1369 2125 1451 2154 no-

56 2182 224 2226 biscum
268 2191 536 2226 sacramenta
580 2198 671 2227 non
714 2182 880 2226 sincero
920 2181 1052 2226 corde
1091 2181 1416 2226 communicant
1436 2216 1447 2237 ‚

53 2251 233 2311 quando
255 2251 329 2295 ille
353 2252 593 2311 interrogat
615 2253 784 2312 justum
815 2261 859 2296 et
885 2251 1099 2311 impium?
1135 2271 1155 2294 «
1189 2251 1273 2304 Qui
1303 2260 1451 2295 autem

53 2320 195 2379 diligit
210 2322 487 2382 iniquitatem
503 2357 514 2377 ,
541 2322 633 2366 odit
655 2323 842 2366 animam
861 2338 985 2366 suam
1001 2324 1015 2348 ⁵
1045 2342 1052 2366 :
1079 2341 1098 2363 »
1120 2322 1164 2365 id
1187 2331 1271 2376 est,
1297 2337 1387 2365 non
1410 2322 1450 2365 ei

54 2392 130 2451 qui
148 2391 285 2436 credit
305 2395 394 2436 Deo
410 2427 421 2447 ‚
452 2400 494 2435 et
511 2407 631 2452 spem
661 2408 784 2436 suam
807 2408 895 2436 non
919 2392 1045 2450 ponit
1072 2392 1116 2435 in
1141 2392 1343 2448 homine,
1374 2390 1451 2436 sed

54 2469 228 2505 tantum
246 2462 400 2505 animae
418 2478 507 2506 suae
525 2471 654 2506 nocet
675 2461 859 2506 dilector
876 2462 1135 2521 iniquitatis.

113 2533 169 2574 X.
198 2550 219 2574 «
245 2532 372 2576 Pluet
389 2547 518 2590 super
540 2541 786 2592 peccatores
809 2531 1023 2592 laqueos⁶.
1043 2550 1062 2573 »
1093 2532 1135 2577 Si
1152 2533 1292 2576 nubes
1314 2547 1448 2590 gene-

104 2604 208 2647 Ι’(ἷεθη.
222 2625 268 2656 ni,
285 2614 501 2656 14.——-²Psal.
516 2626 561 2657 ιῑ,
576 2615 760 2648 10.-³1d.
777 2628 809 2657 x,
824 2617 853 2648 5.
866 2615 1020 2648 x--v‘ilbiei
1037 2615 1267 2648 Gi-—Hbidi—
1287 2615 1442 2658 61bi‹1.7.
