1833 3284
587 236 921 263 Ammo'rA'rimx'ES.
1364 225 1446 263 547

64 298 412 359 persecutoribus
433 297 659 343 tradidisse
672 334 683 354 ,
710 299 775 343 uti
791 300 940 345 scribit
960 300 1227 358 Augustinus
1254 301 1299 344 in
1320 302 1447 360 Epis-

64 369 154 414 tola
170 382 289 414 nunc
313 369 465 414 ordine
488 388 620 414 Lxxw
636 405 646 424 ‚
672 385 716 413 n.
745 377 769 414 2
786 405 797 424 ‚
822 379 865 414 et
885 371 930 414 in
946 389 1013 425 cv,
1038 387 1082 414 n.
1105 379 1146 414 2.
1177 369 1350 429 Utique
1371 387 1448 416 os-

66 438 385 496 tenderemus,
406 441 486 496 ait,
512 439 646 485 vobis
666 442 782 499 quisi
799 442 959 500 potius
982 440 1052 486 illi
1064 440 1320 487 traditores
1328 442 1448 504 sae-

66 520 197 567 runt,
217 510 302 570 qai
325 509 640 555 Caecilianum
663 512 1077 570 (Carthaginensem
1105 514 1384 572 episcopum)
1406 523 1451 558 et

64 580 219 626 socios
239 580 341 644 ejus
363 581 507 640 quasi
526 579 798 626 traditionis
819 581 1018 627 crimine
1039 580 1408 628 damnaverunt.

461 744 704 774 ΑΝΝοΤΑΤιο
734 730 795 787 (8)
825 743 925 790 pag.
951 735 1051 773 226.

123 875 369 922 Macariana
390 884 614 936 tempora,
639 876 801 937 quibus
826 892 870 921 se
890 893 914 921 a
935 875 1168 922 Catholicis
1190 875 1329 921 diram
1353 892 1453 937 per-

66 947 334 992 secutionem
356 963 500 1008 passos
531 963 621 992 esse
641 948 879 992 Donatistae
900 947 1213 1009 querebantur,
1233 948 1455 1008 pertinent

66 1018 122 1063 ad
141 1034 306 1063 annum
328 1018 498 1063 circiter
521 1024 602 1063 348
622 1054 633 1074 ,
659 1035 748 1079 quo
769 1020 980 1064 Macarius
1002 1029 1046 1064 et
1059 1019 1219 1065 Paulus
1239 1029 1458 1065 venerunt

65 1090 112 1133 in
133 1088 325 1134 Africam
339 1125 350 1145 ‚
377 1105 429 1135 eo
451 1106 474 1134 a
503 1092 741 1136 Constante
764 1091 907 1146 missi,
932 1102 982 1135 ut
1000 1107 1239 1150 egenorum
1261 1092 1455 1150 inopiam

65 1160 367 1220 largitionibus
392 1161 607 1217 levarent,
642 1171 780 1222 utque
807 1162 1101 1207 schismaticos
1120 1171 1374 1206 revocarent
1403 1161 1459 1206 ad

66 1232 280 1277 unitatem
312 1232 587 1278 catholicam.
619 1236 682 1277 De
711 1233 777 1277 his
810 1234 994 1293 Optatus
1016 1233 1164 1279 Milev.
1191 1234 1237 1278 in
1266 1233 1345 1278 lib.
1374 1236 1455 1279 III.

67 1303 339 1366 Augustinus
359 1304 406 1348 in
427 1303 565 1364 Epist.
587 1319 706 1360 niv,
726 1319 772 1360 n,
792 1308 840 1359 4,
867 1309 910 1360 5,
928 1313 1010 1349 etc.

468 1468 714 1498 armon-no
735 1456 798 1512 (9)
816 1467 914 1513 pag.
941 1457 1042 1498 249.

130 1599 303 1646 Scilicet
326 1600 372 1645 in
393 1598 620 1646 codicibus
639 1600 906 1662 quibusdam
925 1611 990 1646 est
1011 1609 1100 1649 ύιῶν,
1122 1600 1246 1663 filiis
1269 1619 1280 1646 :
1300 1602 1347 1645 in
1369 1600 1460 1647 aliis

68 1678 152 1717 ὑῶν,
172 1672 334 1731 porcis
360 1689 370 1716 :
395 1681 493 1729 aut,
512 1680 617 1719 ὑείων,
648 1673 888 1732 porcinis,
924 1673 1013 1717 sive
1037 1675 1259 1732 por-cina.
1295 1676 1358 1717 De
1380 1688 1457 1718 eo-

69 1741 169 1787 dem
186 1742 398 1788 versiculo
424 1747 477 1788 14
503 1752 662 1788 tractat
682 1744 953 1802 Augustinus
971 1744 1017 1788 in
1039 1744 1232 1803 Epistola
1254 1763 1382 1788 cxmx
1405 1744 1462 1789 ad

70 1812 319 1868 Paulinam,
356 1812 456 1857 data
495 1813 664 1858 circiter
701 1829 771 1857 an.
806 1818 890 1857 414
907 1849 918 1869 ,
944 1814 1092 1874 ibique
1130 1831 1174 1859 n.
1219 1822 1242 1859 5
1273 1816 1421 1859 scribit
1447 1831 1456 1855 ε

69 1884 308 1929 Recensm·
350 1882 676 1929 brevissimam
710 1883 977 1941 quamdam
1023 1884 1236 1947 ejusdem
1270 1884 1465 1930 Psalmi

71 1955 434 2014 expositionem,
458 1955 726 2015 quam-jam
739 1953 853 1999 olim
867 1953 1179 2001 dictcweram.
1198 1957 1302 2001 Haec
1324 1956 1458 2016 igitur

69 2024 279 2087 expositio
294 2025 458 2071 dictata
472 2024 558 2071 fuit
578 2024 711 2085 longe
729 2034 830 2071 ante
847 2041 1013 2070 annum
1029 2030 1130 2071 414.

455 2188 698 2220 Annon-no
720 2176 812 2233 (10)
829 2188 930 2234 pag.
954 2179 1055 2219 283.

132 2335 262 2379 Hunc
277 2333 422 2395 ipsum
433 2333 656 2380 Psalmum
676 2351 755 2378 xxi
777 2333 956 2394 exponit
978 2335 1249 2394 Augustinus
1270 2334 1317 2380 in
1334 2334 1462 2395 Epis-

74 2402 164 2450 tola
185 2403 241 2450 ad
258 2406 549 2460 Honoratum,
573 2421 674 2466 quae
695 2421 814 2450 nunc
835 2405 986 2450 ordine
1009 2414 1073 2450 est
1085 2424 1230 2451 cxnx.
1258 2409 1321 2451 De
1336 2406 1466 2452 versi-

76 2475 177 2521 culo
200 2484 227 2521 2
246 2477 390 2537 agitur
410 2477 457 2521 in
472 2477 758 2521 Enarratione
776 2476 935 2521 Psalmi
955 2495 1128 2533 xxxv-11,
1154 2478 1258 2522 item
1286 2487 1329 2522 et
1352 2478 1468 2523 Psal-

75 2546 136 2591 mi
162 2565 271 2592 xuu
290 2567 302 2606 3
323 2547 371 2592 in
392 2545 652 2592 Praefatione
674 2547 969 2592 Enarrationis
994 2550 1012 2591 Ι
1043 2547 1201 2592 Psalmi
1225 2567 1332 2594 LVIII
1354 2558 1396 2593 et
1418 2549 1465 2593 in

1189 2620 1254 2659 35.
