1833 3284
404 285 647 317 ENARRATIO
679 290 726 316 IN
758 286 962 318 PSALMUM
994 288 1104 315 xvn.
1364 274 1444 313 251

121 355 198 398 IV.
220 371 241 396 «
266 351 467 398 Laudans
488 353 703 398 invocabo
725 354 961 399 Dominum
974 387 985 408 ,
1006 361 1050 396 et
1071 352 1126 396 ab
1143 350 1327 396 inimicis
1343 351 1451 395 meis

67 443 88 474 ‚1¹
122 423 264 469 salvus
287 425 402 468 ero1.
423 443 444 466 »
464 426 562 470 Non
579 440 718 469 meam
737 424 934 484 gloriam,
950 423 1026 468 sed
1045 423 1218 468 Domini
1231 437 1449 483 quaerens,

63 495 278 541 invocabo
299 510 424 557 eum,
444 505 488 540 et
513 512 603 541 non
624 496 706 542 erit
727 496 846 541 unde
875 494 984 540 mihi
1004 503 1192 542 noceant
1219 493 1454 554 impietatis

63 581 247 612 errores.

123 651 178 695 V.
200 667 223 691 .«
247 646 643 695 Circumdederunt
662 663 733 692 me
755 647 926 693 dolores
943 646 1094 692 mortis
1112 664 1121 691 z
1144 663 1165 688 »
1189 644 1236 690 id
1257 654 1336 700 est,
1360 660 1457 690 car-

66 719 150 764 nis.
166 721 258 763 «Et
269 727 482 764 torrentes
495 718 733 779 iniquitatis
747 718 1123 763 conturbaverunt
1137 720 1246 760 me2.
1262 734 1282 758 »
1297 716 1457 760 Turbae

66 789 229 850 iniquae
246 788 303 834 ad
319 798 491 848 tempus
519 798 772 845 commotae,
794 788 932 834 veluti
954 788 1138 832 flumina
1158 786 1350 832 fluvialia
1370 787 1457 831 cito

67 859 276 914 desitura,
302 869 487 919 egerunt
506 869 557 904 ut
574 860 886 905 conturbarent
906 874 991 904 me.

127 945 204 993 VI,
228 962 249 986 «
267 941 446 988 Dolores
462 941 624 987 inferni
639 942 1024 988 circumdederunt
1046 942 1157 985 me3.
1181 959 1201 982 »
1229 943 1282 985 In
1302 940 1368 985 his
1384 940 1461 1001 qui

67 1028 139 1059 me
158 1012 546 1058 circumdederunt
572 1023 624 1058 ut
644 1011 876 1074 perderent
893 1029 983 1069 me,
1004 1021 1128 1056 erant
1154 1011 1324 1057 dolores
1345 1011 1461 1056 invi-

69 1083 251 1140 dentiae,
278 1085 355 1145 qui
381 1094 567 1129 mortem
593 1093 851 1144 operantur,
875 1083 1214 1144 perducuntque
1238 1080 1293 1126 ad
1321 1079 1461 1125 inser-

68 1170 178 1200 num
203 1155 384 1216 peccati.
411 1175 431 1198 «
452 1159 765 1201 Praevenerunt
792 1171 862 1200 me
883 1155 1028 1216 laquei
1053 1154 1220 1199 mortis.
1243 1172 1264 1195 »
1286 1156 1461 1198 Praeve-

68 1235 230 1271 nerunt
257 1242 351 1282 me,
382 1236 434 1271 ut
464 1227 627 1287 priores
660 1241 818 1271 nocere
850 1225 1036 1281 vellent,
1068 1224 1190 1285 quod
1224 1224 1284 1268 eis
1316 1233 1461 1281 postea

67 1296 339 1348 redderetur.
362 1296 485 1342 Tales
503 1306 649 1342 autem
666 1297 864 1342 homines
882 1297 1062 1357 capiunt
1083 1296 1129 1339 in
1150 1294 1462 1355 perditionem,

69 1369 230 1430 quibus
250 1369 366 1414 male
391 1378 699 1430 persuaserunt
722 1369 958 1430 jactatione
988 1367 1162 1427 iustitiae
1190 1386 1199 1412 ε
1227 1367 1349 1427 cujus
1372 1381 1463 1411 non

70 1456 138 1497 re,
158 1440 234 1486 sed
253 1440 453 1496 nomine,
481 1440 685 1485 adversus
708 1441 868 1484 Gentes
891 1439 1146 1498 gloriantur.

131 1525 232 1568 VII.
263 1543 284 1566 «
312 1526 370 1568 Et
396 1523 443 1567 in
475 1539 676 1584 pressura
703 1538 799 1568 mea
830 1522 1030 1567 invocavi
1057 1521 1317 1575 Dominum,
1343 1529 1386 1564 et
1408 1518 1465 1564 ad

75 1613 97 1637 a>
130 1598 272 1640 Deum
302 1609 452 1638 meum
486 1593 684 1639 clamavi.
714 1597 772 1638 Et
794 1592 1014 1639 exaudivit
1045 1592 1100 1637 de
1129 1591 1293 1652 templo
1316 1600 1465 1636 sancto

76 1684 97 1708 ³)
133 1682 212 1710 suo
232 1681 386 1711 vocem
412 1666 596 1709 meam4.
623 1683 644 1706 »
666 1663 901 1709 Exaudivit
922 1663 974 1708 de
1001 1663 1132 1709 corde
1163 1679 1283 1718 meo,
1304 1663 1349 1706 in
1377 1677 1466 1723 quo

71 1734 263 1794 habitat,
293 1753 447 1782 vocem
479 1752 636 1780 meam.
667 1755 687 1778 «
720 1739 777 1780 Et
806 1738 968 1780 clamor
998 1751 1119 1779 meus
1152 1735 1198 1778 in
1229 1742 1467 1794 conspectu

76 1826 97 1850 »
135 1809 240 1869 ejus.
271 1827 291 1849 »
319 1810 378 1853 Et
399 1807 562 1853 clamor
583 1822 726 1862 meus,
752 1821 886 1868 quem
918 1822 1008 1850 non
1041 1806 1084 1849 in
1120 1805 1297 1849 auribus
1319 1804 1466 1848 homi-

74 1892 199 1935 num,
218 1877 294 1924 sed
305 1894 451 1924 coram
465 1878 559 1940 ipso
571 1878 689 1922 intus
702 1877 859 1922 habeo.
880 1896 899 1919 «
913 1876 1114 1921 Introivit
1126 1877 1171 1920 in
1185 1891 1308 1920 aures
1321 1876 1428 1936 ejus.
1442 1893 1463 1916 »

134 1964 259 2006 VIII.
287 1979 307 2003 «
331 1963 389 2005 Et
411 1969 631 2006 commota
647 1969 726 2015 cst,
743 1968 787 2003 et
802 1960 1069 2004 contremuit
1091 1961 1239 2003 terra⁵.
1259 1977 1279 2000 »
1300 1961 1366 2002 Ita
1383 1957 1467 2002 cla-

76 2032 244 2078 rificato
274 2031 387 2076 Fih'o
408 2031 620 2087 hominis,
657 2031 864 2076 commoti
898 2039 1001 2075 sunt
1033 2039 1075 2074 et
1108 2037 1468 2075 contremuerunt

76 2111 339 2164 peccatores.
362 2121 379 2142 «
395 2105 453 2146 Et
471 2101 760 2146 fundamenta
780 2101 996 2145 montium
1023 2102 1283 2145 conturbata
1311 2109 1466 2144 sunt.»

79 2176 138 2219 Et
153 2189 248 2234 spes
265 2173 573 2233 superborum,
592 2189 692 2233 quae
713 2172 759 2216 in
780 2173 865 2217 hoc
886 2171 1047 2217 saeculo
1068 2171 1266 2227 suerunt,
1287 2180 1469 2216 contur-

80 2244 195 2289 batae
223 2253 339 2288 sunt.
370 2262 390 2286 «
422 2246 480 2288 Et
511 2252 728 2288 commota
757 2252 880 2299 sunt,
907 2243 1116 2304 quoniam
1149 2243 1283 2286 iratus
1317 2251 1381 2286 est
1412 2241 1470 2285 eis

85 2334 106 2358 »
126 2319 257 2361 Deus.
280 2318 374 2360 »Ut
391 2315 554 2360 scilicet
563 2317 654 2377 jam
671 2317 997 2361 firmamentum
1011 2333 1102 2361 non
1118 2317 1300 2361 haberet
1311 2317 1357 2360 in
1375 2332 1472 2362 cor-

83 2385 212 2431 dibus
228 2386 460 2431 hominum
482 2402 577 2446 spes
599 2387 905 2447 temporalium
927 2387 1161 2432 bonorum.

145 2471 224 2514 IX.
253 2489 272 2512 «
297 2470 505 2515 Ascendit
521 2469 670 2515 fumus
690 2471 736 2515 in
752 2471 814 2515 ira
833 2472 937 2532 ejus.
962 2490 982 2513 »
1004 2471 1210 2516 Ascendit
1232 2471 1474 2530 lacrymosa

86 2538 332 2600 deprecatio
354 2541 681 2601 poenitentium,
707 2557 807 2586 cum
830 2542 1133 2601 cognovissent
1154 2542 1263 2603 quid
1283 2543 1475 2588 minetur

136 2643 145 2659 ¹
170 2637 457 2680 Ρ5ἃ1.11ν11,4.-
477 2639 588 2672 2Ι1)ἱ(1,
615 2639 647 2672 5.
664 2656 705 2662 -
722 2638 1072 2673 3111111.6.-·4111111.
1095 2651 1125 2681 7.
1145 2656 1187 2663 -
1206 2638 1222 2662 5
1238 2640 1316 2672 ibid.
1337 2640 1367 2671 8.
