1833 3284
360 192 445 230 390
794 207 827 231 s.
864 206 1096 233 Ateus'rim
1130 207 1311 233 EPJSCOPI

357 270 554 329 profecto
577 279 619 313 et
637 268 722 313 alia
744 270 946 330 quaedam
979 287 1148 331 sperare
1170 271 1378 317 debemus
1402 271 1625 317 dicturum
1648 289 1748 318 eum

358 340 435 400 qui
456 338 654 384 condidit
677 340 893 384 Psalmum
912 376 922 395 ,
949 340 993 385 id
1016 351 1100 397 est,
1123 343 1386 402 Prophetam
1403 379 1413 399 ,
1436 344 1524 389 imo
1545 360 1649 390 vero
1672 360 1750 404 per

361 411 624 471 l'rophetam
647 411 854 471 Spiritum
878 422 1092 457 sanetum.

416 485 499 526 111.
529 482 571 527 Si
591 498 694 527 vero
716 483 810 526 haec
833 484 988 528 extasis
1011 499 1148 543 pavor
1165 483 1474 543 intelligendus
1495 493 1581 541 est,
1605 501 1749 547 neque

356 553 459 598 huic
489 553 794 612 significationi
816 554 939 598 verbi
977 553 1115 599 deerit
1147 555 1278 616 hujus
1313 555 1470 600 Psalmi
1503 566 1745 602 contextus.

354 625 542 669 Videtur
564 625 679 668 enim
698 625 752 669 de
772 626 968 685 passione
988 626 1216 670 locuturus
1234 643 1337 683 csse,
1354 627 1400 671 in
1415 644 1500 688 qua
1520 643 1653 688 pavor
1667 637 1745 673 est.

357 696 442 742 Sed
456 698 523 757 cuj
531 713 578 740 us
597 712 732 756 pavor
745 707 823 753 est,
842 707 989 742 utrum
1010 699 1186 753 Christi,
1203 699 1306 759 quia
1320 699 1443 755 dixit,
1459 719 1478 741 «
1497 702 1548 744 In
1563 700 1711 755 finem,
1725 718 1746 741 »

354 777 398 812 et
428 768 711 828 intelligimus
745 769 877 813 finem
908 770 1163 815 Christum?
1193 787 1248 815 an
1277 770 1386 816 forte
1417 780 1564 816 noster
1591 773 1752 832 pavor?

352 839 579 900 Numquid
622 840 739 883 enim
777 856 1008 900 possumus
1045 857 1252 901 pavorem
1289 843 1401 886 hene
1431 841 1674 900 intelligere
1706 843 1751 887 in

353 910 526 956 Christo
549 911 871 972 propinquante
892 912 1103 972 passione,
1125 913 1202 973 qui
1224 923 1404 973 propter
1425 929 1520 958 eam
1543 921 1749 972 venerat,

350 996 452 1026 cum
474 981 662 1025 venisset
685 981 741 1025 ad
776 980 898 1042 quod
928 991 1132 1039 venerat,
1164 983 1384 1044 numquid
1406 984 1591 1044 pavebat
1618 984 1752 1028 mori-

347 1054 505 1097 turus?
541 1053 582 1097 Si
618 1068 793 1112 prorsus
821 1053 882 1098 ita
919 1054 1052 1099 homo
1094 1064 1229 1110 esset,
1269 1064 1320 1100 ut
1350 1058 1464 1099 Deus
1492 1070 1582 1099 non
1616 1064 1747 1111 esset,

349 1124 487 1183 magis
509 1123 719 1182 gauderet
750 1134 1098 1181 resurrecturus,
1135 1141 1268 1186 quam
1291 1134 1467 1185 paveret
1486 1125 1753 1170 moriturus?

352 1196 667 1238 Verumtamen
685 1195 787 1255 quia
803 1193 1006 1254 dignatus
1029 1205 1093 1240 est
1107 1211 1323 1240 assumere
1346 1195 1533 1240 formam
1549 1196 1682 1251 servi,
1708 1205 1752 1241 et

353 1265 400 1309 in
418 1281 466 1309 ea
485 1281 562 1309 nos
592 1266 746 1309 vestire
769 1282 834 1322 se,
859 1266 1039 1326 quinon
1062 1276 1126 1311 est
1147 1266 1406 1326 dedignatus
1434 1282 1651 1311 assumere
1673 1281 1751 1311 nos

352 1335 400 1380 in
420 1351 464 1380 se
479 1372 489 1391 ,
511 1352 600 1380 non
624 1345 687 1381 est
710 1336 971 1395 dedignatus
996 1338 1304 1397 transfigurare
1325 1353 1404 1382 nos
1426 1338 1471 1381 in
1493 1352 1553 1392 se,
1570 1347 1614 1381 et
1628 1336 1752 1398 loqui

353 1407 498 1452 verbis
521 1409 702 1463 nostris,
729 1417 778 1451 ut
808 1418 851 1452 et
884 1424 961 1453 nos
993 1408 1272 1469 loqueremur
1303 1408 1446 1453 verbis
1475 1408 1624 1469 ipsius.
1648 1411 1752 1453 Haec

355 1480 471 1524 enim
501 1480 609 1523 mira
646 1480 930 1524 commutatio
963 1479 1077 1524 facta
1113 1490 1197 1536 est,
1224 1490 1268 1525 et
1289 1479 1437 1525 divina
1460 1489 1563 1524 sunt
1580 1490 1752 1540 peracta

355 1551 617 1595 commercia
633 1586 644 1605 ,
670 1550 855 1595 mutatio
880 1566 1026 1594 rerum
1044 1551 1261 1595 celebrata
1283 1552 1326 1595 in
1344 1551 1429 1595 hoe
1447 1550 1615 1595 mundo
1632 1566 1655 1594 a
1674 1566 1753 1595 ne·
1814 1542 1816 1567 ³

354 1624 566 1683 gotiatore
589 1621 773 1667 coelesti.
801 1623 933 1667 Venit
952 1622 1147 1682 accipere
1169 1621 1472 1678 contumelias,
1498 1622 1602 1667 dare
1615 1623 1753 1667 hono-
1814 1626 1816 1633 '

353 1710 445 1750 res,
484 1694 605 1738 venit
641 1693 817 1736 haurire
847 1692 1067 1748 dolorem,
1095 1692 1199 1737 dare
1220 1693 1430 1752 salutem,
1463 1693 1584 1739 venit
1606 1693 1751 1738 subire

352 1773 539 1809 mortem
556 1800 566 1819 ,
590 1763 693 1808 dare
714 1764 862 1807 vitam.
885 1764 1123 1808 ¹Moriturus
1145 1780 1248 1823 ergo
1268 1780 1319 1807 ex
1342 1780 1393 1808 eo
1413 1763 1534 1825 quod
1553 1773 1751 1808 nostrum
1814 1772 1817 1779 “

351 1834 544 1880 habebat
561 1870 572 1889 ,
598 1850 687 1878 non
719 1834 764 1877 in
794 1850 838 1878 se
855 1869 865 1887 ,
892 1833 968 1878 sed
999 1834 1043 1876 in
1071 1834 1198 1878 nobis
1227 1835 1415 1894 pavebat
1441 1854 1449 1879 :
1480 1834 1581 1895 quia
1603 1844 1647 1878 et
1667 1835 1752 1879 hoc

352 1906 484 1961 dixit,
505 1905 673 1949 tristem
696 1921 785 1949 esse
813 1905 1004 1949 animam
1034 1921 1157 1949 suam
1187 1921 1326 1965 usque
1354 1904 1410 1949 ad
1438 1908 1654 1950 mortem¹
1673 1942 1683 1961 ,
1709 1915 1752 1950 et

352 1978 507 2037 utique
529 1992 608 2021 nos
631 1977 711 2037 ipsi
730 1991 880 2020 omnes
903 1991 1003 2020 cum
1023 1976 1113 2020 illo.
1139 1978 1249 2021 Nam
1272 1976 1364 2020 sine
1382 1975 1478 2032 illo,
1500 1992 1578 2021 nos
1601 1975 1713 2020 nihil
1738 1997 1747 2021 ;

353 2050 399 2094 in
434 2046 511 2092 illo
540 2057 687 2092 autem
720 2047 811 2107 ipse
842 2047 1067 2103 Christus,
1095 2056 1138 2091 et
1166 2063 1260 2091 nos.
1289 2049 1467 2101 Quare?
1501 2047 1612 2101 Quia
1635 2057 1752 2092 totus

353 2120 550 2166 Christus
573 2128 706 2179 eaput
723 2128 765 2163 et
781 2135 954 2178 eorpus.
975 2121 1119 2178 Caput
1137 2118 1210 2162 ille
1226 2117 1415 2163 salvator
1437 2119 1629 2179 corporis
1646 2155 1656 2175 ,
1675 2119 1752 2180 qui

349 2193 441 2252 jam
466 2190 659 2234 ascendit
682 2190 726 2234 in
748 2189 912 2234 coelum
934 2209 941 2234 :
968 2205 1125 2249 corpus
1147 2198 1294 2233 autem
1318 2188 1530 2245 Ecclesia,
1562 2205 1662 2250 quae
1685 2189 1752 2234 la-

352 2263 478 2306 borat
499 2262 545 2306 in
568 2272 680 2306 terra
693 2266 725 2305 ².
751 2265 844 2307 Hoc
873 2271 1020 2306 autem
1047 2277 1204 2320 corpus
1238 2261 1320 2305 nisi
1356 2262 1628 2306 connexione
1650 2263 1749 2306 cha·

353 2333 490 2378 ritatis
519 2333 762 2378 adhaereret
794 2333 925 2392 capiti
949 2349 1027 2377 suo
1045 2369 1055 2389 ,
1090 2343 1140 2377 ut
1163 2348 1275 2376 unus
1304 2333 1427 2376 fieret
1455 2348 1505 2376 ex
1543 2333 1684 2393 capite
1708 2342 1752 2377 et

354 2419 535 2464 corpore
551 2439 561 2459 ,
589 2419 675 2448 non
694 2403 748 2448 de
767 2403 881 2447 coelo
912 2403 1147 2464 quemdam
1170 2412 1493 2462 persecutorem
1515 2403 1751 2463 corripiens

351 2475 536 2518 diceret:
557 2494 575 2516 «
595 2474 745 2529 Saule,
770 2473 914 2529 Saule,
941 2473 1050 2534 quid
1072 2489 1140 2517 me
1164 2474 1489 2533 persequeris³P
1516 2492 1534 2515 »
1561 2473 1749 2527 Quando

403 2565 411 2580 ¹
433 2558 785 2593 )1;ιιῑ1ι.ῃνι,33,-
809 2565 821 2580 ²
844 2558 1009 2600 1ῐμ1ωε.ν,
1032 2558 1086 2589 ’)..”ἶ.
1110 2576 1149 2580 -
1172 2557 1184 2580 3
1203 2561 1273 2590 Aci.
1297 2570 1339 2600 ix,
1360 2558 1391 2600 4.
