1833 3284
383 279 466 320 154
809 293 842 319 s.
880 290 1111 319 AUGUSTINI
1144 291 1329 319 Emscom

382 366 469 412 est,
494 356 725 401 carnaliter
746 356 970 401 observata
1002 356 1076 401 illa
1106 364 1399 409 sacramenta,
1424 353 1555 398 etiam
1587 368 1660 398 eos
1691 354 1776 398 ob-

383 429 552 473 strictos
575 437 811 472 tenuerunt
833 428 939 472 certi
962 427 1157 485 mysterii
1180 428 1337 484 gratia,
1358 425 1434 485 qui
1458 424 1533 468 uni
1556 427 1645 469 Deo
1668 424 1777 468 sub-

385 498 465 543 diti
488 507 627 542 erant.
648 498 717 542 ΑΙ)
735 498 928 542 adventu
953 507 1098 542 autem
1121 498 1313 552 Domini,
1335 512 1385 540 ex
1409 510 1497 555 quo
1515 495 1571 539 ad
1589 495 1778 540 circum-

383 570 590 614 cisionem
608 568 748 613 cordis
767 586 789 613 a
807 570 945 614 carnis
968 569 1294 613 circumcisione
1316 567 1548 612 transitum
1565 575 1645 622 est,
1665 565 1778 611 facta

384 641 553 686 vocatio
575 650 653 694 est,
671 649 721 684 ut
737 639 979 684 secundum
1002 640 1190 683 animam
1206 640 1442 693 viveretur,
1459 638 1505 681 id
1521 646 1601 692 est,
1623 652 1779 681 secun-

385 712 491 756 dum
515 712 766 756 interiorem
787 711 1027 766 hominem,
1052 712 1128 772 qui
1145 712 1274 755 etiam
1298 725 1436 754 novus
1458 710 1617 753 homo1
1642 723 1778 768 prop-

384 793 450 827 ter
468 782 842 841 regenerationem
859 781 1018 827 dicitur
1034 796 1297 842 morumque
1318 779 1577 841 spiritalium
1594 779 1779 824 innova-

384 854 562 898 tionem.
584 853 869 900 Manifestum
903 863 967 897 est
997 862 1143 898 autem
1176 854 1232 898 ad
1264 868 1422 912 corpus
1450 851 1779 912 quaternarium

384 940 619 969 numerum
638 925 877 984 pertinere,
902 934 1081 984 propter
1103 925 1325 969 notissima
1352 923 1567 967 clementa
1588 931 1779 983 quatuor

382 996 545 1056 quibus
567 1004 754 1050 constat,
780 1005 823 1040 et
843 1005 1033 1055 quatuor
1051 994 1304 1056 qualitates,
1330 994 1504 1048 siccam,
1530 992 1775 1049 humidam,

383 1065 593 1121 calida-m,
623 1064 845 1126 frigidam.
870 1066 995 1111 Unde
1024 1075 1214 1127 quatuor
1243 1066 1374 1110 etiam
1407 1064 1675 1124 temporibus
1697 1064 1778 1109 ad·-

383 1137 674 1193 ministratur,
700 1154 857 1193 verno,
891 1148 1061 1193 aestate,
1085 1147 1316 1192 autumno,
1341 1137 1499 1194 hyeme
1521 1155 1530 1181 2
1556 1136 1649 1180 haec
1672 1145 1774 1180 sunt

383 1209 621 1254 notissima.
642 1212 752 1254 Nam
767 1208 821 1253 de
842 1209 1120 1270 quaternario
1142 1223 1326 1253 numero
1346 1206 1538 1267 corporis
1564 1216 1775 1251 tractatur

380 1281 511 1324 etiam
533 1279 635 1325 alibi
652 1281 877 1337 subtilius,
895 1281 971 1326 sed
993 1281 1219 1326 obscurius
1236 1301 1244 1325 :
1265 1279 1387 1341 quod
1407 1280 1453 1323 in
1470 1280 1554 1324 hoc
1575 1295 1775 1324 sermone

370 1350 602 1396 vitandum
625 1363 710 1407 est,
736 1368 869 1413 quem
902 1353 1034 1397 etiarn
1074 1352 1217 1396 minus
1252 1350 1434 1395 eruditis
1467 1350 1775 1395 accommoda-

374 1432 469 1467 tum
487 1439 576 1468 esse
592 1424 812 1469 volumus.
834 1424 903 1470 Ad
925 1427 1122 1469 animum
1143 1440 1246 1468 vero
1276 1424 1515 1468 ternarium
1542 1438 1776 1467 numerum

376 1495 594 1554 pertinere
632 1504 775 1555 potest
808 1494 1013 1553 intelligi,
1051 1510 1105 1538 ex
1135 1510 1187 1539 eo
1221 1494 1343 1555 quod
1375 1494 1604 1554 tripliciter
1636 1497 1776 1538 Deum
1832 1507 1833 1510 ’

377 1565 556 1623 diligere
579 1567 811 1626 jubemur,
836 1582 888 1610 ex
921 1576 1015 1611 toto
1050 1566 1204 1621 corde,
1230 1582 1281 1610 ex
1303 1575 1394 1610 tota
1421 1566 1586 1620 anima,
1611 1580 1662 1609 ex
1684 1574 1776 1609 tota

377 1641 552 1682 mente'2
571 1657 579 1682 ;
601 1637 655 1682 de
673 1639 836 1698 quibus
854 1638 1034 1698 singulis
1054 1654 1145 1682 non
1163 1638 1207 1682 in
1231 1637 1454 1692 Psakerio,
1476 1637 1552 1681 sed
1569 1637 1615 1681 in
1630 1640 1777 1681 Evan-

379 1707 489 1766 gelio
511 1709 826 1768 disputandum
850 1718 913 1753 est
933 1729 942 1754 2
963 1725 1083 1754 nunc
1106 1710 1161 1753 ad
1178 1709 1481 1753 testimonium
1503 1708 1679 1752 ternarii
1697 1724 1779 1752 nu-

377 1780 486 1823 meri
510 1779 564 1823 ad
584 1781 776 1824 animum
797 1780 1076 1840 pertinentis,
1102 1780 1202 1824 satis
1224 1789 1332 1839 puto
1356 1795 1446 1823 esse
1467 1778 1588 1839 quod
1608 1779 1776 1824 dictum

378 1859 457 1894 est.
486 1851 672 1894 Peractis
705 1851 837 1910 igitur
867 1851 1059 1895 numeris
1092 1850 1283 1910 corporis
1316 1849 1371 1894 ad
1402 1859 1595 1894 veterem
1630 1849 1776 1893 homi-

378 1935 479 1964 nem
510 1929 554 1964 et
586 1920 641 1965 ad
670 1923 805 1965 Vetus
835 1924 1162 1965 Testamentum
1204 1921 1554 1980 pertinentibus,
1590 1921 1774 1980 peractis

374 1991 507 2035 etiam
536 1991 727 2035 numeris
758 1991 891 2035 animi
925 1991 980 2035 ad
1012 2007 1178 2035 novum
1199 1991 1424 2035 hominem
1453 2000 1496 2035 et
1525 1990 1580 2034 ad
1602 1993 1776 2035 Novum

378 2064 705 2105 Testamentum
725 2061 890 2117 relatis,
917 2062 1026 2106 sicut
1051 2062 1295 2121 septenario
1318 2076 1503 2106 numero
1526 2070 1774 2120 transacto,

376 2132 479 2193 quia
513 2132 865 2193 unumquodque
897 2132 1196 2192 temporaliter
1224 2133 1388 2192 agitur,
1415 2133 1694 2193 quaternario
1730 2133 1777 2177 in

378 2219 551 2263 corpus,
573 2205 764 2248 ternario
782 2204 824 2247 in
850 2204 1046 2248 animum
1069 2203 1326 2259 distributo,
1347 2204 1493 2248 veniet
1511 2213 1691 2248 octavus
1706 2205 1777 2264 ju-

377 2273 479 2318 dicii
501 2273 622 2319 dies:
649 2275 725 2335 qui
758 2274 920 2318 meritis
955 2274 1151 2318 tribuens
1184 2273 1304 2334 quod
1339 2272 1549 2329 debetur,
1569 2275 1660 2334 jam
1684 2290 1774 2319 non

380 2345 435 2390 ad
458 2361 588 2405 opera
605 2345 876 2405 temporalia,
897 2344 972 2389 sed
993 2344 1048 2389 ad
1065 2346 1198 2389 vitam
1217 2355 1425 2389 aeternam
1443 2354 1613 2391 sanctos
1636 2355 1774 2390 trans-

378 2417 511 2472 feret,
534 2417 688 2477 impios
711 2433 814 2462 vero
837 2417 1063 2461 damnabit
1084 2417 1129 2460 in
1151 2426 1382 2461 aeternum.

439 2491 521 2532 ΙΙΙ.
548 2491 687 2542 Quam
707 2489 1274 2542 damnationffifflmetuens,
1296 2496 1391 2532 orat
1409 2486 1601 2532 Ecclesia
1622 2487 1667 2531 in
1689 2487 1773 2532 hoc

382 2559 576 2615 Psalmo,
602 2559 750 2605 dicens
777 2581 785 2605 ε
817 2579 833 2600 «
858 2560 1066 2615 Domine,
1101 2576 1156 2603 nc
1178 2560 1223 2603 in
1252 2561 1313 2603 ira
1335 2569 1409 2603 tua
1431 2575 1585 2618 arguas
1613 2560 1724 2603 me3.
1751 2579 1768 2601 »

430 2651 439 2667 ¹
460 2645 578 2678 Coloss.
605 2657 652 2685 ιιι,
671 2657 722 2677 ιο.
743 2663 785 2669 --
801 2653 813 2668 2
833 2649 927 2679 Dent.
947 2657 992 2685 vr,
1019 2645 1058 2686 53
1077 2649 1109 2677 et
1128 2645 1243 2678 Matth.
1270 2656 1347 2685 xxii,
1369 2644 1423 2686 37.
1442 2662 1483 2667 ·—-
1504 2643 1517 2668 3
1537 2644 1617 2678 Psal.
1636 2655 1682 2685 vi,
1701 2652 1734 2676 2.
