1833 3284
312 233 397 272 54ss
840 241 1109 268 ANNOTA'ssoh
1119 242 1178 267 Es.

729 384 985 425 Amo-rum
1007 381 1073 438 (4)
1093 393 1192 440 pag.
1219 384 1291 423 79.

370 515 434 560 In
456 514 693 560 manibus.
725 516 850 561 Circa
882 516 966 560 hoc
995 514 1265 574 Augustinus
1302 512 1465 558 idcirco
1507 511 1705 557 haerebat

312 587 434 649 quod
452 605 474 633 a
496 588 715 633 veteribus
746 596 996 633 constanter
1018 602 1095 647 per
1117 604 1148 630 η
1166 586 1295 631 scribi
1325 585 1484 630 soleret
1512 600 1595 629 vox
1615 585 1706 645 ipsa

313 661 552 721 composita
571 661 780 705 inmanis
791 681 814 716 ;
833 660 981 721 sicque
998 660 1129 704 etiam
1146 659 1192 703 in
1206 658 1394 719 antiquis
1412 657 1535 702 libris
1548 657 1708 718 passim

314 731 499 792 reperias
519 732 777 786 inmensus,
803 729 1010 786 inbutas,
1033 728 1229 786 inlatus,
1252 729 1459 789 ιἠριιηιζς,
1476 738 1560 774 etc.
1576 743 1707 789 porro

312 803 358 848 in
381 817 522 862 graeco
545 820 632 847 Lxx
649 802 837 847 habetur
852 809 901 841 ἐπί
921 812 1043 853 χειρῶν.

519 960 1030 1009 ANNOTA'HONES
1067 961 1132 1008 ΙΝ
1177 959 1499 1009 PSALMOS.

715 1108 972 1152 Annorum
993 1107 1056 1164 (5)
1077 1120 1176 1166 pag.
1207 1110 1307 1150 159.

384 1240 628 1287 Turbatus
651 1251 723 1287 est
749 1239 814 1287 ab
837 1243 945 1298 ira,
968 1251 1051 1288 etc.
1084 1244 1148 1287 De
1167 1242 1266 1287 hac'
1279 1251 1402 1303 parte
1432 1240 1634 1286 versiculi
1658 1249 1681 1286 8
1696 1277 1708 1298 ‚

316 1312 496 1358 consule
523 1314 854 1358 Enarrationem
879 1317 897 1358 I
928 1314 972 1358 in
1001 1313 1113 1358 Psal.
1142 1332 1297 1358 xxxw.
1336 1316 1399 1358 De
1428 1312 1560 1357 altera
1592 1323 1713 1374 parte

316 1383 513 1446 ejusdem
532 1383 758 1441 versiculi,
781 1383 881 1431 vide
902 1385 1237 1430 Enarrationem
1256 1385 1414 1430 Psalmi
1429 1404 1502 1430 en.

716 1526 973 1569 ANNOTATIO
997 1525 1062 1582 (6)
1083 1538 1184 1583 pag.
1210 1527 1310 1568 224.

374 1659 604 1704 Manichaei
621 1659 829 1704 nimirum
848 1697 859 1718 ‚
884 1660 962 1723 qui
984 1660 1030 1704 in
1047 1659 1124 1706 lib.
1150 1663 1170 1705 I
1193 1660 1248 1705 de
1267 1659 1426 1705 Genesi
1448 1668 1599 1705 contra
1623 1663 1718 1705 Ma-

314 1737 530 1792 nichaeos,
564 1753 659 1797 cap.
695 1744 719 1781 3
737 1772 748 1793 ‚
773 1737 883 1781 etin
905 1736 983 1780 lib.
1011 1738 1075 1793 ΙΙ,
1114 1752 1210 1796 cap.
1240 1742 1310 1793 ⁶25,
1337 1733 1473 1779 solem
1497 1734 1679 1781 adorare
1701 1775 1713 1796 ‚

315 1807 442 1868 eique
476 1810 769 1868 genuflectere
799 1810 845 1854 in
872 1810 986 1855 libro
1019 1810 1073 1854 de
1109 1809 1304 1854 moribus
1338 1810 1715 1866 Manichaeorum,

315 1895 409 1939 cap.
438 1888 480 1936 8,
507 1897 552 1925 n.
576 1889 644 1926 18.
675 1890 719 1926 et
740 1882 956 1926 orationes
977 1881 1157 1926 demum
1177 1881 1232 1926 ad
1253 1881 1413 1938 solem,
1434 1899 1717 1944 quaquaver-

316 1967 415 1996 sum
431 1953 661 2009 circumit,
682 1968 760 2014 per
777 1953 895 1998 diem
912 1954 1101 1999 fundere
1117 1963 1350 1999 narrantur
1372 1954 1419 1999 in
1440 1953 1518 2000 lib.
1546 1955 1602 2001 de
1624 1956 1717 2001 hae-

323 2023 507 2070 resibus.

723 2165 981 2208 ΑΝΝΟΤΑΤΙΟ
999 2164 1065 2222 (7)
1086 2177 1184 2224 pag.
1212 2169 1314 2209 225.

386 2295 542 2353 Tangit
558 2295 670 2340 illud
697 2297 843 2357 quod,
878 2306 1079 2343 versante
1108 2298 1223 2342 inter
1243 2298 1599 2358 persecutionum
1620 2314 1719 2359 pro-

326 2365 456 2411 cellas
477 2367 667 2412 Ecclesia
683 2404 694 2423 ‚
726 2369 1007 2414 commissum
1033 2379 1097 2414 est
1125 2369 1364 2415 traditionis
1385 2371 1573 2428 crimen3
1598 2369 1721 2432 quod

325 2437 506 2497 quidem
542 2438 775 2483 Catholicis
812 2439 1081 2485 calumniose
1119 2441 1403 2501 objectabant
1447 2441 1683 2486 Donatistae
1705 2476 1716 2497 ‚

327 2507 507 2568 quando
524 2509 670 2568 potius
691 2511 874 2570 majores
890 2510 1082 2571 ipsorum
1100 2511 1279 2572 quidam
1299 2512 1426 2572 gestis
1443 2512 1721 2573 municipali-

330 2577 410 2625 bus
445 2578 746 2638 probabantur
774 2596 915 2626 sacros
937 2581 1107 2626 codices
1131 2590 1174 2626 et
1198 2581 1403 2627 Ecclesiae
1432 2583 1720 2628 instrumenta
