1833 3284
389 216 472 255 238
833 223 867 252 5.
904 223 1136 252 Aucusnm
1170 226 1352 254 muscopx

384 295 501 338 viam
530 293 691 336 bonam
719 289 904 349 ingredi.
938 294 1088 352 Ipsum
1117 290 1387 347 videbimus,
1411 305 1513 336 cum
1535 291 1784 352 perveneri-

387 378 498 408 mus.
526 365 583 407 Et
605 361 735 406 ideo
726 377 817 421 lpse
835 361 949 406 finis.

449 436 564 478 IL«
594 434 711 478 Dixit
731 432 1020 494 imprudens
1010 448 1056 476 in
1084 399 1216 478 corde
1237 448 1342 478 suo:
1365 434 1464 478 Non
1485 441 1549 477 est
1571 433 1732 476 Deus1.
1759 449 1780 474 »

388 504 508 551 Nec
498 504 579 564 lpsi
601 504 718 548 enim
740 503 935 563 sacrilegi
957 512 1000 548 ct
1032 502 1276 548 detestandi
1309 502 1489 565 quidam
1511 501 1782 563 philosophi,

390 575 467 637 qui
491 590 691 635 perversa
722 584 765 619 et
787 539 917 619 falsae
922 573 977 618 de
1011 577 1101 618 Deo
1133 573 1347 630 sentiunt,
1373 573 1463 618 ausi
1485 581 1587 617 sunt
1609 571 1752 618 dicere
1773 591 1783 617 ε

394 666 414 689 «
450 649 547 692 Non
567 654 631 689 est
649 649 778 690 Deus.
803 664 822 687 »
848 644 953 690 Ideo
974 661 1093 705 crgo,
1119 664 1139 688 «
1160 645 1275 689 Dixit
1292 646 1336 689 in
1358 643 1490 690 corde
1512 659 1592 689 suo
1613 661 1621 688 ε
1646 662 1665 686 >a
1685 643 1789 705 quia

389 718 475 762 hoc
508 731 638 761 nemo
672 716 804 761 audet
842 716 1007 772 dicere,
1048 715 1217 760 etiamsi
1248 731 1376 761 ausus
1411 715 1545 760 fuerit
1577 715 1783 774 cogitare.

395 808 415 831 «
449 787 657 847 Corrupti
687 797 789 832 sunt
820 797 863 832 et
885 787 1201 832 abominabiles
1224 786 1327 833 sacti
1349 798 1452 832 sunt
1473 787 1519 832 in
1542 786 1789 832 affectioni-

394 878 414 901 »
451 860 532 904 bus
552 859 664 904 suis²
693 878 703 903 2
728 877 749 900 »
781 858 826 902 id
849 867 933 914 est,
962 858 1070 903 dum
1094 868 1241 903 amant
1263 859 1347 903 hoc
1372 859 1606 914 saeculum,
1632 867 1676 902 et
1699 872 1791 902 non

392 941 541 976 amant
563 935 731 976 Deum:
751 931 856 992 ipsae
875 940 976 976 sunt
995 931 1248 976 affectiones
1271 948 1370 993 quae
1393 940 1684 992 corrumpunt
1701 930 1792 974 ani-

392 1018 532 1058 mam,
560 1012 603 1047 et
624 1002 684 1048 sic
705 1011 947 1059 excaecant,
978 1012 1029 1047 ut
1057 1004 1191 1063 possit
1214 1003 1343 1047 etiam
1366 1002 1510 1048 dicere
1534 1001 1792 1062 imprudens

392 1075 439 1118 in
461 1074 592 1119 corde
614 1091 691 1119 suo
715 1094 722 1119 :
756 1094 775 1116 «
808 1077 904 1120 Non
932 1084 995 1119 est
1020 1077 1151 1119 Deus.
1187 1093 1208 1116 n
1237 1074 1357 1120 Sicut
1380 1075 1497 1118 enim
1520 1070 1610 1119 non
1632 1073 1792 1134 proba-

393 1156 553 1190 verunt
574 1148 715 1190 Deum
737 1145 899 1190 habere
921 1146 966 1190 in
989 1146 1159 1202 notitia,
1185 1145 1309 1191 dedit
1329 1145 1426 1191 illos
1449 1149 1563 1191 Deus
1585 1146 1630 1189 in
1647 1160 1794 1205 repro-

394 1215 502 1260 bum
530 1217 748 1261 sensum3.
780 1235 799 1258 «
831 1218 930 1261 Non
964 1226 1027 1261 est
1062 1216 1139 1276 qui
1171 1214 1301 1261 saciat
1335 1207 1592 1273 bonitatem,
1619 1232 1709 1261 non
1730 1224 1795 1260 est

398 1305 419 1328 »
455 1303 628 1348 usque
618 1286 674 1331 ad
696 1288 877 1331 unum⁴.
905 1289 1052 1349 Usque
1076 1287 1130 1332 ad
1153 1303 1309 1344 unum,
1331 1306 1351 1329 »
1373 1286 1442 1333 vel
1464 1304 1566 1333 cum
1588 1289 1679 1346 ipso
1703 1302 1794 1332 uno

395 1368 536 1419 potest
557 1356 760 1418 intelligi,
781 1368 832 1403 ut
853 1357 1001 1403 nullus
1022 1359 1251 1404 hominum
1271 1358 1570 1419 intelligatur:
1584 1358 1666 1404 vel
1688 1374 1833 1417 prae-

395 1439 463 1475 ter
480 1445 636 1486 unum,
654 1439 705 1474 ut
722 1429 960 1490 accipiatur
978 1430 1189 1475 Dominus
1208 1430 1421 1476 Christus.
1443 1431 1565 1475 Sicut
1581 1429 1790 1474 dicimus:
1832 1418 1833 1463 l

400 1521 420 1544 «
456 1505 542 1547 Iste
565 1517 668 1562 ager
689 1518 863 1564 usque
852 1501 907 1547 ad
928 1518 1048 1546 mare
1073 1511 1152 1557 est,
1182 1519 1202 1543 »
1229 1517 1319 1546 non
1341 1502 1496 1562 utique
1518 1500 1648 1546 simul
1680 1515 1796 1546 com·
1831 1466 1833 1550 l

395 1583 603 1634 putamus
625 1583 668 1618 et
685 1589 820 1618 mare.
847 1576 904 1618 Et
931 1573 1010 1618 iste
1033 1583 1096 1618 est
1119 1572 1273 1618 melior
1298 1572 1569 1629 intellectus,
1594 1582 1644 1618 ut
1663 1586 1795 1617 nemo
1831 1603 1833 1606 »

396 1643 667 1703 intelligatur
691 1643 842 1689 fecisse
876 1644 1117 1688 bonitatem
1152 1659 1291 1704 usque
1324 1643 1380 1688 ad
1407 1644 1662 1689 Christum:
1691 1642 1796 1704 quia
1830 1631 1831 1684 l

396 1731 486 1760 non
501 1724 644 1775 potest
661 1715 895 1776 quisquam
917 1715 1147 1760 hominum
1166 1713 1308 1760 facere
1326 1715 1585 1773 bonitatem,
1604 1715 1685 1760 nisi
1702 1715 1795 1776 ipse
1828 1771 1829 1774 Ἴ

396 1786 717 1831 monstraverit.
738 1789 795 1830 Et
811 1785 923 1830 illud
944 1802 1097 1831 verum
1116 1795 1179 1830 est
1201 1806 1209 1831 :
1233 1788 1335 1848 quia
1353 1803 1584 1848 usquequo
1607 1787 1794 1848 quisque
1827 1793 1829 1837 ἓ

396 1866 629 1915 cognoscat
651 1872 791 1900 unum
815 1860 976 1912 Deum,
1001 1872 1087 1901 non
1113 1866 1255 1916 potest
1278 1857 1420 1902 facere
1442 1859 1701 1903 bonitatem.

456 1931 537 1973 III.
569 1949 588 1971 «
610 1928 822 1973 Dominus
837 1928 892 1972 de
907 1928 1021 1973 coelo
1037 1929 1256 1989 prospexit
1272 1946 1402 1990 super
1416 1930 1528 1975 filios
1542 1931 1791 1985 hominum,

397 2019 418 2042 ))
454 2009 505 2045 ut
521 1999 667 2045 videat
684 2001 717 2044 si
735 2010 798 2045 est
814 1999 1063 2059 intelligens
1082 2010 1158 2045 aut
1175 2002 1401 2063 requirens
1418 2005 1596 2047 Deum⁵.
1615 2021 1634 2043 >2
1657 2005 1795 2062 Super
1832 2024 1833 2030 =

395 2074 420 2116 J
424 2071 573 2116 udaeos
587 2081 730 2131 potest
744 2071 944 2129 intelligi,
963 2081 1011 2115 ut
1025 2073 1280 2117 honoratius
1293 2089 1364 2117 cos
1382 2073 1668 2134 appellaverit
1682 2072 1794 2118 filios

395 2143 653 2197 hominum,
685 2151 864 2202 propter
891 2142 1021 2186 unius
1053 2144 1130 2187 Dei
1161 2143 1359 2200 cultum,
1390 2145 1436 2188 in
1470 2145 1796 2204 comparatione

395 2214 660 2268 Gentilium,
687 2214 742 2258 de
777 2214 937 2274 quibus
976 2213 1161 2258 arbitror
1184 2216 1380 2276 superius
1403 2215 1601 2261 dictum:
1640 2215 1797 2260 «Dixit

401 2302 422 2326 ³)
458 2284 715 2344 imprudens
737 2284 783 2327 in
806 2283 938 2329 corde
970 2299 1047 2328 suo
1076 2287 1204 2330 :Non
1228 2295 1292 2330 est
1321 2289 1461 2343 Deus,
1495 2305 1516 2328 »
1547 2296 1591 2331 et
1621 2295 1796 2331 caetera.¹

397 2356 610 2416 Prospieit
635 2364 781 2400 autem
810 2356 1048 2410 Dominus,
1081 2364 1131 2400 ut
1151 2355 1298 2401 videat
1323 2373 1402 2418 per
1431 2358 1595 2403 animas
1626 2367 1795 2403 sanctas

397 2442 495 2471 suas
523 2446 531 2471 :
557 2426 680 2487 quod
711 2427 922 2485 significat
943 2425 988 2470 id
1015 2426 1136 2486 quod
1165 2426 1332 2473 dictum
1361 2438 1451 2486 est,
1483 2448 1503 2473 «
1529 2432 1593 2474 De
1615 2429 1742 2474 coelo.
1769 2446 1791 2471 »

395 2499 504 2544 Nam
528 2511 605 2557 per
627 2513 671 2542 se
687 2497 831 2557 ipsum
848 2496 959 2541 nihil
978 2512 1080 2541 eum
1101 2497 1222 2543 latet.

445 2583 551 2616 ¹Psal.
571 2595 639 2626 xm,
661 2594 688 2616 ι.
710 2600 751 2607 —
767 2589 779 2606 ²
798 2583 880 2616 Ibid.
902 2600 943 2606 —
961 2581 974 2607 3
992 2585 1085 2617 Rom,
1106 2594 1131 2626 1,
1157 2583 1211 2617 28,
1233 2582 1302 2615 -4
1318 2584 1400 2618 Psal.
1422 2595 1489 2627 xm,
1512 2596 1540 2618 1.
1558 2602 1600 2609 -
1618 2583 1634 2609 5
1658 2584 1739 2619 Ibid.
1757 2593 1791 2618 2.
