<?xml version="1.0" encoding="UTF-8"?>
<!DOCTYPE html PUBLIC "-//W3C//DTD XHTML 1.0 Transitional//EN"
    "http://www.w3.org/TR/xhtml1/DTD/xhtml1-transitional.dtd">
<html xmlns="http://www.w3.org/1999/xhtml" xml:lang="en" lang="en">
 <head>
  <title>
</title>
<meta http-equiv="Content-Type" content="text/html;charset=utf-8" />
  <meta name='ocr-system' content='tesseract 3.04.00' />
  <meta name='ocr-capabilities' content='ocr_page ocr_carea ocr_par ocr_line ocrx_word'/>
</head>
<body>
  <div class='ocr_page' id='page_1' title='image "./operaomniaaccura07auguuoft_0252.png"; bbox 0 0 1833 3284; ppageno 0'>
   <div class='ocr_carea' id='block_1_1' title="bbox 366 201 1297 242">
    <p class='ocr_par' dir='ltr' id='par_1_1' title="bbox 366 201 1297 242">
     <span class='ocr_line' id='line_1_1' title="bbox 366 201 1297 242; baseline 0.001 -1"><span class='ocrx_word' id='word_1_1' title='bbox 366 201 450 242; x_wconf 74' lang='lat'>240</span> <span class='ocrx_word' id='word_1_2' title='bbox 780 211 814 239; x_wconf 86' lang='lat' dir='ltr'>s.</span> <span class='ocrx_word' id='word_1_3' title='bbox 851 211 874 239; x_wconf 79' lang='grc' dir='ltr'><strong>Α</strong></span> <span class='ocrx_word' id='word_1_4' title='bbox 885 214 1082 240; x_wconf 65' lang='lat' dir='ltr'>consum</span> <span class='ocrx_word' id='word_1_5' title='bbox 1116 214 1297 242; x_wconf 65' lang='lat' dir='ltr'>muscom</span> 
     </span>
    </p>
   </div>
   <div class='ocr_carea' id='block_1_2' title="bbox 363 276 1833 2472">
    <p class='ocr_par' dir='ltr' id='par_1_2' title="bbox 363 276 1755 616">
     <span class='ocr_line' id='line_1_2' title="bbox 367 276 1754 338; baseline 0.001 -18"><span class='ocrx_word' id='word_1_6' title='bbox 367 297 388 320; x_wconf 70' lang='lat'>&gt;2</span> <span class='ocrx_word' id='word_1_7' title='bbox 424 293 571 321; x_wconf 87' lang='lat' dir='ltr'>mcum</span> <span class='ocrx_word' id='word_1_8' title='bbox 604 278 716 321; x_wconf 88' lang='lat' dir='ltr'>sicut</span> <span class='ocrx_word' id='word_1_9' title='bbox 744 276 892 321; x_wconf 87' lang='lat' dir='ltr'>cibum</span> <span class='ocrx_word' id='word_1_10' title='bbox 925 278 1070 337; x_wconf 77' lang='lat' dir='ltr'>panis¹</span> <span class='ocrx_word' id='word_1_11' title='bbox 1100 297 1109 323; x_wconf 71' lang='grc' dir='ltr'>ε</span> <span class='ocrx_word' id='word_1_12' title='bbox 1140 296 1159 319; x_wconf 89' lang='lat'>»</span> <span class='ocrx_word' id='word_1_13' title='bbox 1185 278 1231 323; x_wconf 91' lang='lat' dir='ltr'>id</span> <span class='ocrx_word' id='word_1_14' title='bbox 1259 288 1344 333; x_wconf 85' lang='lat' dir='ltr'>est,</span> <span class='ocrx_word' id='word_1_15' title='bbox 1378 276 1588 338; x_wconf 86' lang='lat' dir='ltr'>quotidie.</span> <span class='ocrx_word' id='word_1_16' title='bbox 1618 277 1754 323; x_wconf 86' lang='lat' dir='ltr'>Cibus</span> 
     </span>
     <span class='ocr_line' id='line_1_3' title="bbox 365 347 1751 408; baseline -0.001 -16"><span class='ocrx_word' id='word_1_17' title='bbox 365 348 479 392; x_wconf 83' lang='lat' dir='ltr'>enim</span> <span class='ocrx_word' id='word_1_18' title='bbox 518 347 641 407; x_wconf 82' lang='lat' dir='ltr'>panis</span> <span class='ocrx_word' id='word_1_19' title='bbox 657 383 668 402; x_wconf 89' lang='lat'>,</span> <span class='ocrx_word' id='word_1_20' title='bbox 699 347 979 408; x_wconf 85' lang='lat' dir='ltr'>quotidianus</span> <span class='ocrx_word' id='word_1_21' title='bbox 1001 357 1078 392; x_wconf 85' lang='lat' dir='ltr'>est.</span> <span class='ocrx_word' id='word_1_22' title='bbox 1108 351 1324 393; x_wconf 83' lang='lat' dir='ltr'>Devorant</span> <span class='ocrx_word' id='word_1_23' title='bbox 1346 358 1491 392; x_wconf 83' lang='lat' dir='ltr'>autem</span> <span class='ocrx_word' id='word_1_24' title='bbox 1514 348 1751 408; x_wconf 88' lang='lat' dir='ltr'>populum,</span> 
     </span>
     <span class='ocr_line' id='line_1_4' title="bbox 365 418 1755 479; baseline -0.001 -16"><span class='ocrx_word' id='word_1_25' title='bbox 365 420 442 479; x_wconf 90' lang='lat' dir='ltr'>qui</span> <span class='ocrx_word' id='word_1_26' title='bbox 466 433 542 462; x_wconf 79' lang='lat' dir='ltr'>sua</span> <span class='ocrx_word' id='word_1_27' title='bbox 574 418 803 464; x_wconf 84' lang='lat' dir='ltr'>commoda</span> <span class='ocrx_word' id='word_1_28' title='bbox 827 435 877 463; x_wconf 77' lang='lat' dir='ltr'>cx</span> <span class='ocrx_word' id='word_1_29' title='bbox 898 418 974 462; x_wconf 92' lang='lat' dir='ltr'>illo</span> <span class='ocrx_word' id='word_1_30' title='bbox 1007 419 1210 479; x_wconf 84' lang='lat' dir='ltr'>capiunt,</span> <span class='ocrx_word' id='word_1_31' title='bbox 1236 436 1325 464; x_wconf 92' lang='lat' dir='ltr'>non</span> <span class='ocrx_word' id='word_1_32' title='bbox 1349 419 1583 463; x_wconf 83' lang='lat' dir='ltr'>referentes</span> <span class='ocrx_word' id='word_1_33' title='bbox 1605 419 1755 462; x_wconf 90' lang='lat' dir='ltr'>minis-</span> 
     </span>
     <span class='ocr_line' id='line_1_5' title="bbox 364 490 1755 551; baseline 0 -18"><span class='ocrx_word' id='word_1_34' title='bbox 364 490 523 534; x_wconf 85' lang='lat' dir='ltr'>terium</span> <span class='ocrx_word' id='word_1_35' title='bbox 547 506 674 534; x_wconf 91' lang='lat' dir='ltr'>suum</span> <span class='ocrx_word' id='word_1_36' title='bbox 699 490 752 534; x_wconf 79' lang='lat' dir='ltr'>ad</span> <span class='ocrx_word' id='word_1_37' title='bbox 771 490 951 549; x_wconf 79' lang='lat' dir='ltr'>gloriam</span> <span class='ocrx_word' id='word_1_38' title='bbox 974 491 1052 535; x_wconf 90' lang='lat' dir='ltr'>Dci</span> <span class='ocrx_word' id='word_1_39' title='bbox 1068 526 1079 545; x_wconf 90' lang='lat'>,</span> <span class='ocrx_word' id='word_1_40' title='bbox 1113 500 1156 535; x_wconf 86' lang='lat' dir='ltr'>et</span> <span class='ocrx_word' id='word_1_41' title='bbox 1184 490 1240 535; x_wconf 82' lang='lat' dir='ltr'>ad</span> <span class='ocrx_word' id='word_1_42' title='bbox 1263 506 1433 547; x_wconf 84' lang='lat' dir='ltr'>corum,</span> <span class='ocrx_word' id='word_1_43' title='bbox 1458 490 1618 551; x_wconf 85' lang='lat' dir='ltr'>quibus</span> <span class='ocrx_word' id='word_1_44' title='bbox 1641 505 1755 549; x_wconf 79' lang='lat' dir='ltr'>prae-</span> 
     </span>
     <span class='ocr_line' id='line_1_6' title="bbox 363 561 706 616; baseline 0 -11"><span class='ocrx_word' id='word_1_45' title='bbox 363 570 488 616; x_wconf 87' lang='lat' dir='ltr'>sunt,</span> <span class='ocrx_word' id='word_1_46' title='bbox 506 561 706 605; x_wconf 83' lang='lat' dir='ltr'>salutem.</span> 
     </span>
    </p>

    <p class='ocr_par' dir='ltr' id='par_1_3' title="bbox 364 631 1764 1389">
     <span class='ocr_line' id='line_1_7' title="bbox 423 631 1758 678; baseline 0 -3"><span class='ocrx_word' id='word_1_47' title='bbox 423 635 500 677; x_wconf 88' lang='lat' dir='ltr'>VI.</span> <span class='ocrx_word' id='word_1_48' title='bbox 541 652 561 674; x_wconf 87' lang='lat'>«</span> <span class='ocrx_word' id='word_1_49' title='bbox 587 632 823 676; x_wconf 88' lang='lat' dir='ltr'>Dominum</span> <span class='ocrx_word' id='word_1_50' title='bbox 847 648 938 676; x_wconf 89' lang='lat' dir='ltr'>non</span> <span class='ocrx_word' id='word_1_51' title='bbox 966 632 1292 677; x_wconf 84' lang='lat' dir='ltr'>invocaverunt.</span> <span class='ocrx_word' id='word_1_52' title='bbox 1317 651 1336 674; x_wconf 64' lang='grc' dir='ltr'><strong>η</strong></span> <span class='ocrx_word' id='word_1_53' title='bbox 1375 635 1475 678; x_wconf 90' lang='lat' dir='ltr'>Non</span> <span class='ocrx_word' id='word_1_54' title='bbox 1505 631 1622 676; x_wconf 88' lang='lat' dir='ltr'>enim</span> <span class='ocrx_word' id='word_1_55' title='bbox 1657 645 1758 675; x_wconf 86' lang='lat' dir='ltr'>vere</span> 
     </span>
     <span class='ocr_line' id='line_1_8' title="bbox 364 701 1758 765; baseline -0.001 -18"><span class='ocrx_word' id='word_1_56' title='bbox 364 704 483 747; x_wconf 89' lang='lat' dir='ltr'>hunc</span> <span class='ocrx_word' id='word_1_57' title='bbox 506 703 708 757; x_wconf 78' lang='lat' dir='ltr'>invocat,</span> <span class='ocrx_word' id='word_1_58' title='bbox 740 703 817 763; x_wconf 84' lang='lat' dir='ltr'>qui</span> <span class='ocrx_word' id='word_1_59' title='bbox 859 719 907 747; x_wconf 83' lang='lat' dir='ltr'>ca</span> <span class='ocrx_word' id='word_1_60' title='bbox 932 702 1173 759; x_wconf 79' lang='lat' dir='ltr'>desiderat,</span> <span class='ocrx_word' id='word_1_61' title='bbox 1206 720 1305 765; x_wconf 67' lang='lat' dir='ltr'>quse</span> <span class='ocrx_word' id='word_1_62' title='bbox 1338 703 1583 764; x_wconf 82' lang='lat' dir='ltr'>displicent.</span> <span class='ocrx_word' id='word_1_63' title='bbox 1618 701 1758 764; x_wconf 82' lang='lat' dir='ltr'>«Illic</span> 
     </span>
     <span class='ocr_line' id='line_1_9' title="bbox 369 773 1756 833; baseline 0.001 -17"><span class='ocrx_word' id='word_1_64' title='bbox 369 793 388 815; x_wconf 92' lang='lat'>»</span> <span class='ocrx_word' id='word_1_65' title='bbox 418 773 747 833; x_wconf 81' lang='lat' dir='ltr'>trepidaverunt</span> <span class='ocrx_word' id='word_1_66' title='bbox 781 775 955 830; x_wconf 88' lang='lat' dir='ltr'>timore,</span> <span class='ocrx_word' id='word_1_67' title='bbox 994 775 1071 819; x_wconf 88' lang='lat' dir='ltr'>ubi</span> <span class='ocrx_word' id='word_1_68' title='bbox 1113 792 1202 819; x_wconf 85' lang='lat' dir='ltr'>non</span> <span class='ocrx_word' id='word_1_69' title='bbox 1230 784 1321 820; x_wconf 82' lang='lat' dir='ltr'>erat</span> <span class='ocrx_word' id='word_1_70' title='bbox 1355 776 1514 820; x_wconf 80' lang='lat' dir='ltr'>tim0r2</span> <span class='ocrx_word' id='word_1_71' title='bbox 1552 794 1561 818; x_wconf 81' lang='lat' dir='ltr'>z</span> <span class='ocrx_word' id='word_1_72' title='bbox 1592 773 1639 818; x_wconf 86' lang='lat' dir='ltr'>id</span> <span class='ocrx_word' id='word_1_73' title='bbox 1666 783 1756 828; x_wconf 87' lang='lat' dir='ltr'>est,</span> 
     </span>
     <span class='ocr_line' id='line_1_10' title="bbox 365 844 1760 906; baseline 0 -17"><span class='ocrx_word' id='word_1_74' title='bbox 365 844 526 890; x_wconf 83' lang='lat' dir='ltr'>damno</span> <span class='ocrx_word' id='word_1_75' title='bbox 558 861 702 889; x_wconf 89' lang='lat' dir='ltr'>rerum</span> <span class='ocrx_word' id='word_1_76' title='bbox 736 845 1060 906; x_wconf 80' lang='lat' dir='ltr'>temporalium.</span> <span class='ocrx_word' id='word_1_77' title='bbox 1093 847 1305 891; x_wconf 77' lang='lat' dir='ltr'>Dixcrunt</span> <span class='ocrx_word' id='word_1_78' title='bbox 1333 846 1448 890; x_wconf 85' lang='lat' dir='ltr'>enim</span> <span class='ocrx_word' id='word_1_79' title='bbox 1476 865 1484 890; x_wconf 89' lang='grc'>;</span> <span class='ocrx_word' id='word_1_80' title='bbox 1515 845 1598 891; x_wconf 87' lang='lat' dir='ltr'>«Si</span> <span class='ocrx_word' id='word_1_81' title='bbox 1626 845 1760 889; x_wconf 87' lang='lat' dir='ltr'>relin-</span> 
     </span>
     <span class='ocr_line' id='line_1_11' title="bbox 369 917 1762 977; baseline 0.001 -19"><span class='ocrx_word' id='word_1_82' title='bbox 369 935 388 957; x_wconf 82' lang='lat'>»</span> <span class='ocrx_word' id='word_1_83' title='bbox 425 932 612 977; x_wconf 69' lang='lat' dir='ltr'>quamtis</span> <span class='ocrx_word' id='word_1_84' title='bbox 646 931 746 960; x_wconf 79' lang='lat' dir='ltr'>eum</span> <span class='ocrx_word' id='word_1_85' title='bbox 777 917 861 973; x_wconf 83' lang='lat' dir='ltr'>sic,</span> <span class='ocrx_word' id='word_1_86' title='bbox 894 917 1074 961; x_wconf 85' lang='lat' dir='ltr'>credent</span> <span class='ocrx_word' id='word_1_87' title='bbox 1101 918 1146 961; x_wconf 90' lang='lat' dir='ltr'>in</span> <span class='ocrx_word' id='word_1_88' title='bbox 1174 933 1274 962; x_wconf 85' lang='lat' dir='ltr'>curn</span> <span class='ocrx_word' id='word_1_89' title='bbox 1309 933 1480 972; x_wconf 89' lang='lat' dir='ltr'>omnes,</span> <span class='ocrx_word' id='word_1_90' title='bbox 1512 927 1555 961; x_wconf 86' lang='lat' dir='ltr'>et</span> <span class='ocrx_word' id='word_1_91' title='bbox 1583 917 1762 961; x_wconf 84' lang='lat' dir='ltr'>venient</span> 
     </span>
     <span class='ocr_line' id='line_1_12' title="bbox 369 988 1763 1048; baseline 0.001 -19"><span class='ocrx_word' id='word_1_92' title='bbox 369 1006 389 1029; x_wconf 84' lang='lat'>&gt;›</span> <span class='ocrx_word' id='word_1_93' title='bbox 426 988 637 1044; x_wconf 83' lang='lat' dir='ltr'>Romani,</span> <span class='ocrx_word' id='word_1_94' title='bbox 664 998 707 1033; x_wconf 80' lang='lat' dir='ltr'>ct</span> <span class='ocrx_word' id='word_1_95' title='bbox 730 988 886 1033; x_wconf 86' lang='lat' dir='ltr'>tollent</span> <span class='ocrx_word' id='word_1_96' title='bbox 918 989 1042 1033; x_wconf 85' lang='lat' dir='ltr'>nobis</span> <span class='ocrx_word' id='word_1_97' title='bbox 1075 998 1118 1033; x_wconf 87' lang='lat' dir='ltr'>et</span> <span class='ocrx_word' id='word_1_98' title='bbox 1141 989 1287 1034; x_wconf 88' lang='lat' dir='ltr'>locum</span> <span class='ocrx_word' id='word_1_99' title='bbox 1320 998 1362 1033; x_wconf 89' lang='lat' dir='ltr'>et</span> <span class='ocrx_word' id='word_1_100' title='bbox 1391 990 1610 1048; x_wconf 64' lang='lat' dir='ltr'>gentemss.</span> <span class='ocrx_word' id='word_1_101' title='bbox 1640 1006 1660 1028; x_wconf 83' lang='lat'>»</span> <span class='ocrx_word' id='word_1_102' title='bbox 1693 988 1763 1031; x_wconf 87' lang='lat' dir='ltr'>Ti-</span> 
     </span>
     <span class='ocr_line' id='line_1_13' title="bbox 366 1058 1757 1117; baseline -0.001 -14"><span class='ocrx_word' id='word_1_103' title='bbox 366 1069 577 1103; x_wconf 77' lang='lat' dir='ltr'>niuerunt</span> <span class='ocrx_word' id='word_1_104' title='bbox 596 1075 778 1117; x_wconf 82' lang='lat' dir='ltr'>regnum</span> <span class='ocrx_word' id='word_1_105' title='bbox 793 1068 1015 1104; x_wconf 85' lang='lat' dir='ltr'>terrenum</span> <span class='ocrx_word' id='word_1_106' title='bbox 1039 1060 1252 1115; x_wconf 81' lang='lat' dir='ltr'>amittere,</span> <span class='ocrx_word' id='word_1_107' title='bbox 1271 1059 1348 1103; x_wconf 85' lang='lat' dir='ltr'>ubi</span> <span class='ocrx_word' id='word_1_108' title='bbox 1370 1075 1461 1103; x_wconf 88' lang='lat' dir='ltr'>non</span> <span class='ocrx_word' id='word_1_109' title='bbox 1483 1068 1576 1103; x_wconf 82' lang='lat' dir='ltr'>crat</span> <span class='ocrx_word' id='word_1_110' title='bbox 1598 1058 1727 1102; x_wconf 84' lang='lat' dir='ltr'>timor</span> <span class='ocrx_word' id='word_1_111' title='bbox 1748 1078 1757 1102; x_wconf 89' lang='lat'>:</span> 
     </span>
     <span class='ocr_line' id='line_1_14' title="bbox 368 1130 1757 1192; baseline -0.001 -17"><span class='ocrx_word' id='word_1_112' title='bbox 368 1141 412 1175; x_wconf 88' lang='lat' dir='ltr'>ct</span> <span class='ocrx_word' id='word_1_113' title='bbox 435 1132 672 1175; x_wconf 79' lang='lat' dir='ltr'>amiserunt</span> <span class='ocrx_word' id='word_1_114' title='bbox 693 1147 874 1190; x_wconf 80' lang='lat' dir='ltr'>regnum</span> <span class='ocrx_word' id='word_1_115' title='bbox 902 1132 1116 1176; x_wconf 78' lang='lat' dir='ltr'>coelorum</span> <span class='ocrx_word' id='word_1_116' title='bbox 1133 1168 1143 1187; x_wconf 95' lang='lat'>,</span> <span class='ocrx_word' id='word_1_117' title='bbox 1176 1130 1296 1192; x_wconf 84' lang='lat' dir='ltr'>quod</span> <span class='ocrx_word' id='word_1_118' title='bbox 1319 1131 1470 1174; x_wconf 85' lang='lat' dir='ltr'>timere</span> <span class='ocrx_word' id='word_1_119' title='bbox 1498 1130 1757 1174; x_wconf 81' lang='lat' dir='ltr'>debuerant.</span> 
     </span>
     <span class='ocr_line' id='line_1_15' title="bbox 367 1199 1762 1263; baseline -0.001 -17"><span class='ocrx_word' id='word_1_120' title='bbox 367 1203 519 1246; x_wconf 88' lang='lat' dir='ltr'>Ethoc</span> <span class='ocrx_word' id='word_1_121' title='bbox 537 1202 591 1246; x_wconf 84' lang='lat' dir='ltr'>de</span> <span class='ocrx_word' id='word_1_122' title='bbox 609 1203 811 1247; x_wconf 86' lang='lat' dir='ltr'>omnibus</span> <span class='ocrx_word' id='word_1_123' title='bbox 834 1202 1143 1263; x_wconf 81' lang='lat' dir='ltr'>temporalibus</span> <span class='ocrx_word' id='word_1_124' title='bbox 1166 1201 1404 1246; x_wconf 86' lang='lat' dir='ltr'>commodis</span> <span class='ocrx_word' id='word_1_125' title='bbox 1428 1199 1762 1260; x_wconf 78' lang='lat' dir='ltr'>intelligendum</span> 
     </span>
     <span class='ocr_line' id='line_1_16' title="bbox 370 1271 1764 1334; baseline -0.001 -17"><span class='ocrx_word' id='word_1_126' title='bbox 370 1283 454 1329; x_wconf 88' lang='lat' dir='ltr'>est,</span> <span class='ocrx_word' id='word_1_127' title='bbox 485 1289 673 1334; x_wconf 85' lang='lat' dir='ltr'>quorum</span> <span class='ocrx_word' id='word_1_128' title='bbox 691 1273 962 1319; x_wconf 83' lang='lat' dir='ltr'>amissionem</span> <span class='ocrx_word' id='word_1_129' title='bbox 983 1290 1083 1318; x_wconf 87' lang='lat' dir='ltr'>cum</span> <span class='ocrx_word' id='word_1_130' title='bbox 1104 1275 1257 1318; x_wconf 87' lang='lat' dir='ltr'>timent</span> <span class='ocrx_word' id='word_1_131' title='bbox 1273 1272 1471 1319; x_wconf 85' lang='lat' dir='ltr'>homines</span> <span class='ocrx_word' id='word_1_132' title='bbox 1489 1308 1499 1329; x_wconf 86' lang='lat'>,</span> <span class='ocrx_word' id='word_1_133' title='bbox 1524 1271 1578 1318; x_wconf 81' lang='lat' dir='ltr'>ad</span> <span class='ocrx_word' id='word_1_134' title='bbox 1601 1281 1764 1317; x_wconf 83' lang='lat' dir='ltr'>aeterna</span> 
     </span>
     <span class='ocr_line' id='line_1_17' title="bbox 370 1345 681 1389; baseline 0.003 -1"><span class='ocrx_word' id='word_1_135' title='bbox 370 1360 461 1389; x_wconf 89' lang='lat' dir='ltr'>non</span> <span class='ocrx_word' id='word_1_136' title='bbox 483 1345 681 1389; x_wconf 72' lang='lat' dir='ltr'>veniunt.</span> 
     </span>
    </p>

    <p class='ocr_par' dir='ltr' id='par_1_4' title="bbox 370 1415 1832 2029">
     <span class='ocr_line' id='line_1_18' title="bbox 429 1415 1766 1477; baseline 0 -17"><span class='ocrx_word' id='word_1_137' title='bbox 429 1418 529 1460; x_wconf 90' lang='lat' dir='ltr'>VII.</span> <span class='ocrx_word' id='word_1_138' title='bbox 576 1436 595 1458; x_wconf 87' lang='lat'>«</span> <span class='ocrx_word' id='word_1_139' title='bbox 621 1416 839 1469; x_wconf 81' lang='lat' dir='ltr'>Quoniam</span> <span class='ocrx_word' id='word_1_140' title='bbox 868 1419 983 1461; x_wconf 87' lang='lat' dir='ltr'>Deus</span> <span class='ocrx_word' id='word_1_141' title='bbox 1017 1416 1062 1460; x_wconf 89' lang='lat' dir='ltr'>iu</span> <span class='ocrx_word' id='word_1_142' title='bbox 1086 1416 1363 1476; x_wconf 80' lang='lat' dir='ltr'>generatione</span> <span class='ocrx_word' id='word_1_143' title='bbox 1381 1418 1496 1477; x_wconf 79' lang='lat' dir='ltr'>justa</span> <span class='ocrx_word' id='word_1_144' title='bbox 1520 1425 1583 1460; x_wconf 86' lang='lat' dir='ltr'>est</span> <span class='ocrx_word' id='word_1_145' title='bbox 1601 1417 1615 1440; x_wconf 74' lang='lat'>‘²</span> <span class='ocrx_word' id='word_1_146' title='bbox 1636 1435 1645 1460; x_wconf 88' lang='lat'><strong>:</strong></span> <span class='ocrx_word' id='word_1_147' title='bbox 1674 1435 1693 1457; x_wconf 87' lang='lat'>»</span> <span class='ocrx_word' id='word_1_148' title='bbox 1719 1415 1766 1460; x_wconf 89' lang='lat' dir='ltr'>id</span> 
     </span>
     <span class='ocr_line' id='line_1_19' title="bbox 371 1487 1767 1549; baseline 0.001 -19"><span class='ocrx_word' id='word_1_149' title='bbox 371 1496 461 1543; x_wconf 86' lang='lat' dir='ltr'>est,</span> <span class='ocrx_word' id='word_1_150' title='bbox 488 1504 576 1531; x_wconf 90' lang='lat' dir='ltr'>non</span> <span class='ocrx_word' id='word_1_151' title='bbox 600 1497 664 1531; x_wconf 90' lang='lat' dir='ltr'>est</span> <span class='ocrx_word' id='word_1_152' title='bbox 696 1487 742 1531; x_wconf 87' lang='lat' dir='ltr'>in</span> <span class='ocrx_word' id='word_1_153' title='bbox 775 1488 834 1532; x_wconf 89' lang='lat' dir='ltr'>eis</span> <span class='ocrx_word' id='word_1_154' title='bbox 871 1488 948 1548; x_wconf 85' lang='lat' dir='ltr'>qui</span> <span class='ocrx_word' id='word_1_155' title='bbox 977 1487 1164 1546; x_wconf 79' lang='lat' dir='ltr'>diligunt</span> <span class='ocrx_word' id='word_1_156' title='bbox 1193 1487 1417 1532; x_wconf 72' lang='lat' dir='ltr'>saeculum.</span> <span class='ocrx_word' id='word_1_157' title='bbox 1452 1489 1668 1549; x_wconf 86' lang='lat' dir='ltr'>Injustum</span> <span class='ocrx_word' id='word_1_158' title='bbox 1702 1496 1767 1531; x_wconf 90' lang='lat' dir='ltr'>est</span> 
     </span>
     <span class='ocr_line' id='line_1_20' title="bbox 372 1557 1768 1618; baseline 0.001 -17"><span class='ocrx_word' id='word_1_159' title='bbox 372 1558 489 1602; x_wconf 87' lang='lat' dir='ltr'>enim</span> <span class='ocrx_word' id='word_1_160' title='bbox 504 1557 752 1618; x_wconf 86' lang='lat' dir='ltr'>relinquere</span> <span class='ocrx_word' id='word_1_161' title='bbox 767 1558 1024 1603; x_wconf 73' lang='lat' dir='ltr'>saeculorum</span> <span class='ocrx_word' id='word_1_162' title='bbox 1039 1558 1339 1614; x_wconf 82' lang='lat' dir='ltr'>Conditorem,</span> <span class='ocrx_word' id='word_1_163' title='bbox 1366 1568 1409 1603; x_wconf 92' lang='lat' dir='ltr'>et</span> <span class='ocrx_word' id='word_1_164' title='bbox 1431 1558 1608 1617; x_wconf 84' lang='lat' dir='ltr'>diligere</span> <span class='ocrx_word' id='word_1_165' title='bbox 1630 1574 1768 1603; x_wconf 83' lang='lat' dir='ltr'>saecu-</span> 
     </span>
     <span class='ocr_line' id='line_1_21' title="bbox 370 1628 1765 1690; baseline 0.001 -18"><span class='ocrx_word' id='word_1_166' title='bbox 370 1628 487 1683; x_wconf 87' lang='lat' dir='ltr'>lum,</span> <span class='ocrx_word' id='word_1_167' title='bbox 529 1629 686 1673; x_wconf 90' lang='lat' dir='ltr'>servire</span> <span class='ocrx_word' id='word_1_168' title='bbox 715 1638 926 1673; x_wconf 57' lang='lat' dir='ltr'>creatura:</span> <span class='ocrx_word' id='word_1_169' title='bbox 954 1630 1099 1689; x_wconf 87' lang='lat' dir='ltr'>potius</span> <span class='ocrx_word' id='word_1_170' title='bbox 1128 1645 1259 1690; x_wconf 84' lang='lat' dir='ltr'>quam</span> <span class='ocrx_word' id='word_1_171' title='bbox 1283 1629 1520 1676; x_wconf 68' lang='lat' dir='ltr'>Creatorif’.</span> <span class='ocrx_word' id='word_1_172' title='bbox 1564 1648 1583 1671; x_wconf 92' lang='lat'>«</span> <span class='ocrx_word' id='word_1_173' title='bbox 1609 1629 1765 1674; x_wconf 88' lang='lat' dir='ltr'>Consi-</span> 
     </span>
     <span class='ocr_line' id='line_1_22' title="bbox 375 1699 1767 1761; baseline 0.003 -21"><span class='ocrx_word' id='word_1_174' title='bbox 375 1717 394 1741; x_wconf 79' lang='lat'>»</span> <span class='ocrx_word' id='word_1_175' title='bbox 430 1699 540 1743; x_wconf 89' lang='lat' dir='ltr'>lium</span> <span class='ocrx_word' id='word_1_176' title='bbox 579 1699 721 1759; x_wconf 90' lang='lat' dir='ltr'>inopis</span> <span class='ocrx_word' id='word_1_177' title='bbox 754 1699 1038 1756; x_wconf 78' lang='lat' dir='ltr'>confudistis,</span> <span class='ocrx_word' id='word_1_178' title='bbox 1075 1701 1285 1761; x_wconf 82' lang='lat' dir='ltr'>quoniam</span> <span class='ocrx_word' id='word_1_179' title='bbox 1312 1700 1524 1744; x_wconf 89' lang='lat' dir='ltr'>Dominus</span> <span class='ocrx_word' id='word_1_180' title='bbox 1553 1716 1648 1760; x_wconf 90' lang='lat' dir='ltr'>spes</span> <span class='ocrx_word' id='word_1_181' title='bbox 1676 1701 1767 1760; x_wconf 88' lang='lat' dir='ltr'>ejus</span> 
     </span>
     <span class='ocr_line' id='line_1_23' title="bbox 375 1770 1832 1831; baseline 0.002 -20"><span class='ocrx_word' id='word_1_182' title='bbox 375 1788 395 1811; x_wconf 66' lang='lat'>³&gt;</span> <span class='ocrx_word' id='word_1_183' title='bbox 433 1771 522 1814; x_wconf 80' lang='lat' dir='ltr'>estG</span> <span class='ocrx_word' id='word_1_184' title='bbox 558 1789 566 1815; x_wconf 91' lang='lat'>:</span> <span class='ocrx_word' id='word_1_185' title='bbox 590 1788 609 1810; x_wconf 69' lang='lat' dir='ltr'>n</span> <span class='ocrx_word' id='word_1_186' title='bbox 650 1770 695 1813; x_wconf 85' lang='lat' dir='ltr'>id</span> <span class='ocrx_word' id='word_1_187' title='bbox 717 1780 804 1826; x_wconf 88' lang='lat' dir='ltr'>est,</span> <span class='ocrx_word' id='word_1_188' title='bbox 829 1771 1145 1831; x_wconf 81' lang='lat' dir='ltr'>contempsistis</span> <span class='ocrx_word' id='word_1_189' title='bbox 1175 1770 1386 1816; x_wconf 89' lang='lat' dir='ltr'>humilem</span> <span class='ocrx_word' id='word_1_190' title='bbox 1415 1770 1653 1816; x_wconf 86' lang='lat' dir='ltr'>adventum</span> <span class='ocrx_word' id='word_1_191' title='bbox 1675 1770 1768 1814; x_wconf 86' lang='lat' dir='ltr'>Filii</span> <span class='ocrx_word' id='word_1_192' title='bbox 1830 1779 1832 1794; x_wconf 81' lang='lat'><strong><em>⁵</em></strong></span> 
     </span>
     <span class='ocr_line' id='line_1_24' title="bbox 373 1841 1769 1903; baseline 0 -17"><span class='ocrx_word' id='word_1_193' title='bbox 373 1842 474 1897; x_wconf 82' lang='lat' dir='ltr'>Dei,</span> <span class='ocrx_word' id='word_1_194' title='bbox 500 1841 602 1902; x_wconf 79' lang='lat' dir='ltr'>quia</span> <span class='ocrx_word' id='word_1_195' title='bbox 624 1842 667 1886; x_wconf 92' lang='lat' dir='ltr'>iu</span> <span class='ocrx_word' id='word_1_196' title='bbox 687 1858 737 1886; x_wconf 93' lang='lat' dir='ltr'>eo</span> <span class='ocrx_word' id='word_1_197' title='bbox 757 1858 845 1886; x_wconf 90' lang='lat' dir='ltr'>non</span> <span class='ocrx_word' id='word_1_198' title='bbox 865 1841 1032 1887; x_wconf 75' lang='lat' dir='ltr'>vidistis</span> <span class='ocrx_word' id='word_1_199' title='bbox 1054 1859 1261 1903; x_wconf 81' lang='lat' dir='ltr'>pompam</span> <span class='ocrx_word' id='word_1_200' title='bbox 1288 1843 1435 1887; x_wconf 85' lang='lat' dir='ltr'>saeculi</span> <span class='ocrx_word' id='word_1_201' title='bbox 1464 1862 1472 1888; x_wconf 72' lang='grc' dir='ltr'>ς</span> <span class='ocrx_word' id='word_1_202' title='bbox 1499 1852 1549 1886; x_wconf 91' lang='lat' dir='ltr'>ut</span> <span class='ocrx_word' id='word_1_203' title='bbox 1569 1843 1631 1898; x_wconf 90' lang='lat' dir='ltr'>hi,</span> <span class='ocrx_word' id='word_1_204' title='bbox 1660 1858 1769 1903; x_wconf 87' lang='lat' dir='ltr'>quos</span> 
     </span>
     <span class='ocr_line' id='line_1_25' title="bbox 372 1913 1767 1975; baseline 0 -18"><span class='ocrx_word' id='word_1_205' title='bbox 372 1913 584 1968; x_wconf 78' lang='lat' dir='ltr'>vocabat,</span> <span class='ocrx_word' id='word_1_206' title='bbox 612 1913 657 1957; x_wconf 88' lang='lat' dir='ltr'>in</span> <span class='ocrx_word' id='word_1_207' title='bbox 679 1916 768 1958; x_wconf 89' lang='lat' dir='ltr'>Deo</span> <span class='ocrx_word' id='word_1_208' title='bbox 790 1913 882 1958; x_wconf 91' lang='lat' dir='ltr'>solo</span> <span class='ocrx_word' id='word_1_209' title='bbox 904 1930 1025 1973; x_wconf 87' lang='lat' dir='ltr'>spem</span> <span class='ocrx_word' id='word_1_210' title='bbox 1049 1924 1288 1975; x_wconf 79' lang='lat' dir='ltr'>ponerent,</span> <span class='ocrx_word' id='word_1_211' title='bbox 1315 1930 1405 1959; x_wconf 92' lang='lat' dir='ltr'>non</span> <span class='ocrx_word' id='word_1_212' title='bbox 1426 1915 1470 1958; x_wconf 86' lang='lat' dir='ltr'>iu</span> <span class='ocrx_word' id='word_1_213' title='bbox 1494 1914 1623 1958; x_wconf 82' lang='lat' dir='ltr'>rebus</span> <span class='ocrx_word' id='word_1_214' title='bbox 1646 1923 1767 1958; x_wconf 83' lang='lat' dir='ltr'>tran-</span> 
     </span>
     <span class='ocr_line' id='line_1_26' title="bbox 373 1984 618 2029; baseline 0 -1"><span class='ocrx_word' id='word_1_215' title='bbox 373 1984 618 2029; x_wconf 87' lang='lat' dir='ltr'>seuntibus.</span> 
     </span>
    </p>

    <p class='ocr_par' dir='ltr' id='par_1_5' title="bbox 375 2055 1833 2472">
     <span class='ocr_line' id='line_1_27' title="bbox 434 2055 1771 2109; baseline 0.001 -10"><span class='ocrx_word' id='word_1_216' title='bbox 434 2058 555 2099; x_wconf 87' lang='lat' dir='ltr'>VIII.</span> <span class='ocrx_word' id='word_1_217' title='bbox 597 2075 616 2097; x_wconf 67' lang='grc' dir='ltr'>(ι</span> <span class='ocrx_word' id='word_1_218' title='bbox 642 2055 747 2109; x_wconf 86' lang='lat' dir='ltr'>Quis</span> <span class='ocrx_word' id='word_1_219' title='bbox 766 2055 888 2100; x_wconf 81' lang='lat' dir='ltr'>dabit</span> <span class='ocrx_word' id='word_1_220' title='bbox 918 2073 969 2100; x_wconf 78' lang='lat' dir='ltr'>ex</span> <span class='ocrx_word' id='word_1_221' title='bbox 994 2057 1095 2101; x_wconf 85' lang='lat' dir='ltr'>Sion</span> <span class='ocrx_word' id='word_1_222' title='bbox 1117 2056 1305 2101; x_wconf 77' lang='lat' dir='ltr'>salutare</span> <span class='ocrx_word' id='word_1_223' title='bbox 1339 2056 1527 2101; x_wconf 38' lang='lat' dir='ltr'>Israel&amp;</span> <span class='ocrx_word' id='word_1_224' title='bbox 1549 2076 1567 2098; x_wconf 85' lang='lat'>»</span> <span class='ocrx_word' id='word_1_225' title='bbox 1599 2056 1771 2101; x_wconf 82' lang='lat' dir='ltr'>Subau-</span> 
     </span>
     <span class='ocr_line' id='line_1_28' title="bbox 375 2124 1770 2188; baseline 0.001 -19"><span class='ocrx_word' id='word_1_226' title='bbox 375 2124 509 2181; x_wconf 86' lang='lat' dir='ltr'>ditur,</span> <span class='ocrx_word' id='word_1_227' title='bbox 552 2127 629 2171; x_wconf 84' lang='lat' dir='ltr'>nisi</span> <span class='ocrx_word' id='word_1_228' title='bbox 674 2127 763 2186; x_wconf 85' lang='lat' dir='ltr'>ipse</span> <span class='ocrx_word' id='word_1_229' title='bbox 800 2127 922 2187; x_wconf 86' lang='lat' dir='ltr'>cujus</span> <span class='ocrx_word' id='word_1_230' title='bbox 961 2127 1254 2172; x_wconf 81' lang='lat' dir='ltr'>humilitatem</span> <span class='ocrx_word' id='word_1_231' title='bbox 1287 2127 1635 2188; x_wconf 75' lang='lat' dir='ltr'>contempsistis?</span> <span class='ocrx_word' id='word_1_232' title='bbox 1674 2131 1770 2187; x_wconf 87' lang='lat' dir='ltr'>lpse</span> 
     </span>
     <span class='ocr_line' id='line_1_29' title="bbox 376 2197 1833 2259; baseline 0.001 -19"><span class='ocrx_word' id='word_1_233' title='bbox 376 2197 491 2240; x_wconf 90' lang='lat' dir='ltr'>enim</span> <span class='ocrx_word' id='word_1_234' title='bbox 527 2197 572 2240; x_wconf 87' lang='lat' dir='ltr'>in</span> <span class='ocrx_word' id='word_1_235' title='bbox 608 2197 804 2242; x_wconf 74' lang='lat' dir='ltr'>claritate</span> <span class='ocrx_word' id='word_1_236' title='bbox 839 2207 1048 2243; x_wconf 87' lang='lat' dir='ltr'>venturus</span> <span class='ocrx_word' id='word_1_237' title='bbox 1077 2208 1140 2242; x_wconf 90' lang='lat' dir='ltr'>est</span> <span class='ocrx_word' id='word_1_238' title='bbox 1178 2198 1470 2259; x_wconf 79' lang='lat' dir='ltr'>adjudicium</span> <span class='ocrx_word' id='word_1_239' title='bbox 1500 2199 1699 2243; x_wconf 89' lang='lat' dir='ltr'>vivorum</span> <span class='ocrx_word' id='word_1_240' title='bbox 1727 2207 1772 2242; x_wconf 88' lang='lat' dir='ltr'>et</span> <span class='ocrx_word' id='word_1_241' title='bbox 1832 2254 1833 2257; x_wconf 11' lang='grc' dir='ltr'><strong>Ἴ</strong></span> 
     </span>
     <span class='ocr_line' id='line_1_30' title="bbox 376 2270 1827 2330; baseline 0.001 -19"><span class='ocrx_word' id='word_1_242' title='bbox 376 2278 674 2323; x_wconf 84' lang='lat' dir='ltr'>mortuorum,</span> <span class='ocrx_word' id='word_1_243' title='bbox 701 2285 972 2330; x_wconf 79' lang='lat' dir='ltr'>regnumque</span> <span class='ocrx_word' id='word_1_244' title='bbox 991 2271 1212 2330; x_wconf 88' lang='lat' dir='ltr'>justorum</span> <span class='ocrx_word' id='word_1_245' title='bbox 1239 2289 1246 2314; x_wconf 75' lang='grc' dir='ltr'>ε</span> <span class='ocrx_word' id='word_1_246' title='bbox 1275 2279 1324 2314; x_wconf 88' lang='lat' dir='ltr'>ut</span> <span class='ocrx_word' id='word_1_247' title='bbox 1345 2270 1554 2330; x_wconf 84' lang='lat' dir='ltr'>quoniam</span> <span class='ocrx_word' id='word_1_248' title='bbox 1578 2270 1659 2314; x_wconf 90' lang='lat' dir='ltr'>isto</span> <span class='ocrx_word' id='word_1_249' title='bbox 1682 2270 1770 2313; x_wconf 90' lang='lat' dir='ltr'>hu-</span> <span class='ocrx_word' id='word_1_250' title='bbox 1826 2271 1827 2288; x_wconf 73' lang='lat'>³</span> 
     </span>
     <span class='ocr_line' id='line_1_31' title="bbox 376 2338 1770 2400; baseline 0.001 -19"><span class='ocrx_word' id='word_1_251' title='bbox 376 2338 466 2382; x_wconf 90' lang='lat' dir='ltr'>mili</span> <span class='ocrx_word' id='word_1_252' title='bbox 490 2338 684 2383; x_wconf 77' lang='lat' dir='ltr'>adventu</span> <span class='ocrx_word' id='word_1_253' title='bbox 702 2339 816 2383; x_wconf 77' lang='lat' dir='ltr'>facta</span> <span class='ocrx_word' id='word_1_254' title='bbox 831 2349 893 2384; x_wconf 87' lang='lat' dir='ltr'>cst</span> <span class='ocrx_word' id='word_1_255' title='bbox 910 2340 1078 2384; x_wconf 61' lang='lat' dir='ltr'>caecitas</span> <span class='ocrx_word' id='word_1_256' title='bbox 1101 2357 1151 2384; x_wconf 78' lang='lat' dir='ltr'>ex</span> <span class='ocrx_word' id='word_1_257' title='bbox 1169 2350 1291 2400; x_wconf 81' lang='lat' dir='ltr'>parte</span> <span class='ocrx_word' id='word_1_258' title='bbox 1310 2340 1457 2396; x_wconf 78' lang='lat' dir='ltr'>Isra&#39;e&#39;l,</span> <span class='ocrx_word' id='word_1_259' title='bbox 1474 2349 1524 2384; x_wconf 94' lang='lat' dir='ltr'>ut</span> <span class='ocrx_word' id='word_1_260' title='bbox 1540 2339 1770 2400; x_wconf 90' lang='lat' dir='ltr'>plenitudo</span> 
     </span>
     <span class='ocr_line' id='line_1_32' title="bbox 379 2410 1769 2472; baseline 0.001 -19"><span class='ocrx_word' id='word_1_261' title='bbox 379 2410 574 2468; x_wconf 85' lang='lat' dir='ltr'>gentium</span> <span class='ocrx_word' id='word_1_262' title='bbox 603 2410 833 2466; x_wconf 65' lang='lat' dir='ltr'>intrarctss,</span> <span class='ocrx_word' id='word_1_263' title='bbox 870 2412 915 2455; x_wconf 86' lang='lat' dir='ltr'>iu</span> <span class='ocrx_word' id='word_1_264' title='bbox 941 2410 1015 2455; x_wconf 87' lang='lat' dir='ltr'>illo</span> <span class='ocrx_word' id='word_1_265' title='bbox 1049 2410 1132 2456; x_wconf 77' lang='lat' dir='ltr'>alio</span> <span class='ocrx_word' id='word_1_266' title='bbox 1165 2412 1238 2456; x_wconf 80' lang='lat' dir='ltr'>fiat</span> <span class='ocrx_word' id='word_1_267' title='bbox 1267 2412 1387 2472; x_wconf 85' lang='lat' dir='ltr'>quod</span> <span class='ocrx_word' id='word_1_268' title='bbox 1409 2411 1620 2472; x_wconf 87' lang='lat' dir='ltr'>sequitur,</span> <span class='ocrx_word' id='word_1_269' title='bbox 1646 2410 1769 2455; x_wconf 86' lang='lat' dir='ltr'>etsie</span> 
     </span>
    </p>
   </div>
   <div class='ocr_carea' id='block_1_3' title="bbox 378 2504 1766 2606">
    <p class='ocr_par' dir='ltr' id='par_1_6' title="bbox 378 2504 1766 2606">
     <span class='ocr_line' id='line_1_33' title="bbox 427 2504 1766 2550; baseline 0.001 -13"><span class='ocrx_word' id='word_1_270' title='bbox 427 2513 435 2529; x_wconf 90' lang='lat'>¹</span> <span class='ocrx_word' id='word_1_271' title='bbox 460 2507 538 2538; x_wconf 73' lang='lat' dir='ltr'>Psal.</span> <span class='ocrx_word' id='word_1_272' title='bbox 562 2518 615 2539; x_wconf 85' lang='lat' dir='ltr'>xui</span> <span class='ocrx_word' id='word_1_273' title='bbox 631 2532 639 2548; x_wconf 85' lang='lat'>,</span> <span class='ocrx_word' id='word_1_274' title='bbox 660 2506 691 2549; x_wconf 89' lang='grc'>4,</span> <span class='ocrx_word' id='word_1_275' title='bbox 709 2525 750 2530; x_wconf 88' lang='lat'>-—</span> <span class='ocrx_word' id='word_1_276' title='bbox 772 2515 784 2530; x_wconf 73' lang='lat'>²</span> <span class='ocrx_word' id='word_1_277' title='bbox 801 2508 882 2540; x_wconf 86' lang='lat' dir='ltr'>Ibid.</span> <span class='ocrx_word' id='word_1_278' title='bbox 901 2508 931 2540; x_wconf 87' lang='lat'>5.</span> <span class='ocrx_word' id='word_1_279' title='bbox 953 2507 965 2530; x_wconf 86' lang='lat'>3</span> <span class='ocrx_word' id='word_1_280' title='bbox 980 2511 1070 2540; x_wconf 76' lang='lat' dir='ltr'>Joan.</span> <span class='ocrx_word' id='word_1_281' title='bbox 1087 2520 1139 2548; x_wconf 78' lang='lat' dir='ltr'>xi,</span> <span class='ocrx_word' id='word_1_282' title='bbox 1162 2508 1215 2550; x_wconf 73' lang='grc'>48.</span> <span class='ocrx_word' id='word_1_283' title='bbox 1232 2526 1274 2530; x_wconf 92' lang='grc'>-</span> <span class='ocrx_word' id='word_1_284' title='bbox 1290 2507 1306 2537; x_wconf 77' lang='grc'>4</span> <span class='ocrx_word' id='word_1_285' title='bbox 1325 2508 1409 2540; x_wconf 82' lang='lat' dir='ltr'>Psal.</span> <span class='ocrx_word' id='word_1_286' title='bbox 1425 2520 1509 2549; x_wconf 77' lang='lat' dir='ltr'>xm,</span> <span class='ocrx_word' id='word_1_287' title='bbox 1527 2507 1559 2539; x_wconf 88' lang='grc'>6.</span> <span class='ocrx_word' id='word_1_288' title='bbox 1581 2525 1623 2530; x_wconf 92' lang='grc'>--</span> <span class='ocrx_word' id='word_1_289' title='bbox 1641 2504 1658 2530; x_wconf 85' lang='grc'><strong><em>5</em></strong></span> <span class='ocrx_word' id='word_1_290' title='bbox 1675 2510 1766 2539; x_wconf 82' lang='lat' dir='ltr'>Rom.</span> 
     </span>
     <span class='ocr_line' id='line_1_34' title="bbox 378 2561 1387 2606; baseline 0.001 -11"><span class='ocrx_word' id='word_1_291' title='bbox 378 2574 400 2605; x_wconf 84' lang='lat'>1,</span> <span class='ocrx_word' id='word_1_292' title='bbox 417 2564 470 2595; x_wconf 73' lang='lat'>25.</span> <span class='ocrx_word' id='word_1_293' title='bbox 489 2581 528 2585; x_wconf 88' lang='lat'><em>-</em></span> <span class='ocrx_word' id='word_1_294' title='bbox 542 2561 556 2585; x_wconf 74' lang='lat' dir='ltr'>r,</span> <span class='ocrx_word' id='word_1_295' title='bbox 582 2563 648 2595; x_wconf 32' lang='lat' dir='ltr'>pne-ul</span> <span class='ocrx_word' id='word_1_296' title='bbox 679 2575 748 2606; x_wconf 85' lang='lat' dir='ltr'>xm,</span> <span class='ocrx_word' id='word_1_297' title='bbox 768 2565 799 2596; x_wconf 83' lang='grc' dir='ltr'>Ο.</span> <span class='ocrx_word' id='word_1_298' title='bbox 821 2581 863 2587; x_wconf 83' lang='lat'>—-</span> <span class='ocrx_word' id='word_1_299' title='bbox 882 2564 991 2598; x_wconf 82' lang='lat' dir='ltr'>71bid.</span> <span class='ocrx_word' id='word_1_300' title='bbox 1015 2575 1044 2606; x_wconf 68' lang='grc' dir='ltr'>ς.</span> <span class='ocrx_word' id='word_1_301' title='bbox 1067 2581 1108 2586; x_wconf 90' lang='lat'>—-</span> <span class='ocrx_word' id='word_1_302' title='bbox 1123 2563 1137 2586; x_wconf 72' lang='grc' dir='ltr'>ὃ</span> <span class='ocrx_word' id='word_1_303' title='bbox 1158 2568 1247 2596; x_wconf 74' lang='lat' dir='ltr'>Rom.</span> <span class='ocrx_word' id='word_1_304' title='bbox 1265 2575 1308 2605; x_wconf 83' lang='lat' dir='ltr'>xi,</span> <span class='ocrx_word' id='word_1_305' title='bbox 1334 2564 1387 2596; x_wconf 76' lang='lat'>25.</span> 
     </span>
    </p>
   </div>
  </div>
 </body>
</html>
