<?xml version="1.0" encoding="UTF-8"?>
<!DOCTYPE html PUBLIC "-//W3C//DTD XHTML 1.0 Transitional//EN"
    "http://www.w3.org/TR/xhtml1/DTD/xhtml1-transitional.dtd">
<html xmlns="http://www.w3.org/1999/xhtml" xml:lang="en" lang="en">
 <head>
  <title>
</title>
<meta http-equiv="Content-Type" content="text/html;charset=utf-8" />
  <meta name='ocr-system' content='tesseract 3.04.00' />
  <meta name='ocr-capabilities' content='ocr_page ocr_carea ocr_par ocr_line ocrx_word'/>
</head>
<body>
  <div class='ocr_page' id='page_1' title='image "./operaomniaaccura07auguuoft_0107.png"; bbox 0 0 1833 3284; ppageno 0'>
   <div class='ocr_carea' id='block_1_1' title="bbox 408 197 1465 245">
    <p class='ocr_par' dir='ltr' id='par_1_1' title="bbox 408 197 1465 245">
     <span class='ocr_line' id='line_1_1' title="bbox 408 197 1465 245; baseline -0.003 -10"><span class='ocrx_word' id='word_1_1' title='bbox 408 204 749 235; x_wconf 74' lang='lat' dir='ltr'><strong>ANNOTATIONUM</strong></span> <span class='ocrx_word' id='word_1_2' title='bbox 782 207 828 234; x_wconf 74' lang='lat' dir='ltr'>m</span> <span class='ocrx_word' id='word_1_3' title='bbox 860 208 957 245; x_wconf 72' lang='lat'>³01³,</span> <span class='ocrx_word' id='word_1_4' title='bbox 993 207 1133 234; x_wconf 70' lang='lat' dir='ltr'>mmm.</span> <span class='ocrx_word' id='word_1_5' title='bbox 1410 197 1465 236; x_wconf 86' lang='lat'>95</span> 
     </span>
    </p>
   </div>
   <div class='ocr_carea' id='block_1_2' title="bbox 16 272 1469 2475">
    <p class='ocr_par' dir='ltr' id='par_1_2' title="bbox 16 272 1469 2385">
     <span class='ocr_line' id='line_1_2' title="bbox 80 272 1465 333; baseline -0.002 -13"><span class='ocrx_word' id='word_1_6' title='bbox 80 276 181 320; x_wconf 87' lang='lat' dir='ltr'>ritas</span> <span class='ocrx_word' id='word_1_7' title='bbox 193 273 492 333; x_wconf 83' lang='lat' dir='ltr'>cognoscentis</span> <span class='ocrx_word' id='word_1_8' title='bbox 505 276 660 318; x_wconf 88' lang='lat' dir='ltr'>Deum.</span> <span class='ocrx_word' id='word_1_9' title='bbox 691 275 774 317; x_wconf 87' lang='lat' dir='ltr'>«Ut</span> <span class='ocrx_word' id='word_1_10' title='bbox 790 273 913 317; x_wconf 80' lang='lat' dir='ltr'>satiet</span> <span class='ocrx_word' id='word_1_11' title='bbox 923 273 1091 318; x_wconf 89' lang='lat' dir='ltr'>invium</span> <span class='ocrx_word' id='word_1_12' title='bbox 1105 281 1148 317; x_wconf 89' lang='lat' dir='ltr'>et</span> <span class='ocrx_word' id='word_1_13' title='bbox 1161 272 1465 330; x_wconf 75' lang='lat' dir='ltr'>inhabitabile,</span> 
     </span>
     <span class='ocr_line' id='line_1_3' title="bbox 85 343 1468 403; baseline 0 -15"><span class='ocrx_word' id='word_1_14' title='bbox 85 366 104 388; x_wconf 86' lang='lat'>»</span> <span class='ocrx_word' id='word_1_15' title='bbox 139 354 182 389; x_wconf 90' lang='lat' dir='ltr'>et</span> <span class='ocrx_word' id='word_1_16' title='bbox 211 355 282 398; x_wconf 20' lang='lat' dir='ltr'>&lt;Aut</span> <span class='ocrx_word' id='word_1_17' title='bbox 327 345 537 403; x_wconf 84' lang='lat' dir='ltr'>germinet</span> <span class='ocrx_word' id='word_1_18' title='bbox 579 344 727 388; x_wconf 75' lang='lat' dir='ltr'>herbae</span> <span class='ocrx_word' id='word_1_19' title='bbox 770 345 886 389; x_wconf 84' lang='lat' dir='ltr'>viror</span> <span class='ocrx_word' id='word_1_20' title='bbox 922 346 953 388; x_wconf 78' lang='lat'>1.</span> <span class='ocrx_word' id='word_1_21' title='bbox 1005 343 1134 390; x_wconf 84' lang='lat' dir='ltr'>Multi</span> <span class='ocrx_word' id='word_1_22' title='bbox 1176 343 1254 388; x_wconf 81' lang='lat' dir='ltr'>filii</span> <span class='ocrx_word' id='word_1_23' title='bbox 1287 343 1468 388; x_wconf 82' lang='lat' dir='ltr'>desertae</span> 
     </span>
     <span class='ocr_line' id='line_1_4' title="bbox 84 414 1468 477; baseline 0.001 -19"><span class='ocrx_word' id='word_1_24' title='bbox 84 436 104 459; x_wconf 87' lang='lat'>»</span> <span class='ocrx_word' id='word_1_25' title='bbox 138 417 274 475; x_wconf 84' lang='lat' dir='ltr'>magis</span> <span class='ocrx_word' id='word_1_26' title='bbox 301 432 432 477; x_wconf 84' lang='lat' dir='ltr'>quam</span> <span class='ocrx_word' id='word_1_27' title='bbox 457 416 548 476; x_wconf 84' lang='lat' dir='ltr'>ejus</span> <span class='ocrx_word' id='word_1_28' title='bbox 569 431 670 476; x_wconf 85' lang='lat' dir='ltr'>quae</span> <span class='ocrx_word' id='word_1_29' title='bbox 685 415 819 460; x_wconf 81' lang='lat' dir='ltr'>habet</span> <span class='ocrx_word' id='word_1_30' title='bbox 835 416 1019 461; x_wconf 80' lang='lat' dir='ltr'>virum2.</span> <span class='ocrx_word' id='word_1_31' title='bbox 1045 435 1064 457; x_wconf 84' lang='lat'>»</span> <span class='ocrx_word' id='word_1_32' title='bbox 1088 418 1141 460; x_wconf 92' lang='lat' dir='ltr'>In</span> <span class='ocrx_word' id='word_1_33' title='bbox 1162 414 1366 460; x_wconf 88' lang='lat' dir='ltr'>omnibus</span> <span class='ocrx_word' id='word_1_34' title='bbox 1387 431 1468 460; x_wconf 89' lang='lat' dir='ltr'>au-</span> 
     </span>
     <span class='ocr_line' id='line_1_5' title="bbox 79 484 1468 546; baseline 0 -16"><span class='ocrx_word' id='word_1_35' title='bbox 79 494 168 530; x_wconf 86' lang='lat' dir='ltr'>tem</span> <span class='ocrx_word' id='word_1_36' title='bbox 191 487 258 530; x_wconf 88' lang='lat' dir='ltr'>his</span> <span class='ocrx_word' id='word_1_37' title='bbox 288 496 478 546; x_wconf 87' lang='lat' dir='ltr'>quatuor</span> <span class='ocrx_word' id='word_1_38' title='bbox 495 485 707 540; x_wconf 79' lang='lat' dir='ltr'>versibus,</span> <span class='ocrx_word' id='word_1_39' title='bbox 732 484 1085 530; x_wconf 79' lang='lat' dir='ltr'>subaudiendum</span> <span class='ocrx_word' id='word_1_40' title='bbox 1106 495 1198 531; x_wconf 86' lang='lat' dir='ltr'>est:</span> <span class='ocrx_word' id='word_1_41' title='bbox 1221 485 1325 540; x_wconf 86' lang='lat' dir='ltr'>Quis</span> <span class='ocrx_word' id='word_1_42' title='bbox 1354 502 1468 546; x_wconf 87' lang='lat' dir='ltr'>prae-</span> 
     </span>
     <span class='ocr_line' id='line_1_6' title="bbox 77 555 1468 617; baseline 0.001 -18"><span class='ocrx_word' id='word_1_43' title='bbox 77 556 269 615; x_wconf 78' lang='lat' dir='ltr'>paravit?</span> <span class='ocrx_word' id='word_1_44' title='bbox 297 575 314 598; x_wconf 85' lang='lat'>«</span> <span class='ocrx_word' id='word_1_45' title='bbox 334 557 440 611; x_wconf 89' lang='lat' dir='ltr'>Quis</span> <span class='ocrx_word' id='word_1_46' title='bbox 476 565 540 600; x_wconf 90' lang='lat' dir='ltr'>est</span> <span class='ocrx_word' id='word_1_47' title='bbox 560 555 720 616; x_wconf 77' lang='lat' dir='ltr'>pluviae</span> <span class='ocrx_word' id='word_1_48' title='bbox 751 558 927 616; x_wconf 61' lang='lat' dir='ltr'>paterssi’</span> <span class='ocrx_word' id='word_1_49' title='bbox 950 576 967 598; x_wconf 91' lang='lat'>»</span> <span class='ocrx_word' id='word_1_50' title='bbox 996 556 1108 601; x_wconf 87' lang='lat' dir='ltr'>sicut</span> <span class='ocrx_word' id='word_1_51' title='bbox 1140 571 1323 616; x_wconf 88' lang='lat' dir='ltr'>sponsus</span> <span class='ocrx_word' id='word_1_52' title='bbox 1343 591 1354 612; x_wconf 90' lang='lat'>,</span> <span class='ocrx_word' id='word_1_53' title='bbox 1389 557 1468 617; x_wconf 88' lang='lat' dir='ltr'>qui</span> 
     </span>
     <span class='ocr_line' id='line_1_7' title="bbox 76 626 1469 687; baseline 0 -16"><span class='ocrx_word' id='word_1_54' title='bbox 76 626 187 672; x_wconf 89' lang='lat' dir='ltr'>filios</span> <span class='ocrx_word' id='word_1_55' title='bbox 215 643 313 672; x_wconf 91' lang='lat' dir='ltr'>suos</span> <span class='ocrx_word' id='word_1_56' title='bbox 335 628 451 672; x_wconf 86' lang='lat' dir='ltr'>misit</span> <span class='ocrx_word' id='word_1_57' title='bbox 471 627 778 687; x_wconf 84' lang='lat' dir='ltr'>praedicatione</span> <span class='ocrx_word' id='word_1_58' title='bbox 801 628 923 686; x_wconf 83' lang='lat' dir='ltr'>regni</span> <span class='ocrx_word' id='word_1_59' title='bbox 945 626 1158 672; x_wconf 86' lang='lat' dir='ltr'>coelorum</span> <span class='ocrx_word' id='word_1_60' title='bbox 1179 627 1358 686; x_wconf 83' lang='lat' dir='ltr'>irrigare</span> <span class='ocrx_word' id='word_1_61' title='bbox 1379 637 1469 671; x_wconf 88' lang='lat' dir='ltr'>ter-</span> 
     </span>
     <span class='ocr_line' id='line_1_8' title="bbox 75 698 1467 760; baseline 0.001 -18"><span class='ocrx_word' id='word_1_62' title='bbox 75 714 182 742; x_wconf 80' lang='lat' dir='ltr'>ram.</span> <span class='ocrx_word' id='word_1_63' title='bbox 214 717 232 739; x_wconf 91' lang='lat'>«</span> <span class='ocrx_word' id='word_1_64' title='bbox 254 701 310 743; x_wconf 93' lang='lat' dir='ltr'>Et</span> <span class='ocrx_word' id='word_1_65' title='bbox 328 701 425 760; x_wconf 86' lang='lat' dir='ltr'>quis</span> <span class='ocrx_word' id='word_1_66' title='bbox 447 709 510 744; x_wconf 91' lang='lat' dir='ltr'>est</span> <span class='ocrx_word' id='word_1_67' title='bbox 535 700 610 759; x_wconf 88' lang='lat' dir='ltr'>qui</span> <span class='ocrx_word' id='word_1_68' title='bbox 633 700 801 759; x_wconf 82' lang='lat' dir='ltr'>peperit</span> <span class='ocrx_word' id='word_1_69' title='bbox 818 698 964 757; x_wconf 80' lang='lat' dir='ltr'>glebas</span> <span class='ocrx_word' id='word_1_70' title='bbox 997 700 1130 745; x_wconf 79' lang='lat' dir='ltr'>roris?</span> <span class='ocrx_word' id='word_1_71' title='bbox 1148 718 1166 741; x_wconf 91' lang='lat'>»</span> <span class='ocrx_word' id='word_1_72' title='bbox 1198 700 1311 743; x_wconf 89' lang='lat' dir='ltr'>bene</span> <span class='ocrx_word' id='word_1_73' title='bbox 1333 699 1467 745; x_wconf 85' lang='lat' dir='ltr'>susci-</span> 
     </span>
     <span class='ocr_line' id='line_1_9' title="bbox 73 768 1462 830; baseline 0.001 -19"><span class='ocrx_word' id='word_1_74' title='bbox 73 768 240 828; x_wconf 89' lang='lat' dir='ltr'>pientes</span> <span class='ocrx_word' id='word_1_75' title='bbox 261 768 381 814; x_wconf 86' lang='lat' dir='ltr'>illam</span> <span class='ocrx_word' id='word_1_76' title='bbox 399 768 770 830; x_wconf 61' lang='lat' dir='ltr'>praedicationem.</span> <span class='ocrx_word' id='word_1_77' title='bbox 795 770 861 814; x_wconf 89' lang='lat' dir='ltr'>Sic</span> <span class='ocrx_word' id='word_1_78' title='bbox 885 770 1001 813; x_wconf 89' lang='lat' dir='ltr'>enim</span> <span class='ocrx_word' id='word_1_79' title='bbox 1019 770 1079 814; x_wconf 88' lang='lat' dir='ltr'>ait</span> <span class='ocrx_word' id='word_1_80' title='bbox 1100 788 1117 810; x_wconf 94' lang='lat'>«</span> <span class='ocrx_word' id='word_1_81' title='bbox 1131 768 1288 814; x_wconf 81' lang='lat' dir='ltr'>Glebas</span> <span class='ocrx_word' id='word_1_82' title='bbox 1311 770 1462 826; x_wconf 83' lang='lat' dir='ltr'>roris,»</span> 
     </span>
     <span class='ocr_line' id='line_1_10' title="bbox 75 838 1468 899; baseline 0.001 -17"><span class='ocrx_word' id='word_1_83' title='bbox 75 839 298 899; x_wconf 91' lang='lat' dir='ltr'>quomodo</span> <span class='ocrx_word' id='word_1_84' title='bbox 321 839 528 886; x_wconf 90' lang='lat' dir='ltr'>dicuntur</span> <span class='ocrx_word' id='word_1_85' title='bbox 547 857 644 886; x_wconf 87' lang='lat' dir='ltr'>vasa</span> <span class='ocrx_word' id='word_1_86' title='bbox 666 841 755 887; x_wconf 86' lang='lat' dir='ltr'>vini</span> <span class='ocrx_word' id='word_1_87' title='bbox 785 839 840 884; x_wconf 83' lang='lat' dir='ltr'>ad</span> <span class='ocrx_word' id='word_1_88' title='bbox 861 840 944 884; x_wconf 89' lang='lat' dir='ltr'>hoc</span> <span class='ocrx_word' id='word_1_89' title='bbox 962 838 1076 884; x_wconf 84' lang='lat' dir='ltr'>facta</span> <span class='ocrx_word' id='word_1_90' title='bbox 1092 875 1102 895; x_wconf 81' lang='lat'>,</span> <span class='ocrx_word' id='word_1_91' title='bbox 1127 849 1178 884; x_wconf 91' lang='lat' dir='ltr'>ut</span> <span class='ocrx_word' id='word_1_92' title='bbox 1198 840 1349 884; x_wconf 89' lang='lat' dir='ltr'>vinum</span> <span class='ocrx_word' id='word_1_93' title='bbox 1372 856 1468 884; x_wconf 88' lang='lat' dir='ltr'>sus-</span> 
     </span>
     <span class='ocr_line' id='line_1_11' title="bbox 74 910 1466 972; baseline 0.001 -18"><span class='ocrx_word' id='word_1_94' title='bbox 74 910 253 969; x_wconf 87' lang='lat' dir='ltr'>cipiant.</span> <span class='ocrx_word' id='word_1_95' title='bbox 275 914 367 956; x_wconf 90' lang='lat' dir='ltr'>«De</span> <span class='ocrx_word' id='word_1_96' title='bbox 389 913 511 971; x_wconf 86' lang='lat' dir='ltr'>cujus</span> <span class='ocrx_word' id='word_1_97' title='bbox 533 921 657 956; x_wconf 82' lang='lat' dir='ltr'>utero</span> <span class='ocrx_word' id='word_1_98' title='bbox 686 911 884 972; x_wconf 84' lang='lat' dir='ltr'>procedit</span> <span class='ocrx_word' id='word_1_99' title='bbox 906 911 1063 970; x_wconf 77' lang='lat' dir='ltr'>glacies</span> <span class='ocrx_word' id='word_1_100' title='bbox 1077 913 1119 955; x_wconf 76' lang='lat'>4?</span> <span class='ocrx_word' id='word_1_101' title='bbox 1151 931 1169 953; x_wconf 92' lang='lat'>»</span> <span class='ocrx_word' id='word_1_102' title='bbox 1192 913 1348 956; x_wconf 88' lang='lat' dir='ltr'>Utrum</span> <span class='ocrx_word' id='word_1_103' title='bbox 1371 912 1466 970; x_wconf 83' lang='lat' dir='ltr'>gla-</span> 
     </span>
     <span class='ocr_line' id='line_1_12' title="bbox 75 980 1467 1042; baseline 0.001 -18"><span class='ocrx_word' id='word_1_104' title='bbox 75 980 160 1025; x_wconf 84' lang='lat' dir='ltr'>cies</span> <span class='ocrx_word' id='word_1_105' title='bbox 191 981 237 1026; x_wconf 90' lang='lat' dir='ltr'>in</span> <span class='ocrx_word' id='word_1_106' title='bbox 272 983 390 1027; x_wconf 89' lang='lat' dir='ltr'>bono</span> <span class='ocrx_word' id='word_1_107' title='bbox 422 982 672 1042; x_wconf 84' lang='lat' dir='ltr'>accipienda</span> <span class='ocrx_word' id='word_1_108' title='bbox 715 991 806 1037; x_wconf 77' lang='lat' dir='ltr'>est,</span> <span class='ocrx_word' id='word_1_109' title='bbox 844 990 1024 1041; x_wconf 82' lang='lat' dir='ltr'>propter</span> <span class='ocrx_word' id='word_1_110' title='bbox 1051 981 1331 1026; x_wconf 85' lang='lat' dir='ltr'>stabilitatem</span> <span class='ocrx_word' id='word_1_111' title='bbox 1361 992 1404 1026; x_wconf 89' lang='lat' dir='ltr'>et</span> <span class='ocrx_word' id='word_1_112' title='bbox 1442 999 1467 1026; x_wconf 87' lang='lat' dir='ltr'>a</span> 
     </span>
     <span class='ocr_line' id='line_1_13' title="bbox 74 1052 1466 1114; baseline 0.001 -18"><span class='ocrx_word' id='word_1_113' title='bbox 74 1052 198 1101; x_wconf 86' lang='lat' dir='ltr'>fluxu</span> <span class='ocrx_word' id='word_1_114' title='bbox 219 1054 559 1111; x_wconf 83' lang='lat' dir='ltr'>continentiam,</span> <span class='ocrx_word' id='word_1_115' title='bbox 591 1064 642 1101; x_wconf 87' lang='lat' dir='ltr'>ut</span> <span class='ocrx_word' id='word_1_116' title='bbox 668 1055 727 1099; x_wconf 86' lang='lat' dir='ltr'>ita</span> <span class='ocrx_word' id='word_1_117' title='bbox 755 1053 922 1099; x_wconf 89' lang='lat' dir='ltr'>dictum</span> <span class='ocrx_word' id='word_1_118' title='bbox 952 1054 1007 1098; x_wconf 86' lang='lat' dir='ltr'>sit</span> <span class='ocrx_word' id='word_1_119' title='bbox 1035 1073 1043 1098; x_wconf 73' lang='grc' dir='ltr'>ε</span> <span class='ocrx_word' id='word_1_120' title='bbox 1070 1072 1087 1094; x_wconf 74' lang='grc' dir='ltr'>α</span> <span class='ocrx_word' id='word_1_121' title='bbox 1110 1057 1172 1098; x_wconf 90' lang='lat' dir='ltr'>De</span> <span class='ocrx_word' id='word_1_122' title='bbox 1194 1055 1318 1114; x_wconf 79' lang='lat' dir='ltr'>cujus</span> <span class='ocrx_word' id='word_1_123' title='bbox 1341 1063 1466 1098; x_wconf 87' lang='lat' dir='ltr'>utero</span> 
     </span>
     <span class='ocr_line' id='line_1_14' title="bbox 79 1123 1466 1186; baseline 0.004 -22"><span class='ocrx_word' id='word_1_124' title='bbox 79 1142 98 1164; x_wconf 90' lang='lat'>»</span> <span class='ocrx_word' id='word_1_125' title='bbox 133 1124 331 1182; x_wconf 86' lang='lat' dir='ltr'>procedit</span> <span class='ocrx_word' id='word_1_126' title='bbox 353 1125 553 1182; x_wconf 86' lang='lat' dir='ltr'>glacies,»</span> <span class='ocrx_word' id='word_1_127' title='bbox 578 1124 947 1186; x_wconf 85' lang='lat' dir='ltr'>quemadmodum</span> <span class='ocrx_word' id='word_1_128' title='bbox 967 1123 1092 1169; x_wconf 86' lang='lat' dir='ltr'>illud.</span> <span class='ocrx_word' id='word_1_129' title='bbox 1123 1144 1140 1165; x_wconf 84' lang='lat'>«</span> <span class='ocrx_word' id='word_1_130' title='bbox 1155 1125 1260 1178; x_wconf 85' lang='lat' dir='ltr'>Quis</span> <span class='ocrx_word' id='word_1_131' title='bbox 1283 1134 1346 1169; x_wconf 84' lang='lat' dir='ltr'>cst</span> <span class='ocrx_word' id='word_1_132' title='bbox 1363 1123 1466 1184; x_wconf 85' lang='lat' dir='ltr'>plu-</span> 
     </span>
     <span class='ocr_line' id='line_1_15' title="bbox 79 1193 1465 1255; baseline 0 -16"><span class='ocrx_word' id='word_1_133' title='bbox 79 1212 98 1235; x_wconf 94' lang='lat'>»</span> <span class='ocrx_word' id='word_1_134' title='bbox 132 1193 215 1239; x_wconf 84' lang='lat' dir='ltr'>viae</span> <span class='ocrx_word' id='word_1_135' title='bbox 236 1197 414 1254; x_wconf 81' lang='lat' dir='ltr'>paterP»</span> <span class='ocrx_word' id='word_1_136' title='bbox 440 1200 509 1240; x_wconf 81' lang='lat' dir='ltr'>An</span> <span class='ocrx_word' id='word_1_137' title='bbox 533 1205 680 1241; x_wconf 84' lang='lat' dir='ltr'>uterus</span> <span class='ocrx_word' id='word_1_138' title='bbox 703 1211 782 1255; x_wconf 87' lang='lat' dir='ltr'>pro</span> <span class='ocrx_word' id='word_1_139' title='bbox 804 1205 969 1240; x_wconf 82' lang='lat' dir='ltr'>secreto</span> <span class='ocrx_word' id='word_1_140' title='bbox 993 1196 1157 1255; x_wconf 89' lang='lat' dir='ltr'>positus</span> <span class='ocrx_word' id='word_1_141' title='bbox 1181 1204 1266 1251; x_wconf 84' lang='lat' dir='ltr'>est,</span> <span class='ocrx_word' id='word_1_142' title='bbox 1293 1205 1341 1239; x_wconf 90' lang='lat' dir='ltr'>ut</span> <span class='ocrx_word' id='word_1_143' title='bbox 1367 1214 1383 1235; x_wconf 91' lang='lat'>«</span> <span class='ocrx_word' id='word_1_144' title='bbox 1407 1199 1465 1240; x_wconf 90' lang='lat' dir='ltr'>De</span> 
     </span>
     <span class='ocr_line' id='line_1_16' title="bbox 75 1265 1464 1325; baseline 0.004 -20"><span class='ocrx_word' id='word_1_145' title='bbox 75 1282 95 1305; x_wconf 89' lang='lat'>»</span> <span class='ocrx_word' id='word_1_146' title='bbox 129 1265 222 1324; x_wconf 87' lang='lat' dir='ltr'>ejus</span> <span class='ocrx_word' id='word_1_147' title='bbox 249 1275 374 1310; x_wconf 81' lang='lat' dir='ltr'>utero</span> <span class='ocrx_word' id='word_1_148' title='bbox 396 1265 592 1325; x_wconf 85' lang='lat' dir='ltr'>procedit</span> <span class='ocrx_word' id='word_1_149' title='bbox 615 1266 771 1325; x_wconf 81' lang='lat' dir='ltr'>glacies</span> <span class='ocrx_word' id='word_1_150' title='bbox 788 1301 799 1321; x_wconf 88' lang='lat'>‚</span> <span class='ocrx_word' id='word_1_151' title='bbox 830 1286 847 1308; x_wconf 90' lang='lat'>»</span> <span class='ocrx_word' id='word_1_152' title='bbox 883 1266 994 1311; x_wconf 88' lang='lat' dir='ltr'>sicut</span> <span class='ocrx_word' id='word_1_153' title='bbox 1016 1266 1139 1310; x_wconf 85' lang='lat' dir='ltr'>dedit</span> <span class='ocrx_word' id='word_1_154' title='bbox 1163 1265 1260 1311; x_wconf 88' lang='lat' dir='ltr'>illos</span> <span class='ocrx_word' id='word_1_155' title='bbox 1283 1269 1397 1311; x_wconf 90' lang='lat' dir='ltr'>Deus</span> <span class='ocrx_word' id='word_1_156' title='bbox 1418 1265 1464 1310; x_wconf 91' lang='lat' dir='ltr'>in</span> 
     </span>
     <span class='ocr_line' id='line_1_17' title="bbox 70 1334 1466 1397; baseline 0.001 -19"><span class='ocrx_word' id='word_1_157' title='bbox 70 1334 306 1395; x_wconf 85' lang='lat' dir='ltr'>reprobum</span> <span class='ocrx_word' id='word_1_158' title='bbox 321 1338 551 1381; x_wconf 77' lang='lat' dir='ltr'>sensum⁵P</span> <span class='ocrx_word' id='word_1_159' title='bbox 574 1358 592 1378; x_wconf 87' lang='lat'>»</span> <span class='ocrx_word' id='word_1_160' title='bbox 609 1340 679 1385; x_wconf 83' lang='lat' dir='ltr'>An</span> <span class='ocrx_word' id='word_1_161' title='bbox 701 1337 848 1397; x_wconf 88' lang='lat' dir='ltr'>potius</span> <span class='ocrx_word' id='word_1_162' title='bbox 864 1336 919 1382; x_wconf 84' lang='lat' dir='ltr'>de</span> <span class='ocrx_word' id='word_1_163' title='bbox 947 1356 964 1378; x_wconf 68' lang='grc' dir='ltr'>ι(</span> <span class='ocrx_word' id='word_1_164' title='bbox 983 1337 1104 1382; x_wconf 90' lang='lat' dir='ltr'>Illius</span> <span class='ocrx_word' id='word_1_165' title='bbox 1121 1347 1245 1382; x_wconf 85' lang='lat' dir='ltr'>utero</span> <span class='ocrx_word' id='word_1_166' title='bbox 1268 1335 1466 1397; x_wconf 85' lang='lat' dir='ltr'>procedit</span> 
     </span>
     <span class='ocr_line' id='line_1_18' title="bbox 75 1405 1464 1469; baseline 0.004 -23"><span class='ocrx_word' id='word_1_167' title='bbox 75 1424 94 1446; x_wconf 87' lang='lat'>»</span> <span class='ocrx_word' id='word_1_168' title='bbox 129 1405 311 1464; x_wconf 83' lang='lat' dir='ltr'>glacies,</span> <span class='ocrx_word' id='word_1_169' title='bbox 333 1427 351 1449; x_wconf 90' lang='lat'>»</span> <span class='ocrx_word' id='word_1_170' title='bbox 377 1408 452 1467; x_wconf 88' lang='lat' dir='ltr'>qui</span> <span class='ocrx_word' id='word_1_171' title='bbox 465 1406 770 1467; x_wconf 80' lang='lat' dir='ltr'>persuadendo</span> <span class='ocrx_word' id='word_1_172' title='bbox 791 1408 1059 1468; x_wconf 90' lang='lat' dir='ltr'>impietatem</span> <span class='ocrx_word' id='word_1_173' title='bbox 1073 1444 1084 1464; x_wconf 83' lang='lat'>,</span> <span class='ocrx_word' id='word_1_174' title='bbox 1105 1425 1189 1469; x_wconf 86' lang='lat' dir='ltr'>qua</span> <span class='ocrx_word' id='word_1_175' title='bbox 1206 1408 1464 1453; x_wconf 84' lang='lat' dir='ltr'>intrinsecus</span> 
     </span>
     <span class='ocr_line' id='line_1_19' title="bbox 68 1473 1464 1536; baseline 0.003 -18"><span class='ocrx_word' id='word_1_176' title='bbox 68 1473 224 1534; x_wconf 90' lang='lat' dir='ltr'>plenus</span> <span class='ocrx_word' id='word_1_177' title='bbox 245 1485 324 1532; x_wconf 83' lang='lat' dir='ltr'>est,</span> <span class='ocrx_word' id='word_1_178' title='bbox 347 1475 450 1523; x_wconf 82' lang='lat' dir='ltr'>facit</span> <span class='ocrx_word' id='word_1_179' title='bbox 460 1478 691 1536; x_wconf 83' lang='lat' dir='ltr'>frigescere</span> <span class='ocrx_word' id='word_1_180' title='bbox 709 1488 753 1522; x_wconf 88' lang='lat' dir='ltr'>et</span> <span class='ocrx_word' id='word_1_181' title='bbox 769 1477 1000 1523; x_wconf 86' lang='lat' dir='ltr'>durescere</span> <span class='ocrx_word' id='word_1_182' title='bbox 1018 1479 1171 1525; x_wconf 89' lang='lat' dir='ltr'>amisso</span> <span class='ocrx_word' id='word_1_183' title='bbox 1194 1477 1337 1523; x_wconf 84' lang='lat' dir='ltr'>calore</span> <span class='ocrx_word' id='word_1_184' title='bbox 1358 1478 1464 1522; x_wconf 88' lang='lat' dir='ltr'>cha-</span> 
     </span>
     <span class='ocr_line' id='line_1_20' title="bbox 68 1544 1463 1609; baseline 0.001 -20"><span class='ocrx_word' id='word_1_185' title='bbox 68 1544 206 1590; x_wconf 84' lang='lat' dir='ltr'>ritatis</span> <span class='ocrx_word' id='word_1_186' title='bbox 233 1566 242 1591; x_wconf 89' lang='lat'>:</span> <span class='ocrx_word' id='word_1_187' title='bbox 269 1546 366 1607; x_wconf 85' lang='lat' dir='ltr'>quis</span> <span class='ocrx_word' id='word_1_188' title='bbox 389 1547 507 1591; x_wconf 90' lang='lat' dir='ltr'>enim</span> <span class='ocrx_word' id='word_1_189' title='bbox 531 1548 650 1593; x_wconf 91' lang='lat' dir='ltr'>hunc</span> <span class='ocrx_word' id='word_1_190' title='bbox 675 1548 818 1603; x_wconf 84' lang='lat' dir='ltr'>novit,</span> <span class='ocrx_word' id='word_1_191' title='bbox 849 1549 960 1593; x_wconf 89' lang='lat' dir='ltr'>sicut</span> <span class='ocrx_word' id='word_1_192' title='bbox 980 1548 1074 1604; x_wconf 80' lang='lat' dir='ltr'>ille,</span> <span class='ocrx_word' id='word_1_193' title='bbox 1099 1549 1175 1609; x_wconf 90' lang='lat' dir='ltr'>qui</span> <span class='ocrx_word' id='word_1_194' title='bbox 1197 1548 1256 1592; x_wconf 90' lang='lat' dir='ltr'>ait</span> <span class='ocrx_word' id='word_1_195' title='bbox 1277 1549 1397 1592; x_wconf 89' lang='lat' dir='ltr'>duris</span> <span class='ocrx_word' id='word_1_196' title='bbox 1419 1555 1463 1592; x_wconf 88' lang='lat' dir='ltr'>et</span> 
     </span>
     <span class='ocr_line' id='line_1_21' title="bbox 67 1616 1457 1679; baseline 0.001 -19"><span class='ocrx_word' id='word_1_197' title='bbox 67 1616 367 1662; x_wconf 84' lang='lat' dir='ltr'>resistentibus</span> <span class='ocrx_word' id='word_1_198' title='bbox 387 1618 650 1677; x_wconf 79' lang='lat' dir='ltr'>Evangelio,</span> <span class='ocrx_word' id='word_1_199' title='bbox 688 1621 805 1664; x_wconf 84' lang='lat' dir='ltr'>«Vos</span> <span class='ocrx_word' id='word_1_200' title='bbox 833 1635 886 1664; x_wconf 83' lang='lat' dir='ltr'>ex</span> <span class='ocrx_word' id='word_1_201' title='bbox 908 1629 1030 1679; x_wconf 86' lang='lat' dir='ltr'>patre</span> <span class='ocrx_word' id='word_1_202' title='bbox 1052 1619 1231 1664; x_wconf 87' lang='lat' dir='ltr'>diabolo</span> <span class='ocrx_word' id='word_1_203' title='bbox 1260 1619 1359 1664; x_wconf 86' lang='lat' dir='ltr'>estis</span> <span class='ocrx_word' id='word_1_204' title='bbox 1369 1620 1406 1663; x_wconf 77' lang='lat'>⁶?</span> <span class='ocrx_word' id='word_1_205' title='bbox 1439 1638 1457 1661; x_wconf 92' lang='lat'>»</span> 
     </span>
     <span class='ocr_line' id='line_1_22' title="bbox 16 1689 1460 1751; baseline 0.003 -22"><span class='ocrx_word' id='word_1_206' title='bbox 16 1742 22 1746; x_wconf 25' lang='lat'><strong><em>‘</em></strong></span> <span class='ocrx_word' id='word_1_207' title='bbox 73 1705 92 1728; x_wconf 92' lang='lat'>«</span> <span class='ocrx_word' id='word_1_208' title='bbox 126 1690 217 1732; x_wconf 90' lang='lat' dir='ltr'>Aut</span> <span class='ocrx_word' id='word_1_209' title='bbox 242 1689 445 1750; x_wconf 84' lang='lat' dir='ltr'>pruinam</span> <span class='ocrx_word' id='word_1_210' title='bbox 467 1689 513 1733; x_wconf 89' lang='lat' dir='ltr'>in</span> <span class='ocrx_word' id='word_1_211' title='bbox 542 1689 654 1734; x_wconf 84' lang='lat' dir='ltr'>coelo</span> <span class='ocrx_word' id='word_1_212' title='bbox 683 1689 779 1750; x_wconf 90' lang='lat' dir='ltr'>quis</span> <span class='ocrx_word' id='word_1_213' title='bbox 809 1690 986 1749; x_wconf 82' lang='lat' dir='ltr'>genuit?</span> <span class='ocrx_word' id='word_1_214' title='bbox 1021 1706 1120 1751; x_wconf 86' lang='lat' dir='ltr'>quae</span> <span class='ocrx_word' id='word_1_215' title='bbox 1144 1689 1368 1735; x_wconf 85' lang='lat' dir='ltr'>descendit</span> <span class='ocrx_word' id='word_1_216' title='bbox 1401 1689 1460 1733; x_wconf 87' lang='lat' dir='ltr'>si-</span> 
     </span>
     <span class='ocr_line' id='line_1_23' title="bbox 73 1759 1457 1820; baseline 0.001 -17"><span class='ocrx_word' id='word_1_217' title='bbox 73 1776 91 1799; x_wconf 87' lang='lat'>»</span> <span class='ocrx_word' id='word_1_218' title='bbox 127 1768 202 1804; x_wconf 89' lang='lat' dir='ltr'>cut</span> <span class='ocrx_word' id='word_1_219' title='bbox 223 1776 348 1820; x_wconf 82' lang='lat' dir='ltr'>aquae</span> <span class='ocrx_word' id='word_1_220' title='bbox 365 1761 531 1804; x_wconf 87' lang='lat' dir='ltr'>flumen</span> <span class='ocrx_word' id='word_1_221' title='bbox 545 1763 575 1804; x_wconf 85' lang='lat'>⁷.</span> <span class='ocrx_word' id='word_1_222' title='bbox 597 1780 614 1803; x_wconf 87' lang='lat'>»</span> <span class='ocrx_word' id='word_1_223' title='bbox 636 1759 766 1814; x_wconf 87' lang='lat' dir='ltr'>Quod</span> <span class='ocrx_word' id='word_1_224' title='bbox 778 1761 833 1804; x_wconf 84' lang='lat' dir='ltr'>de</span> <span class='ocrx_word' id='word_1_225' title='bbox 848 1760 984 1820; x_wconf 81' lang='lat' dir='ltr'>glacie</span> <span class='ocrx_word' id='word_1_226' title='bbox 997 1761 1042 1805; x_wconf 91' lang='lat' dir='ltr'>in</span> <span class='ocrx_word' id='word_1_227' title='bbox 1058 1760 1215 1805; x_wconf 89' lang='lat' dir='ltr'>ultimo</span> <span class='ocrx_word' id='word_1_228' title='bbox 1228 1760 1457 1815; x_wconf 75' lang='lat' dir='ltr'>sensimus,</span> 
     </span>
     <span class='ocr_line' id='line_1_24' title="bbox 67 1828 1460 1891; baseline 0.001 -19"><span class='ocrx_word' id='word_1_229' title='bbox 67 1828 152 1873; x_wconf 90' lang='lat' dir='ltr'>hoc</span> <span class='ocrx_word' id='word_1_230' title='bbox 171 1839 214 1874; x_wconf 91' lang='lat' dir='ltr'>et</span> <span class='ocrx_word' id='word_1_231' title='bbox 236 1830 290 1874; x_wconf 89' lang='lat' dir='ltr'>de</span> <span class='ocrx_word' id='word_1_232' title='bbox 307 1831 461 1891; x_wconf 84' lang='lat' dir='ltr'>pruina</span> <span class='ocrx_word' id='word_1_233' title='bbox 484 1830 784 1891; x_wconf 87' lang='lat' dir='ltr'>accipiendum</span> <span class='ocrx_word' id='word_1_234' title='bbox 803 1841 926 1891; x_wconf 85' lang='lat' dir='ltr'>puto.</span> <span class='ocrx_word' id='word_1_235' title='bbox 952 1834 1041 1877; x_wconf 88' lang='lat' dir='ltr'>Nec</span> <span class='ocrx_word' id='word_1_236' title='bbox 1057 1841 1201 1877; x_wconf 89' lang='lat' dir='ltr'>tamen</span> <span class='ocrx_word' id='word_1_237' title='bbox 1223 1830 1383 1876; x_wconf 82' lang='lat' dir='ltr'>frustra</span> <span class='ocrx_word' id='word_1_238' title='bbox 1396 1838 1460 1875; x_wconf 91' lang='lat' dir='ltr'>est</span> 
     </span>
     <span class='ocr_line' id='line_1_25' title="bbox 68 1897 1456 1962; baseline 0.001 -19"><span class='ocrx_word' id='word_1_239' title='bbox 68 1897 290 1956; x_wconf 82' lang='lat' dir='ltr'>additum,</span> <span class='ocrx_word' id='word_1_240' title='bbox 316 1920 333 1942; x_wconf 88' lang='lat'>«</span> <span class='ocrx_word' id='word_1_241' title='bbox 353 1904 405 1945; x_wconf 91' lang='lat' dir='ltr'>ln</span> <span class='ocrx_word' id='word_1_242' title='bbox 426 1901 540 1948; x_wconf 85' lang='lat' dir='ltr'>coelo</span> <span class='ocrx_word' id='word_1_243' title='bbox 554 1937 565 1957; x_wconf 90' lang='lat'>‚</span> <span class='ocrx_word' id='word_1_244' title='bbox 582 1921 599 1944; x_wconf 88' lang='lat'>»</span> <span class='ocrx_word' id='word_1_245' title='bbox 625 1911 675 1946; x_wconf 88' lang='lat' dir='ltr'>ut</span> <span class='ocrx_word' id='word_1_246' title='bbox 693 1917 744 1945; x_wconf 85' lang='lat' dir='ltr'>ex</span> <span class='ocrx_word' id='word_1_247' title='bbox 766 1902 867 1961; x_wconf 88' lang='lat' dir='ltr'>ipsis</span> <span class='ocrx_word' id='word_1_248' title='bbox 886 1902 962 1962; x_wconf 88' lang='lat' dir='ltr'>qui</span> <span class='ocrx_word' id='word_1_249' title='bbox 985 1911 1179 1961; x_wconf 81' lang='lat' dir='ltr'>praesunt</span> <span class='ocrx_word' id='word_1_250' title='bbox 1195 1937 1206 1957; x_wconf 83' lang='lat'>,</span> <span class='ocrx_word' id='word_1_251' title='bbox 1234 1900 1456 1959; x_wconf 86' lang='lat' dir='ltr'>intelliga-</span> 
     </span>
     <span class='ocr_line' id='line_1_26' title="bbox 67 1971 1460 2032; baseline 0.001 -19"><span class='ocrx_word' id='word_1_252' title='bbox 67 1978 155 2025; x_wconf 84' lang='lat' dir='ltr'>tur,</span> <span class='ocrx_word' id='word_1_253' title='bbox 190 1971 462 2017; x_wconf 88' lang='lat' dir='ltr'>imitantibus</span> <span class='ocrx_word' id='word_1_254' title='bbox 488 1988 590 2016; x_wconf 88' lang='lat' dir='ltr'>sane</span> <span class='ocrx_word' id='word_1_255' title='bbox 617 1972 757 2017; x_wconf 89' lang='lat' dir='ltr'>bonos</span> <span class='ocrx_word' id='word_1_256' title='bbox 780 1973 956 2016; x_wconf 88' lang='lat' dir='ltr'>nuntios</span> <span class='ocrx_word' id='word_1_257' title='bbox 975 1973 1188 2028; x_wconf 85' lang='lat' dir='ltr'>veritatis,</span> <span class='ocrx_word' id='word_1_258' title='bbox 1213 1973 1290 2032; x_wconf 84' lang='lat' dir='ltr'>qui</span> <span class='ocrx_word' id='word_1_259' title='bbox 1317 1981 1460 2017; x_wconf 85' lang='lat' dir='ltr'>trans-</span> 
     </span>
     <span class='ocr_line' id='line_1_27' title="bbox 67 2041 1459 2103; baseline 0.002 -19"><span class='ocrx_word' id='word_1_260' title='bbox 67 2041 258 2098; x_wconf 84' lang='lat' dir='ltr'>figurant</span> <span class='ocrx_word' id='word_1_261' title='bbox 284 2058 328 2086; x_wconf 90' lang='lat' dir='ltr'>se</span> <span class='ocrx_word' id='word_1_262' title='bbox 358 2043 470 2088; x_wconf 88' lang='lat' dir='ltr'>sicut</span> <span class='ocrx_word' id='word_1_263' title='bbox 499 2043 683 2087; x_wconf 89' lang='lat' dir='ltr'>ministri</span> <span class='ocrx_word' id='word_1_264' title='bbox 699 2043 920 2103; x_wconf 65' lang='lat' dir='ltr'>justitiaess.</span> <span class='ocrx_word' id='word_1_265' title='bbox 956 2045 1055 2096; x_wconf 86' lang='lat' dir='ltr'>Quo</span> <span class='ocrx_word' id='word_1_266' title='bbox 1085 2044 1302 2103; x_wconf 82' lang='lat' dir='ltr'>pertinet,</span> <span class='ocrx_word' id='word_1_267' title='bbox 1338 2041 1459 2102; x_wconf 91' lang='lat' dir='ltr'>quod</span> 
     </span>
     <span class='ocr_line' id='line_1_28' title="bbox 67 2110 1455 2173; baseline 0.001 -19"><span class='ocrx_word' id='word_1_268' title='bbox 67 2110 324 2172; x_wconf 86' lang='lat' dir='ltr'>adjunctum</span> <span class='ocrx_word' id='word_1_269' title='bbox 352 2122 417 2158; x_wconf 86' lang='lat' dir='ltr'>est</span> <span class='ocrx_word' id='word_1_270' title='bbox 449 2132 458 2158; x_wconf 77' lang='lat' dir='ltr'><em>z</em></span> <span class='ocrx_word' id='word_1_271' title='bbox 495 2116 641 2166; x_wconf 83' lang='lat' dir='ltr'>«Quae</span> <span class='ocrx_word' id='word_1_272' title='bbox 678 2112 904 2157; x_wconf 84' lang='lat' dir='ltr'>descendit</span> <span class='ocrx_word' id='word_1_273' title='bbox 934 2113 1046 2157; x_wconf 86' lang='lat' dir='ltr'>sicut</span> <span class='ocrx_word' id='word_1_274' title='bbox 1093 2129 1218 2173; x_wconf 77' lang='lat' dir='ltr'>aquae</span> <span class='ocrx_word' id='word_1_275' title='bbox 1260 2113 1455 2170; x_wconf 79' lang='lat' dir='ltr'>flumen3</span> 
     </span>
     <span class='ocr_line' id='line_1_29' title="bbox 70 2181 1453 2243; baseline -0.002 -14"><span class='ocrx_word' id='word_1_276' title='bbox 70 2198 91 2223; x_wconf 84' lang='lat'>&gt;›</span> <span class='ocrx_word' id='word_1_277' title='bbox 126 2185 216 2230; x_wconf 85' lang='lat' dir='ltr'>Aut</span> <span class='ocrx_word' id='word_1_278' title='bbox 244 2183 401 2232; x_wconf 83' lang='lat' dir='ltr'>faciem</span> <span class='ocrx_word' id='word_1_279' title='bbox 433 2182 556 2242; x_wconf 87' lang='lat' dir='ltr'>impii</span> <span class='ocrx_word' id='word_1_280' title='bbox 589 2183 686 2243; x_wconf 90' lang='lat' dir='ltr'>quis</span> <span class='ocrx_word' id='word_1_281' title='bbox 706 2181 1005 2227; x_wconf 78' lang='lat' dir='ltr'>tabefecit⁰?»</span> <span class='ocrx_word' id='word_1_282' title='bbox 1040 2182 1093 2228; x_wconf 89' lang='lat' dir='ltr'>Id</span> <span class='ocrx_word' id='word_1_283' title='bbox 1115 2192 1204 2238; x_wconf 82' lang='lat' dir='ltr'>est,</span> <span class='ocrx_word' id='word_1_284' title='bbox 1236 2181 1453 2229; x_wconf 85' lang='lat' dir='ltr'>confudit.</span> 
     </span>
     <span class='ocr_line' id='line_1_30' title="bbox 68 2252 1458 2314; baseline 0.002 -18"><span class='ocrx_word' id='word_1_285' title='bbox 68 2252 174 2305; x_wconf 85' lang='lat' dir='ltr'>Quis</span> <span class='ocrx_word' id='word_1_286' title='bbox 196 2253 278 2302; x_wconf 82' lang='lat' dir='ltr'>nisi</span> <span class='ocrx_word' id='word_1_287' title='bbox 296 2253 385 2308; x_wconf 83' lang='lat' dir='ltr'>ille,</span> <span class='ocrx_word' id='word_1_288' title='bbox 410 2254 487 2314; x_wconf 89' lang='lat' dir='ltr'>qui</span> <span class='ocrx_word' id='word_1_289' title='bbox 508 2269 616 2314; x_wconf 87' lang='lat' dir='ltr'>quos</span> <span class='ocrx_word' id='word_1_290' title='bbox 635 2254 903 2314; x_wconf 82' lang='lat' dir='ltr'>justificavit,</span> <span class='ocrx_word' id='word_1_291' title='bbox 929 2254 1044 2314; x_wconf 87' lang='lat' dir='ltr'>ipsos</span> <span class='ocrx_word' id='word_1_292' title='bbox 1057 2263 1100 2298; x_wconf 91' lang='lat' dir='ltr'>et</span> <span class='ocrx_word' id='word_1_293' title='bbox 1122 2254 1416 2313; x_wconf 83' lang='lat' dir='ltr'>glorificavit10</span> <span class='ocrx_word' id='word_1_294' title='bbox 1440 2255 1458 2299; x_wconf 75' lang='grc' dir='ltr'>Ξ)</span> 
     </span>
     <span class='ocr_line' id='line_1_31' title="bbox 72 2322 1458 2385; baseline 0.002 -20"><span class='ocrx_word' id='word_1_295' title='bbox 72 2325 188 2373; x_wconf 68' lang='lat' dir='ltr'>«Aut</span> <span class='ocrx_word' id='word_1_296' title='bbox 194 2322 443 2372; x_wconf 79' lang='lat' dir='ltr'>intellexisti</span> <span class='ocrx_word' id='word_1_297' title='bbox 451 2339 588 2369; x_wconf 79' lang='lat' dir='ltr'>nexus</span> <span class='ocrx_word' id='word_1_298' title='bbox 597 2323 800 2381; x_wconf 75' lang='lat' dir='ltr'>pleiadis,</span> <span class='ocrx_word' id='word_1_299' title='bbox 813 2334 856 2370; x_wconf 93' lang='lat' dir='ltr'>et</span> <span class='ocrx_word' id='word_1_300' title='bbox 864 2334 1035 2385; x_wconf 86' lang='lat' dir='ltr'>septum</span> <span class='ocrx_word' id='word_1_301' title='bbox 1043 2325 1215 2370; x_wconf 89' lang='lat' dir='ltr'>Orionis</span> <span class='ocrx_word' id='word_1_302' title='bbox 1225 2324 1458 2385; x_wconf 77' lang='lat' dir='ltr'>aperuisti?</span> 
     </span>
    </p>

    <p class='ocr_par' dir='ltr' id='par_1_3' title="bbox 116 2430 1453 2475">
     <span class='ocr_line' id='line_1_32' title="bbox 116 2430 1453 2475; baseline 0.001 -12"><span class='ocrx_word' id='word_1_303' title='bbox 116 2436 126 2453; x_wconf 88' lang='lat'>¹</span> <span class='ocrx_word' id='word_1_304' title='bbox 147 2430 220 2463; x_wconf 87' lang='lat' dir='ltr'>Job.</span> <span class='ocrx_word' id='word_1_305' title='bbox 239 2441 378 2474; x_wconf 82' lang='lat' dir='ltr'>xxxvlll,</span> <span class='ocrx_word' id='word_1_306' title='bbox 396 2430 530 2474; x_wconf 73' lang='grc'>27.’-2</span> <span class='ocrx_word' id='word_1_307' title='bbox 552 2433 624 2465; x_wconf 79' lang='lat' dir='ltr'>Isa&#39;i‘.</span> <span class='ocrx_word' id='word_1_308' title='bbox 643 2442 706 2474; x_wconf 79' lang='lat' dir='ltr'>mv,</span> <span class='ocrx_word' id='word_1_309' title='bbox 729 2444 807 2463; x_wconf 90' lang='lat'>1.—</span> <span class='ocrx_word' id='word_1_310' title='bbox 828 2431 842 2455; x_wconf 85' lang='grc'>3</span> <span class='ocrx_word' id='word_1_311' title='bbox 859 2431 932 2464; x_wconf 88' lang='lat' dir='ltr'>Job.</span> <span class='ocrx_word' id='word_1_312' title='bbox 953 2443 1116 2475; x_wconf 79' lang='lat' dir='ltr'>xxxxvm,</span> <span class='ocrx_word' id='word_1_313' title='bbox 1135 2433 1189 2465; x_wconf 84' lang='lat'>28.</span> <span class='ocrx_word' id='word_1_314' title='bbox 1207 2430 1276 2462; x_wconf 76' lang='lat'>-4</span> <span class='ocrx_word' id='word_1_315' title='bbox 1300 2431 1382 2465; x_wconf 88' lang='lat' dir='ltr'>Ibid.</span> <span class='ocrx_word' id='word_1_316' title='bbox 1399 2440 1453 2475; x_wconf 87' lang='lat'>29.</span> 
     </span>
    </p>
   </div>
   <div class='ocr_carea' id='block_1_3' title="bbox 70 2484 1453 2588">
    <p class='ocr_par' dir='ltr' id='par_1_4' title="bbox 70 2484 1453 2588">
     <span class='ocr_line' id='line_1_33' title="bbox 70 2484 1453 2532; baseline 0.001 -13"><span class='ocrx_word' id='word_1_317' title='bbox 70 2501 112 2513; x_wconf 60' lang='lat'>„-</span> <span class='ocrx_word' id='word_1_318' title='bbox 133 2484 150 2509; x_wconf 82' lang='lat'><em>5</em></span> <span class='ocrx_word' id='word_1_319' title='bbox 167 2489 259 2520; x_wconf 78' lang='lat' dir='ltr'>Rom.</span> <span class='ocrx_word' id='word_1_320' title='bbox 282 2498 315 2529; x_wconf 89' lang='grc' dir='ltr'>ι,</span> <span class='ocrx_word' id='word_1_321' title='bbox 343 2490 396 2521; x_wconf 85' lang='lat'>28.</span> <span class='ocrx_word' id='word_1_322' title='bbox 417 2504 460 2511; x_wconf 81' lang='lat'>—-</span> <span class='ocrx_word' id='word_1_323' title='bbox 479 2486 495 2510; x_wconf 83' lang='lat'><strong>⁶</strong></span> <span class='ocrx_word' id='word_1_324' title='bbox 513 2490 607 2521; x_wconf 82' lang='lat' dir='ltr'>Joan.</span> <span class='ocrx_word' id='word_1_325' title='bbox 628 2499 705 2530; x_wconf 78' lang='lat' dir='ltr'>viu,</span> <span class='ocrx_word' id='word_1_326' title='bbox 726 2487 780 2530; x_wconf 71' lang='grc'>44.</span> <span class='ocrx_word' id='word_1_327' title='bbox 809 2488 891 2531; x_wconf 43' lang='lat'>——37</span> <span class='ocrx_word' id='word_1_328' title='bbox 912 2488 986 2521; x_wconf 90' lang='lat' dir='ltr'>Job.</span> <span class='ocrx_word' id='word_1_329' title='bbox 1007 2500 1147 2532; x_wconf 82' lang='lat' dir='ltr'>xxxvm,</span> <span class='ocrx_word' id='word_1_330' title='bbox 1168 2489 1222 2522; x_wconf 84' lang='lat'>30.</span> <span class='ocrx_word' id='word_1_331' title='bbox 1249 2505 1291 2513; x_wconf 91' lang='lat'>--</span> <span class='ocrx_word' id='word_1_332' title='bbox 1309 2487 1325 2512; x_wconf 84' lang='lat'>⁸</span> <span class='ocrx_word' id='word_1_333' title='bbox 1343 2497 1364 2523; x_wconf 83' lang='lat'>2</span> <span class='ocrx_word' id='word_1_334' title='bbox 1380 2491 1453 2522; x_wconf 81' lang='lat' dir='ltr'>Cor.</span> 
     </span>
     <span class='ocr_line' id='line_1_34' title="bbox 70 2541 973 2588; baseline 0.003 -13"><span class='ocrx_word' id='word_1_335' title='bbox 70 2552 115 2585; x_wconf 78' lang='lat' dir='ltr'>xi,</span> <span class='ocrx_word' id='word_1_336' title='bbox 139 2541 190 2576; x_wconf 79' lang='lat'>15.</span> <span class='ocrx_word' id='word_1_337' title='bbox 212 2559 254 2567; x_wconf 95' lang='lat'><strong>—</strong></span> <span class='ocrx_word' id='word_1_338' title='bbox 267 2543 366 2578; x_wconf 68' lang='lat' dir='ltr'><strong>esch.</strong></span> <span class='ocrx_word' id='word_1_339' title='bbox 380 2554 518 2587; x_wconf 76' lang='lat' dir='ltr'>xxxvui,</span> <span class='ocrx_word' id='word_1_340' title='bbox 533 2544 587 2580; x_wconf 84' lang='lat'>30.</span> <span class='ocrx_word' id='word_1_341' title='bbox 607 2560 650 2567; x_wconf 88' lang='lat'><strong>·——-</strong></span> <span class='ocrx_word' id='word_1_342' title='bbox 671 2550 702 2567; x_wconf 88' lang='lat'>¹⁰</span> <span class='ocrx_word' id='word_1_343' title='bbox 727 2547 819 2578; x_wconf 86' lang='lat' dir='ltr'>Rom.</span> <span class='ocrx_word' id='word_1_344' title='bbox 835 2555 907 2588; x_wconf 75' lang='lat' dir='ltr'>viu,</span> <span class='ocrx_word' id='word_1_345' title='bbox 921 2545 973 2578; x_wconf 86' lang='lat'>30.</span> 
     </span>
    </p>
   </div>
  </div>
 </body>
</html>
