<?xml version="1.0" encoding="UTF-8"?>
<!DOCTYPE html PUBLIC "-//W3C//DTD XHTML 1.0 Transitional//EN"
    "http://www.w3.org/TR/xhtml1/DTD/xhtml1-transitional.dtd">
<html xmlns="http://www.w3.org/1999/xhtml" xml:lang="en" lang="en">
 <head>
  <title>
</title>
<meta http-equiv="Content-Type" content="text/html;charset=utf-8" />
  <meta name='ocr-system' content='tesseract 3.04.00' />
  <meta name='ocr-capabilities' content='ocr_page ocr_carea ocr_par ocr_line ocrx_word'/>
</head>
<body>
  <div class='ocr_page' id='page_1' title='image "./operaomniaaccura07auguuoft_0187.png"; bbox 0 0 1833 3284; ppageno 0'>
   <div class='ocr_carea' id='block_1_1' title="bbox 404 266 1431 306">
    <p class='ocr_par' dir='ltr' id='par_1_1' title="bbox 404 266 1431 306">
     <span class='ocr_line' id='line_1_1' title="bbox 404 266 1431 306; baseline 0.002 -3"><span class='ocrx_word' id='word_1_1' title='bbox 404 274 646 304; x_wconf 74' lang='lat' dir='ltr'>ENAnnA&#39;rro</span> <span class='ocrx_word' id='word_1_2' title='bbox 679 277 724 304; x_wconf 68' lang='lat' dir='ltr'>nv</span> <span class='ocrx_word' id='word_1_3' title='bbox 757 276 961 306; x_wconf 79' lang='lat' dir='ltr'>PSALMUM</span> <span class='ocrx_word' id='word_1_4' title='bbox 994 278 1072 304; x_wconf 81' lang='lat' dir='ltr'>vir.</span> <span class='ocrx_word' id='word_1_5' title='bbox 1349 266 1431 305; x_wconf 84' lang='lat'>175</span> 
     </span>
    </p>
   </div>
   <div class='ocr_carea' id='block_1_2' title="bbox 13 341 1436 2527">
    <p class='ocr_par' dir='ltr' id='par_1_2' title="bbox 13 341 1436 2527">
     <span class='ocr_line' id='line_1_2' title="bbox 38 341 1430 403; baseline 0.001 -17"><span class='ocrx_word' id='word_1_6' title='bbox 38 343 239 387; x_wconf 91' lang='lat' dir='ltr'>omnium</span> <span class='ocrx_word' id='word_1_7' title='bbox 256 342 554 401; x_wconf 82' lang='lat' dir='ltr'>cogitationes,</span> <span class='ocrx_word' id='word_1_8' title='bbox 571 359 670 403; x_wconf 83' lang='lat' dir='ltr'>quae</span> <span class='ocrx_word' id='word_1_9' title='bbox 686 343 864 388; x_wconf 91' lang='lat' dir='ltr'>nomine</span> <span class='ocrx_word' id='word_1_10' title='bbox 878 341 1018 388; x_wconf 85' lang='lat' dir='ltr'>cordis</span> <span class='ocrx_word' id='word_1_11' title='bbox 1037 341 1288 402; x_wconf 82' lang='lat' dir='ltr'>significatae</span> <span class='ocrx_word' id='word_1_12' title='bbox 1304 353 1430 401; x_wconf 79' lang='lat' dir='ltr'>sunt3</span> 
     </span>
     <span class='ocr_line' id='line_1_3' title="bbox 39 411 1433 473; baseline 0.002 -17"><span class='ocrx_word' id='word_1_13' title='bbox 39 421 84 457; x_wconf 88' lang='lat' dir='ltr'>et</span> <span class='ocrx_word' id='word_1_14' title='bbox 99 411 429 467; x_wconf 78' lang='lat' dir='ltr'>delectationes,</span> <span class='ocrx_word' id='word_1_15' title='bbox 451 428 551 473; x_wconf 88' lang='lat' dir='ltr'>quae</span> <span class='ocrx_word' id='word_1_16' title='bbox 572 414 750 458; x_wconf 91' lang='lat' dir='ltr'>nomine</span> <span class='ocrx_word' id='word_1_17' title='bbox 770 429 925 458; x_wconf 90' lang='lat' dir='ltr'>renum</span> <span class='ocrx_word' id='word_1_18' title='bbox 946 412 1281 472; x_wconf 81' lang='lat' dir='ltr'>intelliguntur?</span> <span class='ocrx_word' id='word_1_19' title='bbox 1298 417 1433 459; x_wconf 84' lang='lat' dir='ltr'>Recte</span> 
     </span>
     <span class='ocr_line' id='line_1_4' title="bbox 39 481 1433 543; baseline 0.002 -17"><span class='ocrx_word' id='word_1_20' title='bbox 39 483 202 543; x_wconf 88' lang='lat' dir='ltr'>quippe</span> <span class='ocrx_word' id='word_1_21' title='bbox 225 481 532 543; x_wconf 82' lang='lat' dir='ltr'>temporalium</span> <span class='ocrx_word' id='word_1_22' title='bbox 554 492 598 527; x_wconf 87' lang='lat' dir='ltr'>et</span> <span class='ocrx_word' id='word_1_23' title='bbox 623 493 894 530; x_wconf 88' lang='lat' dir='ltr'>terrenarum</span> <span class='ocrx_word' id='word_1_24' title='bbox 923 500 1068 529; x_wconf 89' lang='lat' dir='ltr'>rerum</span> <span class='ocrx_word' id='word_1_25' title='bbox 1091 483 1326 529; x_wconf 81' lang='lat' dir='ltr'>delectatio</span> <span class='ocrx_word' id='word_1_26' title='bbox 1360 500 1433 529; x_wconf 89' lang='lat' dir='ltr'>re-</span> 
     </span>
     <span class='ocr_line' id='line_1_5' title="bbox 39 552 1429 616; baseline 0.003 -20"><span class='ocrx_word' id='word_1_27' title='bbox 39 552 169 597; x_wconf 89' lang='lat' dir='ltr'>nibus</span> <span class='ocrx_word' id='word_1_28' title='bbox 197 553 407 598; x_wconf 86' lang='lat' dir='ltr'>tribuitur</span> <span class='ocrx_word' id='word_1_29' title='bbox 440 573 450 599; x_wconf 88' lang='lat'>:</span> <span class='ocrx_word' id='word_1_30' title='bbox 482 554 584 615; x_wconf 90' lang='lat' dir='ltr'>quia</span> <span class='ocrx_word' id='word_1_31' title='bbox 610 564 654 599; x_wconf 91' lang='lat' dir='ltr'>et</span> <span class='ocrx_word' id='word_1_32' title='bbox 681 554 773 616; x_wconf 89' lang='lat' dir='ltr'>ipsa</span> <span class='ocrx_word' id='word_1_33' title='bbox 800 571 900 616; x_wconf 85' lang='lat' dir='ltr'>pars</span> <span class='ocrx_word' id='word_1_34' title='bbox 923 565 986 600; x_wconf 89' lang='lat' dir='ltr'>est</span> <span class='ocrx_word' id='word_1_35' title='bbox 1012 553 1195 599; x_wconf 87' lang='lat' dir='ltr'>inferior</span> <span class='ocrx_word' id='word_1_36' title='bbox 1218 555 1429 612; x_wconf 82' lang='lat' dir='ltr'>hominis,</span> 
     </span>
     <span class='ocr_line' id='line_1_6' title="bbox 39 625 1430 687; baseline 0.002 -19"><span class='ocrx_word' id='word_1_37' title='bbox 39 633 83 669; x_wconf 93' lang='lat' dir='ltr'>et</span> <span class='ocrx_word' id='word_1_38' title='bbox 103 640 154 669; x_wconf 91' lang='lat' dir='ltr'>ea</span> <span class='ocrx_word' id='word_1_39' title='bbox 175 625 293 683; x_wconf 84' lang='lat' dir='ltr'>regio</span> <span class='ocrx_word' id='word_1_40' title='bbox 310 634 372 670; x_wconf 85' lang='lat' dir='ltr'>est</span> <span class='ocrx_word' id='word_1_41' title='bbox 389 625 467 670; x_wconf 89' lang='lat' dir='ltr'>ubi</span> <span class='ocrx_word' id='word_1_42' title='bbox 488 626 672 671; x_wconf 88' lang='lat' dir='ltr'>carnalis</span> <span class='ocrx_word' id='word_1_43' title='bbox 703 628 991 687; x_wconf 83' lang='lat' dir='ltr'>generationis</span> <span class='ocrx_word' id='word_1_44' title='bbox 1012 625 1215 687; x_wconf 87' lang='lat' dir='ltr'>voluptas</span> <span class='ocrx_word' id='word_1_45' title='bbox 1232 626 1404 672; x_wconf 86' lang='lat' dir='ltr'>habitat</span> <span class='ocrx_word' id='word_1_46' title='bbox 1418 663 1430 683; x_wconf 83' lang='lat'><strong>‚</strong></span> 
     </span>
     <span class='ocr_line' id='line_1_7' title="bbox 37 697 1429 756; baseline 0.002 -17"><span class='ocrx_word' id='word_1_47' title='bbox 37 710 116 755; x_wconf 90' lang='lat' dir='ltr'>per</span> <span class='ocrx_word' id='word_1_48' title='bbox 141 711 274 756; x_wconf 89' lang='lat' dir='ltr'>quam</span> <span class='ocrx_word' id='word_1_49' title='bbox 296 697 343 740; x_wconf 90' lang='lat' dir='ltr'>in</span> <span class='ocrx_word' id='word_1_50' title='bbox 364 697 477 741; x_wconf 84' lang='lat' dir='ltr'>hanc</span> <span class='ocrx_word' id='word_1_51' title='bbox 507 713 798 743; x_wconf 72' lang='lat' dir='ltr'>aerumnosam</span> <span class='ocrx_word' id='word_1_52' title='bbox 826 708 869 743; x_wconf 91' lang='lat' dir='ltr'>et</span> <span class='ocrx_word' id='word_1_53' title='bbox 890 698 1054 743; x_wconf 88' lang='lat' dir='ltr'>fallacis</span> <span class='ocrx_word' id='word_1_54' title='bbox 1077 697 1241 742; x_wconf 81' lang='lat' dir='ltr'>laetitiae</span> <span class='ocrx_word' id='word_1_55' title='bbox 1262 698 1398 743; x_wconf 85' lang='lat' dir='ltr'>vitam</span> <span class='ocrx_word' id='word_1_56' title='bbox 1418 733 1429 754; x_wconf 89' lang='lat'>‚</span> 
     </span>
     <span class='ocr_line' id='line_1_8' title="bbox 38 768 1429 829; baseline 0.003 -19"><span class='ocrx_word' id='word_1_57' title='bbox 38 782 117 827; x_wconf 89' lang='lat' dir='ltr'>per</span> <span class='ocrx_word' id='word_1_58' title='bbox 144 768 457 812; x_wconf 90' lang='lat' dir='ltr'>successionem</span> <span class='ocrx_word' id='word_1_59' title='bbox 490 769 623 829; x_wconf 88' lang='lat' dir='ltr'>prolis</span> <span class='ocrx_word' id='word_1_60' title='bbox 667 780 822 815; x_wconf 85' lang='lat' dir='ltr'>natura</span> <span class='ocrx_word' id='word_1_61' title='bbox 860 770 1054 814; x_wconf 87' lang='lat' dir='ltr'>humana</span> <span class='ocrx_word' id='word_1_62' title='bbox 1092 768 1429 814; x_wconf 85' lang='lat' dir='ltr'>transfunditur.</span> 
     </span>
     <span class='ocr_line' id='line_1_9' title="bbox 38 840 1434 902; baseline 0.002 -20"><span class='ocrx_word' id='word_1_63' title='bbox 38 840 246 883; x_wconf 66' lang='lat' dir='ltr'>&#39;Scrutans</span> <span class='ocrx_word' id='word_1_64' title='bbox 269 855 370 898; x_wconf 82' lang='lat' dir='ltr'>ergo</span> <span class='ocrx_word' id='word_1_65' title='bbox 392 856 467 885; x_wconf 90' lang='lat' dir='ltr'>cor</span> <span class='ocrx_word' id='word_1_66' title='bbox 493 851 691 886; x_wconf 88' lang='lat' dir='ltr'>nostrum</span> <span class='ocrx_word' id='word_1_67' title='bbox 713 846 828 886; x_wconf 88' lang='lat' dir='ltr'>Deus</span> <span class='ocrx_word' id='word_1_68' title='bbox 845 877 855 897; x_wconf 88' lang='lat'><strong>‚</strong></span> <span class='ocrx_word' id='word_1_69' title='bbox 892 851 934 886; x_wconf 89' lang='lat' dir='ltr'>et</span> <span class='ocrx_word' id='word_1_70' title='bbox 956 842 1219 902; x_wconf 83' lang='lat' dir='ltr'>perspiciens</span> <span class='ocrx_word' id='word_1_71' title='bbox 1252 842 1314 885; x_wconf 89' lang='lat' dir='ltr'>ibi</span> <span class='ocrx_word' id='word_1_72' title='bbox 1343 857 1434 886; x_wconf 90' lang='lat' dir='ltr'>esse</span> 
     </span>
     <span class='ocr_line' id='line_1_10' title="bbox 38 909 1434 971; baseline 0.002 -18"><span class='ocrx_word' id='word_1_73' title='bbox 38 909 117 953; x_wconf 90' lang='lat' dir='ltr'>ubi</span> <span class='ocrx_word' id='word_1_74' title='bbox 134 919 198 955; x_wconf 91' lang='lat' dir='ltr'>est</span> <span class='ocrx_word' id='word_1_75' title='bbox 217 911 445 956; x_wconf 85' lang='lat' dir='ltr'>thesaurus</span> <span class='ocrx_word' id='word_1_76' title='bbox 466 923 614 957; x_wconf 89' lang='lat' dir='ltr'>noster</span> <span class='ocrx_word' id='word_1_77' title='bbox 630 916 642 939; x_wconf 86' lang='lat'><strong>¹</strong></span> <span class='ocrx_word' id='word_1_78' title='bbox 661 912 731 971; x_wconf 78' lang='lat' dir='ltr'>3id</span> <span class='ocrx_word' id='word_1_79' title='bbox 749 923 827 967; x_wconf 80' lang='lat' dir='ltr'>est,</span> <span class='ocrx_word' id='word_1_80' title='bbox 853 913 899 956; x_wconf 88' lang='lat' dir='ltr'>in</span> <span class='ocrx_word' id='word_1_81' title='bbox 917 911 1038 958; x_wconf 85' lang='lat' dir='ltr'>coelis</span> <span class='ocrx_word' id='word_1_82' title='bbox 1063 932 1071 957; x_wconf 81' lang='lat' dir='ltr'><strong><em>z</em></strong></span> <span class='ocrx_word' id='word_1_83' title='bbox 1092 922 1288 957; x_wconf 88' lang='lat' dir='ltr'>scrutans</span> <span class='ocrx_word' id='word_1_84' title='bbox 1301 913 1434 957; x_wconf 88' lang='lat' dir='ltr'>etiam</span> 
     </span>
     <span class='ocr_line' id='line_1_11' title="bbox 39 983 1434 1045; baseline 0.003 -21"><span class='ocrx_word' id='word_1_85' title='bbox 39 993 184 1037; x_wconf 79' lang='lat' dir='ltr'>renes,</span> <span class='ocrx_word' id='word_1_86' title='bbox 219 991 264 1027; x_wconf 91' lang='lat' dir='ltr'>et</span> <span class='ocrx_word' id='word_1_87' title='bbox 289 983 553 1043; x_wconf 83' lang='lat' dir='ltr'>perspiciens</span> <span class='ocrx_word' id='word_1_88' title='bbox 581 1000 670 1029; x_wconf 92' lang='lat' dir='ltr'>non</span> <span class='ocrx_word' id='word_1_89' title='bbox 702 1001 780 1029; x_wconf 88' lang='lat' dir='ltr'>nos</span> <span class='ocrx_word' id='word_1_90' title='bbox 811 985 1082 1045; x_wconf 83' lang='lat' dir='ltr'>acquiescere</span> <span class='ocrx_word' id='word_1_91' title='bbox 1112 985 1232 1029; x_wconf 87' lang='lat' dir='ltr'>carni</span> <span class='ocrx_word' id='word_1_92' title='bbox 1260 993 1304 1028; x_wconf 87' lang='lat' dir='ltr'>et</span> <span class='ocrx_word' id='word_1_93' title='bbox 1334 1001 1434 1028; x_wconf 88' lang='lat' dir='ltr'>san-</span> 
     </span>
     <span class='ocr_line' id='line_1_12' title="bbox 41 1051 1434 1115; baseline 0.005 -23"><span class='ocrx_word' id='word_1_94' title='bbox 41 1067 62 1092; x_wconf 84' lang='lat'>»</span> <span class='ocrx_word' id='word_1_95' title='bbox 86 1051 249 1110; x_wconf 77' lang='lat' dir='ltr'>guini²‚</span> <span class='ocrx_word' id='word_1_96' title='bbox 280 1071 301 1094; x_wconf 66' lang='grc' dir='ltr'>υ</span> <span class='ocrx_word' id='word_1_97' title='bbox 334 1053 410 1097; x_wconf 89' lang='lat' dir='ltr'>sed</span> <span class='ocrx_word' id='word_1_98' title='bbox 445 1053 653 1099; x_wconf 86' lang='lat' dir='ltr'>delectari</span> <span class='ocrx_word' id='word_1_99' title='bbox 680 1055 723 1098; x_wconf 87' lang='lat' dir='ltr'>in</span> <span class='ocrx_word' id='word_1_100' title='bbox 755 1056 964 1110; x_wconf 78' lang='lat' dir='ltr'>Domino,</span> <span class='ocrx_word' id='word_1_101' title='bbox 1004 1055 1151 1114; x_wconf 84' lang='lat' dir='ltr'>dirigit</span> <span class='ocrx_word' id='word_1_102' title='bbox 1185 1056 1353 1115; x_wconf 88' lang='lat' dir='ltr'>justum</span> <span class='ocrx_word' id='word_1_103' title='bbox 1388 1056 1434 1099; x_wconf 93' lang='lat' dir='ltr'>in</span> 
     </span>
     <span class='ocr_line' id='line_1_13' title="bbox 37 1121 1434 1181; baseline 0.004 -16"><span class='ocrx_word' id='word_1_104' title='bbox 37 1121 131 1181; x_wconf 81' lang='lat' dir='ltr'>ipsa.</span> <span class='ocrx_word' id='word_1_105' title='bbox 150 1124 414 1168; x_wconf 89' lang='lat' dir='ltr'>conscientia</span> <span class='ocrx_word' id='word_1_106' title='bbox 431 1141 577 1169; x_wconf 85' lang='lat' dir='ltr'>coram</span> <span class='ocrx_word' id='word_1_107' title='bbox 599 1142 664 1181; x_wconf 79' lang='lat' dir='ltr'>se,</span> <span class='ocrx_word' id='word_1_108' title='bbox 686 1126 764 1170; x_wconf 90' lang='lat' dir='ltr'>ubi</span> <span class='ocrx_word' id='word_1_109' title='bbox 786 1125 934 1170; x_wconf 87' lang='lat' dir='ltr'>nullus</span> <span class='ocrx_word' id='word_1_110' title='bbox 954 1126 1186 1170; x_wconf 90' lang='lat' dir='ltr'>hominum</span> <span class='ocrx_word' id='word_1_111' title='bbox 1202 1125 1338 1181; x_wconf 84' lang='lat' dir='ltr'>videt,</span> <span class='ocrx_word' id='word_1_112' title='bbox 1357 1124 1434 1170; x_wconf 89' lang='lat' dir='ltr'>sed</span> 
     </span>
     <span class='ocr_line' id='line_1_14' title="bbox 38 1192 1435 1257; baseline 0.002 -21"><span class='ocrx_word' id='word_1_113' title='bbox 38 1192 154 1237; x_wconf 90' lang='lat' dir='ltr'>solus</span> <span class='ocrx_word' id='word_1_114' title='bbox 167 1193 239 1238; x_wconf 91' lang='lat' dir='ltr'>ille</span> <span class='ocrx_word' id='word_1_115' title='bbox 260 1195 337 1255; x_wconf 88' lang='lat' dir='ltr'>qui</span> <span class='ocrx_word' id='word_1_116' title='bbox 354 1196 559 1255; x_wconf 85' lang='lat' dir='ltr'>perspicit</span> <span class='ocrx_word' id='word_1_117' title='bbox 580 1194 687 1256; x_wconf 88' lang='lat' dir='ltr'>quid</span> <span class='ocrx_word' id='word_1_118' title='bbox 701 1196 886 1256; x_wconf 87' lang='lat' dir='ltr'>quisque</span> <span class='ocrx_word' id='word_1_119' title='bbox 899 1196 1075 1255; x_wconf 80' lang='lat' dir='ltr'>cogitet,</span> <span class='ocrx_word' id='word_1_120' title='bbox 1093 1206 1137 1241; x_wconf 90' lang='lat' dir='ltr'>et</span> <span class='ocrx_word' id='word_1_121' title='bbox 1149 1195 1258 1257; x_wconf 88' lang='lat' dir='ltr'>quid</span> <span class='ocrx_word' id='word_1_122' title='bbox 1278 1210 1435 1257; x_wconf 89' lang='lat' dir='ltr'>quem-</span> 
     </span>
     <span class='ocr_line' id='line_1_15' title="bbox 38 1262 1435 1327; baseline 0.003 -21"><span class='ocrx_word' id='word_1_123' title='bbox 38 1278 125 1322; x_wconf 91' lang='lat' dir='ltr'>que</span> <span class='ocrx_word' id='word_1_124' title='bbox 148 1262 347 1308; x_wconf 86' lang='lat' dir='ltr'>delectet.</span> <span class='ocrx_word' id='word_1_125' title='bbox 370 1265 488 1309; x_wconf 84' lang='lat' dir='ltr'>Finis</span> <span class='ocrx_word' id='word_1_126' title='bbox 510 1266 626 1309; x_wconf 88' lang='lat' dir='ltr'>enim</span> <span class='ocrx_word' id='word_1_127' title='bbox 648 1283 764 1310; x_wconf 74' lang='lat' dir='ltr'>curae</span> <span class='ocrx_word' id='word_1_128' title='bbox 776 1265 1008 1311; x_wconf 82' lang='lat' dir='ltr'>delectatio</span> <span class='ocrx_word' id='word_1_129' title='bbox 1027 1277 1111 1322; x_wconf 78' lang='lat' dir='ltr'>est,</span> <span class='ocrx_word' id='word_1_130' title='bbox 1129 1267 1231 1327; x_wconf 88' lang='lat' dir='ltr'>quia</span> <span class='ocrx_word' id='word_1_131' title='bbox 1246 1282 1296 1311; x_wconf 92' lang='lat' dir='ltr'>eo</span> <span class='ocrx_word' id='word_1_132' title='bbox 1314 1266 1435 1327; x_wconf 49' lang='lat' dir='ltr'>quis&lt;-</span> 
     </span>
     <span class='ocr_line' id='line_1_16' title="bbox 38 1334 1434 1394; baseline 0.002 -17"><span class='ocrx_word' id='word_1_133' title='bbox 38 1348 126 1393; x_wconf 88' lang='lat' dir='ltr'>que</span> <span class='ocrx_word' id='word_1_134' title='bbox 147 1334 260 1378; x_wconf 92' lang='lat' dir='ltr'>curis</span> <span class='ocrx_word' id='word_1_135' title='bbox 282 1344 325 1378; x_wconf 87' lang='lat' dir='ltr'>et</span> <span class='ocrx_word' id='word_1_136' title='bbox 339 1335 678 1394; x_wconf 83' lang='lat' dir='ltr'>cogitationibus</span> <span class='ocrx_word' id='word_1_137' title='bbox 697 1337 873 1391; x_wconf 79' lang='lat' dir='ltr'>nititur,</span> <span class='ocrx_word' id='word_1_138' title='bbox 894 1346 945 1381; x_wconf 94' lang='lat' dir='ltr'>ut</span> <span class='ocrx_word' id='word_1_139' title='bbox 961 1336 1015 1381; x_wconf 87' lang='lat' dir='ltr'>ad</span> <span class='ocrx_word' id='word_1_140' title='bbox 1031 1352 1152 1381; x_wconf 91' lang='lat' dir='ltr'>suam</span> <span class='ocrx_word' id='word_1_141' title='bbox 1175 1336 1434 1381; x_wconf 87' lang='lat' dir='ltr'>delectatio-</span> 
     </span>
     <span class='ocr_line' id='line_1_17' title="bbox 37 1404 1436 1467; baseline 0.002 -20"><span class='ocrx_word' id='word_1_142' title='bbox 37 1418 140 1447; x_wconf 87' lang='lat' dir='ltr'>nem</span> <span class='ocrx_word' id='word_1_143' title='bbox 161 1405 398 1464; x_wconf 88' lang='lat' dir='ltr'>perveniat.</span> <span class='ocrx_word' id='word_1_144' title='bbox 426 1404 556 1449; x_wconf 90' lang='lat' dir='ltr'>Videt</span> <span class='ocrx_word' id='word_1_145' title='bbox 589 1406 721 1465; x_wconf 84' lang='lat' dir='ltr'>igitur</span> <span class='ocrx_word' id='word_1_146' title='bbox 743 1423 866 1451; x_wconf 87' lang='lat' dir='ltr'>curas</span> <span class='ocrx_word' id='word_1_147' title='bbox 895 1416 1061 1452; x_wconf 87' lang='lat' dir='ltr'>nostras</span> <span class='ocrx_word' id='word_1_148' title='bbox 1077 1442 1087 1461; x_wconf 80' lang='lat'>,</span> <span class='ocrx_word' id='word_1_149' title='bbox 1115 1407 1191 1467; x_wconf 92' lang='lat' dir='ltr'>qui</span> <span class='ocrx_word' id='word_1_150' title='bbox 1215 1416 1436 1451; x_wconf 87' lang='lat' dir='ltr'>scrutatur</span> 
     </span>
     <span class='ocr_line' id='line_1_18' title="bbox 39 1474 1436 1537; baseline 0.003 -20"><span class='ocrx_word' id='word_1_151' title='bbox 39 1489 137 1532; x_wconf 76' lang='lat' dir='ltr'>cor3</span> <span class='ocrx_word' id='word_1_152' title='bbox 161 1474 280 1519; x_wconf 88' lang='lat' dir='ltr'>videt</span> <span class='ocrx_word' id='word_1_153' title='bbox 302 1485 447 1519; x_wconf 87' lang='lat' dir='ltr'>autem</span> <span class='ocrx_word' id='word_1_154' title='bbox 467 1478 576 1521; x_wconf 86' lang='lat' dir='ltr'>fines</span> <span class='ocrx_word' id='word_1_155' title='bbox 598 1493 819 1532; x_wconf 81' lang='lat' dir='ltr'>curarum⁷</span> <span class='ocrx_word' id='word_1_156' title='bbox 840 1476 886 1521; x_wconf 92' lang='lat' dir='ltr'>id</span> <span class='ocrx_word' id='word_1_157' title='bbox 909 1486 986 1533; x_wconf 83' lang='lat' dir='ltr'>est,</span> <span class='ocrx_word' id='word_1_158' title='bbox 1013 1476 1338 1532; x_wconf 84' lang='lat' dir='ltr'>delectationes,</span> <span class='ocrx_word' id='word_1_159' title='bbox 1357 1477 1436 1537; x_wconf 88' lang='lat' dir='ltr'>qui</span> 
     </span>
     <span class='ocr_line' id='line_1_19' title="bbox 36 1547 1435 1608; baseline 0.001 -19"><span class='ocrx_word' id='word_1_160' title='bbox 36 1555 336 1604; x_wconf 88' lang='lat' dir='ltr'>perscrutatur</span> <span class='ocrx_word' id='word_1_161' title='bbox 356 1562 480 1591; x_wconf 88' lang='lat' dir='ltr'>renes</span> <span class='ocrx_word' id='word_1_162' title='bbox 502 1567 510 1592; x_wconf 74' lang='grc' dir='ltr'>ε</span> <span class='ocrx_word' id='word_1_163' title='bbox 542 1557 592 1592; x_wconf 90' lang='lat' dir='ltr'>ut</span> <span class='ocrx_word' id='word_1_164' title='bbox 607 1564 710 1592; x_wconf 88' lang='lat' dir='ltr'>cum</span> <span class='ocrx_word' id='word_1_165' title='bbox 739 1549 975 1603; x_wconf 76' lang='lat' dir='ltr'>invenerit,</span> <span class='ocrx_word' id='word_1_166' title='bbox 1008 1564 1098 1593; x_wconf 91' lang='lat' dir='ltr'>non</span> <span class='ocrx_word' id='word_1_167' title='bbox 1126 1547 1181 1593; x_wconf 87' lang='lat' dir='ltr'>ad</span> <span class='ocrx_word' id='word_1_168' title='bbox 1203 1549 1435 1608; x_wconf 87' lang='lat' dir='ltr'>concupis-</span> 
     </span>
     <span class='ocr_line' id='line_1_20' title="bbox 39 1617 1430 1680; baseline 0.002 -19"><span class='ocrx_word' id='word_1_169' title='bbox 39 1617 228 1662; x_wconf 87' lang='lat' dir='ltr'>centiam</span> <span class='ocrx_word' id='word_1_170' title='bbox 261 1619 422 1674; x_wconf 87' lang='lat' dir='ltr'>carnis,</span> <span class='ocrx_word' id='word_1_171' title='bbox 457 1634 601 1680; x_wconf 89' lang='lat' dir='ltr'>neque</span> <span class='ocrx_word' id='word_1_172' title='bbox 645 1618 700 1664; x_wconf 89' lang='lat' dir='ltr'>ad</span> <span class='ocrx_word' id='word_1_173' title='bbox 738 1620 1137 1679; x_wconf 85' lang='lat' dir='ltr'>concupiscentiam</span> <span class='ocrx_word' id='word_1_174' title='bbox 1171 1619 1401 1665; x_wconf 89' lang='lat' dir='ltr'>oculorum</span> <span class='ocrx_word' id='word_1_175' title='bbox 1418 1655 1430 1675; x_wconf 81' lang='lat'>‚</span> 
     </span>
     <span class='ocr_line' id='line_1_21' title="bbox 38 1687 1433 1752; baseline 0.003 -21"><span class='ocrx_word' id='word_1_176' title='bbox 38 1702 182 1749; x_wconf 88' lang='lat' dir='ltr'>neque</span> <span class='ocrx_word' id='word_1_177' title='bbox 204 1687 260 1733; x_wconf 89' lang='lat' dir='ltr'>ad</span> <span class='ocrx_word' id='word_1_178' title='bbox 277 1689 562 1734; x_wconf 88' lang='lat' dir='ltr'>ambitionem</span> <span class='ocrx_word' id='word_1_179' title='bbox 582 1691 729 1736; x_wconf 84' lang='lat' dir='ltr'>saeculi</span> <span class='ocrx_word' id='word_1_180' title='bbox 745 1727 756 1746; x_wconf 80' lang='lat'>‚</span> <span class='ocrx_word' id='word_1_181' title='bbox 782 1707 881 1752; x_wconf 87' lang='lat' dir='ltr'>quae</span> <span class='ocrx_word' id='word_1_182' title='bbox 899 1691 1045 1736; x_wconf 85' lang='lat' dir='ltr'>omnia</span> <span class='ocrx_word' id='word_1_183' title='bbox 1077 1700 1306 1735; x_wconf 88' lang='lat' dir='ltr'>transeunt</span> <span class='ocrx_word' id='word_1_184' title='bbox 1333 1700 1433 1735; x_wconf 84' lang='lat' dir='ltr'>tan-</span> 
     </span>
     <span class='ocr_line' id='line_1_22' title="bbox 38 1759 1434 1820; baseline 0.001 -17"><span class='ocrx_word' id='word_1_185' title='bbox 38 1774 171 1820; x_wconf 85' lang='lat' dir='ltr'>quam</span> <span class='ocrx_word' id='word_1_186' title='bbox 207 1759 416 1815; x_wconf 80' lang='lat' dir='ltr'>umbra³‚</span> <span class='ocrx_word' id='word_1_187' title='bbox 458 1760 658 1805; x_wconf 85' lang='lat' dir='ltr'>inclinari</span> <span class='ocrx_word' id='word_1_188' title='bbox 689 1777 815 1806; x_wconf 87' lang='lat' dir='ltr'>curas</span> <span class='ocrx_word' id='word_1_189' title='bbox 850 1771 1045 1816; x_wconf 78' lang='lat' dir='ltr'>nostras⁷</span> <span class='ocrx_word' id='word_1_190' title='bbox 1074 1760 1150 1806; x_wconf 90' lang='lat' dir='ltr'>sed</span> <span class='ocrx_word' id='word_1_191' title='bbox 1191 1760 1247 1806; x_wconf 85' lang='lat' dir='ltr'>ad</span> <span class='ocrx_word' id='word_1_192' title='bbox 1278 1760 1434 1820; x_wconf 78' lang='lat' dir='ltr'>gaudia</span> 
     </span>
     <span class='ocr_line' id='line_1_23' title="bbox 18 1831 1434 1893; baseline 0.002 -20"><span class='ocrx_word' id='word_1_193' title='bbox 18 1831 19 1834; x_wconf 69' lang='grc'>’</span> <span class='ocrx_word' id='word_1_194' title='bbox 38 1845 185 1874; x_wconf 87' lang='lat' dir='ltr'>rerum</span> <span class='ocrx_word' id='word_1_195' title='bbox 206 1839 469 1875; x_wconf 83' lang='lat' dir='ltr'>aeternarum</span> <span class='ocrx_word' id='word_1_196' title='bbox 494 1831 686 1887; x_wconf 82' lang='lat' dir='ltr'>sustolli,</span> <span class='ocrx_word' id='word_1_197' title='bbox 712 1849 811 1893; x_wconf 67' lang='lat' dir='ltr'>quac</span> <span class='ocrx_word' id='word_1_198' title='bbox 833 1832 954 1876; x_wconf 89' lang='lat' dir='ltr'>nulla</span> <span class='ocrx_word' id='word_1_199' title='bbox 977 1833 1321 1877; x_wconf 86' lang='lat' dir='ltr'>commutatione</span> <span class='ocrx_word' id='word_1_200' title='bbox 1337 1832 1434 1876; x_wconf 90' lang='lat' dir='ltr'>vio-</span> 
     </span>
     <span class='ocr_line' id='line_1_24' title="bbox 38 1899 1435 1962; baseline 0.002 -19"><span class='ocrx_word' id='word_1_201' title='bbox 38 1899 201 1955; x_wconf 75' lang='lat' dir='ltr'>lantur,</span> <span class='ocrx_word' id='word_1_202' title='bbox 213 1900 372 1961; x_wconf 82' lang='lat' dir='ltr'>dirigat</span> <span class='ocrx_word' id='word_1_203' title='bbox 386 1903 571 1962; x_wconf 80' lang='lat' dir='ltr'>justum,</span> <span class='ocrx_word' id='word_1_204' title='bbox 587 1912 783 1947; x_wconf 88' lang='lat' dir='ltr'>scrutans</span> <span class='ocrx_word' id='word_1_205' title='bbox 802 1901 933 1947; x_wconf 85' lang='lat' dir='ltr'>corda</span> <span class='ocrx_word' id='word_1_206' title='bbox 951 1912 995 1947; x_wconf 93' lang='lat' dir='ltr'>et</span> <span class='ocrx_word' id='word_1_207' title='bbox 1012 1918 1134 1947; x_wconf 89' lang='lat' dir='ltr'>renes</span> <span class='ocrx_word' id='word_1_208' title='bbox 1150 1906 1279 1947; x_wconf 91' lang='lat' dir='ltr'>Deus.</span> <span class='ocrx_word' id='word_1_209' title='bbox 1292 1904 1435 1962; x_wconf 87' lang='lat' dir='ltr'>Opera</span> 
     </span>
     <span class='ocr_line' id='line_1_25' title="bbox 39 1970 1434 2032; baseline 0.001 -18"><span class='ocrx_word' id='word_1_210' title='bbox 39 1970 154 2014; x_wconf 91' lang='lat' dir='ltr'>enim</span> <span class='ocrx_word' id='word_1_211' title='bbox 178 1980 326 2015; x_wconf 87' lang='lat' dir='ltr'>nostra</span> <span class='ocrx_word' id='word_1_212' title='bbox 342 2007 352 2026; x_wconf 82' lang='lat'>,</span> <span class='ocrx_word' id='word_1_213' title='bbox 375 1988 475 2032; x_wconf 88' lang='lat' dir='ltr'>quae</span> <span class='ocrx_word' id='word_1_214' title='bbox 492 1971 616 2016; x_wconf 84' lang='lat' dir='ltr'>factis</span> <span class='ocrx_word' id='word_1_215' title='bbox 634 1982 678 2017; x_wconf 92' lang='lat' dir='ltr'>et</span> <span class='ocrx_word' id='word_1_216' title='bbox 693 1972 820 2017; x_wconf 87' lang='lat' dir='ltr'>dictis</span> <span class='ocrx_word' id='word_1_217' title='bbox 842 1987 1074 2032; x_wconf 79' lang='lat' dir='ltr'>operamur</span> <span class='ocrx_word' id='word_1_218' title='bbox 1095 2008 1106 2027; x_wconf 79' lang='grc'>,</span> <span class='ocrx_word' id='word_1_219' title='bbox 1131 1981 1315 2032; x_wconf 83' lang='lat' dir='ltr'>possunt</span> <span class='ocrx_word' id='word_1_220' title='bbox 1343 1988 1434 2016; x_wconf 90' lang='lat' dir='ltr'>esse</span> 
     </span>
     <span class='ocr_line' id='line_1_26' title="bbox 39 2040 1434 2102; baseline 0.001 -19"><span class='ocrx_word' id='word_1_221' title='bbox 39 2049 142 2084; x_wconf 86' lang='lat' dir='ltr'>nota</span> <span class='ocrx_word' id='word_1_222' title='bbox 154 2041 407 2086; x_wconf 88' lang='lat' dir='ltr'>hominibus</span> <span class='ocrx_word' id='word_1_223' title='bbox 424 2061 432 2085; x_wconf 78' lang='grc' dir='ltr'>ε</span> <span class='ocrx_word' id='word_1_224' title='bbox 459 2040 534 2086; x_wconf 89' lang='lat' dir='ltr'>sed</span> <span class='ocrx_word' id='word_1_225' title='bbox 553 2058 642 2102; x_wconf 89' lang='lat' dir='ltr'>quo</span> <span class='ocrx_word' id='word_1_226' title='bbox 661 2043 805 2086; x_wconf 89' lang='lat' dir='ltr'>animo</span> <span class='ocrx_word' id='word_1_227' title='bbox 817 2043 926 2086; x_wconf 84' lang='lat' dir='ltr'>fiant</span> <span class='ocrx_word' id='word_1_228' title='bbox 941 2076 952 2097; x_wconf 60' lang='lat'><strong>7</strong></span> <span class='ocrx_word' id='word_1_229' title='bbox 972 2051 1016 2086; x_wconf 91' lang='lat' dir='ltr'>et</span> <span class='ocrx_word' id='word_1_230' title='bbox 1033 2046 1123 2102; x_wconf 82' lang='lat' dir='ltr'>qu‘o</span> <span class='ocrx_word' id='word_1_231' title='bbox 1138 2057 1216 2102; x_wconf 90' lang='lat' dir='ltr'>per</span> <span class='ocrx_word' id='word_1_232' title='bbox 1237 2041 1310 2086; x_wconf 85' lang='lat' dir='ltr'>illa</span> <span class='ocrx_word' id='word_1_233' title='bbox 1333 2057 1434 2102; x_wconf 87' lang='lat' dir='ltr'>per-</span> 
     </span>
     <span class='ocr_line' id='line_1_27' title="bbox 38 2112 1435 2173; baseline 0.001 -18"><span class='ocrx_word' id='word_1_234' title='bbox 38 2112 187 2156; x_wconf 86' lang='lat' dir='ltr'>venire</span> <span class='ocrx_word' id='word_1_235' title='bbox 209 2112 456 2172; x_wconf 80' lang='lat' dir='ltr'>cupiamus,</span> <span class='ocrx_word' id='word_1_236' title='bbox 476 2113 592 2157; x_wconf 88' lang='lat' dir='ltr'>solus</span> <span class='ocrx_word' id='word_1_237' title='bbox 613 2112 687 2157; x_wconf 90' lang='lat' dir='ltr'>ille</span> <span class='ocrx_word' id='word_1_238' title='bbox 708 2113 829 2158; x_wconf 89' lang='lat' dir='ltr'>novit</span> <span class='ocrx_word' id='word_1_239' title='bbox 846 2148 857 2168; x_wconf 71' lang='lat'>7</span> <span class='ocrx_word' id='word_1_240' title='bbox 893 2113 971 2173; x_wconf 87' lang='lat' dir='ltr'>qui</span> <span class='ocrx_word' id='word_1_241' title='bbox 998 2121 1216 2157; x_wconf 87' lang='lat' dir='ltr'>scrutatur</span> <span class='ocrx_word' id='word_1_242' title='bbox 1237 2113 1369 2157; x_wconf 87' lang='lat' dir='ltr'>corda</span> <span class='ocrx_word' id='word_1_243' title='bbox 1390 2122 1435 2157; x_wconf 84' lang='lat' dir='ltr'>et</span> 
     </span>
     <span class='ocr_line' id='line_1_28' title="bbox 39 2186 304 2228; baseline 0.004 -2"><span class='ocrx_word' id='word_1_244' title='bbox 39 2197 163 2227; x_wconf 84' lang='lat' dir='ltr'>renes</span> <span class='ocrx_word' id='word_1_245' title='bbox 175 2186 304 2228; x_wconf 91' lang='lat' dir='ltr'>Deus.</span> 
     </span>
     <span class='ocr_line' id='line_1_29' title="bbox 97 2252 1436 2314; baseline 0.001 -17"><span class='ocrx_word' id='word_1_246' title='bbox 97 2256 156 2297; x_wconf 88' lang='lat' dir='ltr'>X.</span> <span class='ocrx_word' id='word_1_247' title='bbox 182 2271 202 2296; x_wconf 90' lang='lat'>«</span> <span class='ocrx_word' id='word_1_248' title='bbox 223 2256 398 2297; x_wconf 87' lang='lat' dir='ltr'>Justum</span> <span class='ocrx_word' id='word_1_249' title='bbox 420 2253 627 2298; x_wconf 86' lang='lat' dir='ltr'>auxilium</span> <span class='ocrx_word' id='word_1_250' title='bbox 643 2269 789 2298; x_wconf 91' lang='lat' dir='ltr'>meum</span> <span class='ocrx_word' id='word_1_251' title='bbox 811 2269 835 2298; x_wconf 90' lang='lat' dir='ltr'>a</span> <span class='ocrx_word' id='word_1_252' title='bbox 850 2254 1053 2309; x_wconf 75' lang='lat' dir='ltr'>Domino,</span> <span class='ocrx_word' id='word_1_253' title='bbox 1074 2253 1150 2314; x_wconf 90' lang='lat' dir='ltr'>qui</span> <span class='ocrx_word' id='word_1_254' title='bbox 1171 2252 1310 2298; x_wconf 89' lang='lat' dir='ltr'>salvos</span> <span class='ocrx_word' id='word_1_255' title='bbox 1331 2252 1436 2298; x_wconf 87' lang='lat' dir='ltr'>facit</span> 
     </span>
     <span class='ocr_line' id='line_1_30' title="bbox 42 2322 1434 2386; baseline 0.002 -20"><span class='ocrx_word' id='word_1_256' title='bbox 42 2341 65 2366; x_wconf 62' lang='lat' dir='ltr'>a)</span> <span class='ocrx_word' id='word_1_257' title='bbox 100 2333 241 2369; x_wconf 89' lang='lat' dir='ltr'>rectos</span> <span class='ocrx_word' id='word_1_258' title='bbox 262 2323 430 2369; x_wconf 44' lang='lat' dir='ltr'>corde&amp;</span> <span class='ocrx_word' id='word_1_259' title='bbox 452 2343 472 2366; x_wconf 70' lang='lat'>³&gt;</span> <span class='ocrx_word' id='word_1_260' title='bbox 497 2327 595 2369; x_wconf 91' lang='lat' dir='ltr'>Duo</span> <span class='ocrx_word' id='word_1_261' title='bbox 619 2334 722 2369; x_wconf 92' lang='lat' dir='ltr'>sunt</span> <span class='ocrx_word' id='word_1_262' title='bbox 742 2325 886 2370; x_wconf 80' lang='lat' dir='ltr'>officia</span> <span class='ocrx_word' id='word_1_263' title='bbox 906 2322 1159 2382; x_wconf 79' lang='lat' dir='ltr'>medicinae3</span> <span class='ocrx_word' id='word_1_264' title='bbox 1184 2340 1325 2369; x_wconf 93' lang='lat' dir='ltr'>unum</span> <span class='ocrx_word' id='word_1_265' title='bbox 1344 2339 1434 2386; x_wconf 89' lang='lat' dir='ltr'>quo</span> 
     </span>
     <span class='ocr_line' id='line_1_31' title="bbox 13 2379 1436 2457; baseline 0.001 -18"><span class='ocrx_word' id='word_1_266' title='bbox 13 2379 26 2395; x_wconf 57' lang='lat'><strong><em>⁴</em></strong></span> <span class='ocrx_word' id='word_1_267' title='bbox 40 2404 218 2439; x_wconf 86' lang='lat' dir='ltr'>sanatur</span> <span class='ocrx_word' id='word_1_268' title='bbox 239 2395 489 2450; x_wconf 79' lang='lat' dir='ltr'>infirmitaS‚</span> <span class='ocrx_word' id='word_1_269' title='bbox 514 2395 699 2440; x_wconf 89' lang='lat' dir='ltr'>alterum</span> <span class='ocrx_word' id='word_1_270' title='bbox 721 2413 810 2457; x_wconf 89' lang='lat' dir='ltr'>quo</span> <span class='ocrx_word' id='word_1_271' title='bbox 837 2397 996 2441; x_wconf 83' lang='lat' dir='ltr'>sanitas</span> <span class='ocrx_word' id='word_1_272' title='bbox 1017 2395 1278 2441; x_wconf 88' lang='lat' dir='ltr'>custoditur.</span> <span class='ocrx_word' id='word_1_273' title='bbox 1304 2399 1436 2441; x_wconf 83' lang='lat' dir='ltr'>Juxta</span> 
     </span>
     <span class='ocr_line' id='line_1_32' title="bbox 42 2464 1435 2527; baseline 0.001 -18"><span class='ocrx_word' id='word_1_274' title='bbox 42 2464 155 2510; x_wconf 82' lang='lat' dir='ltr'>illud</span> <span class='ocrx_word' id='word_1_275' title='bbox 170 2466 377 2526; x_wconf 83' lang='lat' dir='ltr'>primum,</span> <span class='ocrx_word' id='word_1_276' title='bbox 394 2466 563 2510; x_wconf 86' lang='lat' dir='ltr'>dictum</span> <span class='ocrx_word' id='word_1_277' title='bbox 584 2476 648 2511; x_wconf 91' lang='lat' dir='ltr'>est</span> <span class='ocrx_word' id='word_1_278' title='bbox 664 2467 710 2510; x_wconf 91' lang='lat' dir='ltr'>in</span> <span class='ocrx_word' id='word_1_279' title='bbox 726 2467 947 2527; x_wconf 88' lang='lat' dir='ltr'>superiore</span> <span class='ocrx_word' id='word_1_280' title='bbox 963 2467 1134 2512; x_wconf 87' lang='lat' dir='ltr'>Psalmo</span> <span class='ocrx_word' id='word_1_281' title='bbox 1155 2486 1165 2511; x_wconf 88' lang='lat'><strong>:</strong></span> <span class='ocrx_word' id='word_1_282' title='bbox 1191 2486 1210 2509; x_wconf 90' lang='lat'>«</span> <span class='ocrx_word' id='word_1_283' title='bbox 1230 2467 1435 2513; x_wconf 90' lang='lat' dir='ltr'>Miserere</span> 
     </span>
    </p>
   </div>
   <div class='ocr_carea' id='block_1_3' title="bbox 43 2561 1432 2659">
    <p class='ocr_par' dir='ltr' id='par_1_3' title="bbox 43 2561 1432 2659">
     <span class='ocr_line' id='line_1_33' title="bbox 91 2561 1432 2606; baseline 0.001 -12"><span class='ocrx_word' id='word_1_284' title='bbox 91 2568 100 2584; x_wconf 93' lang='lat'>¹</span> <span class='ocrx_word' id='word_1_285' title='bbox 121 2564 213 2595; x_wconf 86' lang='lat' dir='ltr'>Matt.</span> <span class='ocrx_word' id='word_1_286' title='bbox 233 2572 278 2605; x_wconf 82' lang='lat' dir='ltr'>vi,</span> <span class='ocrx_word' id='word_1_287' title='bbox 295 2571 352 2596; x_wconf 83' lang='lat'>21.</span> <span class='ocrx_word' id='word_1_288' title='bbox 374 2579 418 2586; x_wconf 94' lang='lat'><em>-</em></span> <span class='ocrx_word' id='word_1_289' title='bbox 436 2569 451 2586; x_wconf 83' lang='lat'>²</span> <span class='ocrx_word' id='word_1_290' title='bbox 469 2562 571 2596; x_wconf 83' lang='lat' dir='ltr'>Galat.</span> <span class='ocrx_word' id='word_1_291' title='bbox 589 2574 640 2605; x_wconf 74' lang='lat' dir='ltr'>vx,</span> <span class='ocrx_word' id='word_1_292' title='bbox 663 2562 716 2595; x_wconf 91' lang='lat'>16.</span> <span class='ocrx_word' id='word_1_293' title='bbox 745 2579 788 2587; x_wconf 83' lang='lat'>—-</span> <span class='ocrx_word' id='word_1_294' title='bbox 813 2561 828 2587; x_wconf 80' lang='lat'>3</span> <span class='ocrx_word' id='word_1_295' title='bbox 849 2575 863 2596; x_wconf 91' lang='lat'>1</span> <span class='ocrx_word' id='word_1_296' title='bbox 895 2564 985 2596; x_wconf 83' lang='lat' dir='ltr'>Ioan.</span> <span class='ocrx_word' id='word_1_297' title='bbox 1004 2574 1045 2605; x_wconf 90' lang='lat' dir='ltr'>u,</span> <span class='ocrx_word' id='word_1_298' title='bbox 1069 2562 1109 2597; x_wconf 87' lang='lat'>16</span> <span class='ocrx_word' id='word_1_299' title='bbox 1123 2587 1134 2606; x_wconf 91' lang='lat'><em>,</em></span> <span class='ocrx_word' id='word_1_300' title='bbox 1168 2574 1220 2606; x_wconf 88' lang='lat'>¹7·</span> <span class='ocrx_word' id='word_1_301' title='bbox 1252 2580 1295 2587; x_wconf 89' lang='lat'>—</span> <span class='ocrx_word' id='word_1_302' title='bbox 1313 2562 1330 2595; x_wconf 75' lang='lat'><em>4</em></span> <span class='ocrx_word' id='word_1_303' title='bbox 1347 2563 1432 2596; x_wconf 86' lang='lat' dir='ltr'>Psal.</span> 
     </span>
     <span class='ocr_line' id='line_1_34' title="bbox 43 2627 172 2659; baseline 0.008 -10"><span class='ocrx_word' id='word_1_304' title='bbox 43 2627 102 2659; x_wconf 81' lang='lat' dir='ltr'>vu,</span> <span class='ocrx_word' id='word_1_305' title='bbox 119 2629 172 2650; x_wconf 80' lang='grc' dir='ltr'>ιι.</span> 
     </span>
    </p>
   </div>
  </div>
 </body>
</html>
