1833 3284
352 187 434 224 208
765 195 798 220 s.
835 191 1063 219 Auovs'nm
1096 191 1277 219 El‘lscom

358 283 374 303 υ
403 261 516 305 niam
541 257 763 318 requirens
787 257 1043 315 sanguinem
1065 272 1215 301 eorum
1238 263 1500 299 memoratus
1521 262 1606 309 est,
1634 271 1653 295 »
1695 253 1741 298 id

354 341 438 386 est,
468 330 609 375 veniet
635 327 836 372 ultimum
864 327 1106 387 judicium,
1131 326 1208 370 ubi
1229 334 1272 369 et
1294 324 1622 369 interfectorum
1646 323 1742 383 glo-

355 404 414 447 ria
433 437 443 457 ‚
467 411 510 445 et
530 400 881 444 interficientium
905 414 1035 458 poena
1061 396 1285 441 manifesta
1313 396 1398 441 sit?
1431 416 1450 438 «
1475 399 1742 441 Memoratus

356 492 376 514 ³>
396 482 493 517 θεῖ»
521 481 666 516 autem
683 507 693 526 ,
720 486 848 514 nemo
872 470 930 513 ita
955 469 1144 529 positum
1167 478 1318 528 putet,
1344 468 1465 528 quasi
1484 466 1647 511 oblivio
1669 482 1742 510 ‹sa-

353 544 428 588 dat
457 545 502 588 in
526 546 663 586 Deum
688 560 697 586 2
727 540 802 585 sed
827 540 928 600 quia
948 549 1044 600 post
1060 539 1242 598 longum
1262 548 1431 598 tempus
1454 537 1653 582 futurum
1682 545 1745 581 est

346 614 587 675 judicium,
609 611 851 657 seeundum
878 612 1086 655 affectum
1108 610 1380 655 infirmorum
1408 609 1638 654 hominum
1663 624 1743 668 po-

353 686 483 729 situm
507 693 593 739 est,
617 683 691 744 qui
708 681 830 743 quasi
854 681 1041 726 oblitum
1064 685 1203 725 Deum
1226 690 1399 741 putant,
1425 681 1526 741 quia
1548 696 1636 724 non
1657 688 1745 723 lam

353 757 439 799 cito
460 754 560 798 facit
585 769 718 814 quam
741 753 820 813 ipsi
837 751 1008 797 volunt.
1033 751 1106 795 His
1129 751 1288 797 dieitur
1304 752 1435 795 etiam
1456 750 1578 812 quod
1599 747 1746 810 sequi-

354 835 423 870 tur
449 845 457 870 :
488 844 508 867 «
533 828 631 871 Non
660 833 722 868 est
750 822 911 868 oblitus
939 822 1173 867 clamorem
1195 823 1466 883 pauperuml
1500 841 1509 866 2
1537 840 1557 863 »
1584 821 1630 865 id
1652 829 1743 875 est,

355 913 445 942 11011
466 906 515 940 ut
538 895 721 956 putatis,
748 893 910 938 oblitus
933 903 996 938 est
1027 912 1036 938 ι
1068 893 1191 954 quasi
1213 893 1434 948 dicerent,
1460 902 1747 954 posteaquam

356 969 612 1024 audierunt,
649 988 664 1007 «
680 970 945 1012 Memoratus
974 975 1056 1021 est,
1080 985 1099 1007 »
1133 969 1250 1025 Ergo
1273 966 1435 1010 oblitus
1456 975 1576 1021 erat,
1606 984 1626 1007 «
1650 966 1748 1010 Non

357 1059 378 1081 »
404 1038 668 1093 estoblitus‚
694 1037 864 1097 inquit,
890 1037 1125 1081 clamorem
1147 1052 1405 1096 pauperum.
1431 1055 1450 1078 >›

416 1114 534 1155 XIV.
559 1109 644 1155 Sed
666 1125 815 1170 quaero
833 1109 929 1169 quis
948 1107 1112 1152 elamor
1129 1123 1371 1168 pauperum
1393 1108 1462 1163 sit,
1484 1122 1613 1168 quem
1634 1110 1749 1151 Deus

355 1199 444 1227 11011
468 1180 768 1226 obliviscitur?
798 1182 868 1224 An
902 1179 980 1223 iste
1012 1179 1175 1223 elamor
1204 1188 1294 1235 est,
1327 1180 1451 1240 eujus
1488 1179 1582 1222 haee
1614 1177 1748 1222 verba

355 1263 482 1298 sunt:
508 1254 742 1297 «Miserere
760 1253 868 1307 mei,
888 1251 1091 1306 Domine,
1112 1251 1212 1295 vide
1228 1250 1521 1295 humilitatem
1539 1265 1680 1294 meam
1694 1248 1749 1292 ab

359 1343 379 1365 »
400 1324 585 1368 inimicis
607 1323 765 1367 ineis2?
790 1342 808 1363 ))
835 1325 980 1375 Quare
997 1337 1100 1380 ergo
1127 1337 1217 1366 non
1231 1320 1338 1366 dixit
1359 1340 1366 1365 :
1389 1321 1628 1366 «Miserere
1644 1334 1748 1363 nos-

359 1396 440 1451 tri,
467 1395 678 1450 Domine,
699 1393 798 1439 vide
819 1393 1110 1437 humilitatem
1128 1402 1320 1437 nostram
1349 1392 1404 1435 ab
1437 1391 1621 1436 inimicis
1653 1405 1750 1434 nos-

361 1467 459 1524 tris3
488 1485 507 1507 »
537 1476 745 1526 tanquam
769 1464 898 1508 multi
936 1479 1148 1523 pauperes
1181 1462 1397 1519 clament3
1431 1462 1506 1506 sed
1542 1471 1750 1521 tanquam

358 1553 487 1592 unus,
520 1537 758 1582 «Miserere
781 1535 888 1589 mei,
916 1535 1130 1579 Domine?
1155 1553 1174 1575 ³>
1202 1538 1271 1578 An
1289 1533 1391 1594 quia
1412 1549 1525 1577 unus
1542 1530 1751 1591 interpel-

356 1608 417 1652 lat
449 1624 528 1668 pro
557 1609 713 1652 sanetis
729 1644 740 1664 ‚
775 1607 851 1668 qui
879 1607 1043 1666 primus
1066 1622 1232 1666 pauper
1253 1622 1332 1666 pro
1353 1605 1478 1649 nobis
1501 1603 1641 1648 faetus
1663 1611 1748 1658 est,

359 1696 460 1725 eum
487 1689 597 1724 esset
613 1679 732 1723 dives
751 1682 766 1705 ³
785 1699 792 1724 :
820 1688 863 1722 et
884 1678 974 1738 ipse
997 1678 1103 1722 dicit
1126 1698 1133 1722 :
1160 1697 1180 1720 «
1207 1678 1292 1731 Qui
1310 1676 1469 1721 exaltas
1492 1692 1561 1720 me
1575 1675 1629 1720 de
1650 1690 1754 1735 poi·-

360 1768 379 1791 >›
410 1751 462 1795 tis
486 1750 652 1804 mortis,
680 1759 729 1793 ut
749 1748 1006 1793 annuntiem
1030 1749 1250 1792 universas
1270 1746 1420 1791 laudes
1434 1756 1528 1791 tuas
1550 1746 1596 1789 in
1618 1744 1753 1804 portis

362 1839 381 1861 »
409 1819 508 1864 filiae
534 1820 636 1865 Sion
654 1822 701 1864 ⁴?
724 1840 741 1861 »
768 1818 995 1863 Exaltatur
1013 1819 1126 1862 enini
1151 1819 1284 1862 honio
1307 1819 1352 1862 in
1372 1817 1447 1862 illo
1464 1853 1473 1871 ,
1500 1832 1589 1861 non
1611 1815 1752 1860 solum

357 1908 488 1952 quem
509 1901 671 1951 gestat,
695 1890 816 1952 quod
838 1900 970 1950 eaput
988 1889 1192 1935 Ecclesiae
1211 1899 1297 1948 θεῖς
1321 1889 1539 1934 sedetiam
1557 1886 1753 1948 quisquis

358 1973 558 2008 nostruin
581 1972 644 2007 est
666 1964 710 2006 in
732 1963 898 2006 caeteris
918 1962 1122 2005 membris
1140 1996 1149 2015 ‚
1177 1971 1220 2006 θῖ
1242 1960 1455 2005 exaltatur
1473 1959 1528 2004 ab
1551 1958 1753 2004 omnibus

360 2033 501 2093 pravis
525 2033 840 2093 cupiditatibus
859 2069 869 2088 ,
894 2049 993 2093 quae
1011 2041 1113 2076 sunt
1135 2042 1271 2092 portae
1292 2032 1464 2086 mortis,
1491 2030 1593 2091 quia
1611 2044 1687 2089 per
1707 2028 1755 2071 il-

359 2105 420 2149 las
458 2106 547 2150 itur
578 2105 623 2148 in
655 2116 853 2149 mortem.
881 2108 997 2150 Mors
1028 2113 1175 2148 autem
1206 2113 1269 2147 est
1296 2104 1387 2163 jam
1409 2102 1500 2162 ipsa
1526 2100 1675 2144 laetitia
1709 2099 1756 2142 in

361 2175 653 2236 perfruendo,
681 2191 782 2220 cum
805 2175 991 2236 quisque
1018 2174 1272 2233 adipiseitur
1300 2172 1421 2234 quod
1451 2170 1620 2232 perdite
1649 2185 1756 2214 con-

360 2247 525 2307 cupivit
547 2266 554 2291 :
586 2246 762 2291 «Radix
786 2256 849 2291 est
868 2246 983 2290 enim
1002 2246 1198 2290 omnium
1222 2244 1439 2290 malorum
1456 2243 1712 2304 cupiditas⁵.
1731 2259 1753 2283 »

362 2321 418 2362 Et
440 2327 672 2377 propterea
690 2326 815 2376 porta
834 2316 984 2361 mortis
1002 2325 1080 2371 θεῖ,
1102 2315 1205 2376 quia
1223 2325 1395 2361 mortua
1418 2324 1482 2360 est
1502 2314 1633 2359 vidua
1656 2327 1756 2373 quae

359 2389 402 2431 in
430 2388 593 2433 deliciis
620 2389 771 2433 vivitss.
810 2388 879 2432 Ad
913 2403 1019 2448 quas
1052 2386 1228 2431 delicias
1261 2403 1338 2447 per
1368 2385 1627 2446 cupiditates
1658 2392 1756 2427 tan-

412 2493 419 2508 ¹
452 2486 529 2518 l'sal.
551 2497 595 2527 ix,
619 2487 670 2518 13.
691 2502 733 2508 —-
767 2492 780 2508 2
796 2485 880 2517 Ibid.
914 2484 966 2528 14.
994 2501 1035 2507 ·-
1058 2482 1072 2507 3
1100 2495 1111 2517 1
1139 2486 1211 2517 Cor.
1232 2494 1353 2527 v111‚9.
1374 2499 1417 2506 -
1437 2480 1452 2513 4
1470 2481 1550 2515 Psal,
1573 2492 1618 2524 ix,
1639 2481 1689 2513 15.
1712 2497 1754 2503 —

358 2539 402 2573 51
425 2542 507 2573 Tim.
530 2553 574 2583 vi,
605 2552 718 2574 10.—
737 2539 752 2563 ⁶
772 2541 819 2574 1d.
843 2553 873 2583 r,
892 2541 926 2573 6.
