1833 3284
406 268 649 298 ENARRA‘rlo
683 272 728 298 IN
760 270 966 299 PsALMUM
997 272 1058 298 vr.
1345 261 1428 300 159

40 342 167 378 natus
188 335 357 379 animus
378 350 470 379 non
489 343 647 394 potest.
674 335 804 389 Quod
818 345 965 380 autem
987 335 1068 390 ait,
1097 338 1216 380 «Per
1236 336 1429 395 singulas

40 422 62 446 »
96 414 272 461 noctes,
299 424 321 447 »
354 406 438 450 hoc
470 405 652 451 fortasse
681 407 818 466 accipi
837 406 975 451 voluit
991 441 1002 459 ‚
1027 407 1149 467 quod
1170 406 1244 451 ifle
1271 408 1430 467 spiritu

38 486 265 536 promptus
286 477 417 522 sentit
439 477 631 538 aliquam
649 477 792 523 lucem
813 478 1005 523 veritatis
1021 513 1032 533 ,
1057 487 1102 522 et
1122 487 1271 522 tamen
1290 479 1337 522 in
1354 478 1429 523 de-

36 545 420 609 lectationesshujus
441 547 588 592 saeculi
609 564 687 608 per
709 549 849 594 carnis
870 548 1169 593 infirmitatem
1190 548 1428 609 aliquando

35 618 267 677 requiescit
283 653 294 673 ‚
318 627 530 679 tanquam
551 619 641 664 dies
664 629 706 664 et
728 629 876 665 noctes
898 620 1066 664 alterno
1083 620 1245 665 affectu
1259 621 1430 679 cogitur

36 689 129 747 pati·
153 706 161 732 z
186 697 238 732 ut
265 704 368 733 cum
389 689 494 734 dicit
525 708 534 734 :
562 693 746 734 «Mente
768 691 906 735 servio
927 689 1013 750 legi
1036 691 1134 745 Dei,
1168 709 1188 732 »ι
1213 699 1427 751 tanquam

36 760 152 805 diem
174 762 358 819 sentiat,
378 777 524 805 rursus
546 777 647 806 cum
675 762 781 807 dicit
808 781 817 806 :
847 781 863 802 «
887 763 1028 807 Carne
1045 771 1194 806 autem
1215 761 1300 820 legi
1323 776 1427 820 pec-

40 849 59 871 »
93 831 231 886 ca'ti¹,·
249 851 266 873 »
298 832 533 876 inclinetur
553 833 598 876 in
621 841 795 876 noctem
824 852 832 877 :
867 831 1008 876 donec
1029 833 1168 876 omnis
1200 847 1286 876 nox
1305 841 1423 875 tran-

33 909 146 962 seat,
171 910 215 945 et
231 903 378 962 veniat
398 917 513 946 unus
529 902 642 957 dies,
662 902 717 946 de
734 918 823 962 quo
846 902 1006 946 dicitur
1032 921 1041 946 :
1070 921 1091 944 (ε
1114 905 1245 947 Mane
1270 901 1419 946 astabo

37 988 58 1013 »
92 971 198 1027 tibi,
235 972 464 1017 et·videbo
477 976 510 1016 ².
539 991 559 1014 »
604 975 726 1017 Tunc
754 974 870 1017 enim
894 972 1086 1018 astabit:
1122 987 1241 1017 nunc
1276 981 1424 1016 autem

29 1042 159 1101 jacet,
184 1043 363 1102 quando
374 1043 424 1086 in
441 1042 555 1087 lecto
578 1052 663 1098 est,
688 1058 821 1103 quem
842 1042 1006 1087 lavabit
1026 1057 1104 1101 per
1121 1042 1309 1100 singulas
1326 1057 1430 1087 noc-

34 1120 120 1171 tes,
147 1121 197 1155 ut
218 1113 347 1156 tantis
365 1112 566 1170 lacrymis
587 1113 790 1172 impetret
809 1112 1147 1157 efficacissimam
1169 1111 1224 1156 de
1247 1112 1323 1156 Dei
1346 1112 1429 1156 mi·-

33 1182 266 1227 sericordia
288 1182 564 1227 medicinam.
600 1203 621 1225 «
642 1187 695 1228 In
733 1183 936 1240 lacrymis
966 1193 1148 1228 stratum
1183 1198 1331 1227 meum
1368 1183 1427 1227 ri-

36 1271 58 1295 »
76 1254 233 1312 gabo3.
256 1272 277 1295 »
302 1254 522 1314 Repetitio
537 1263 623 1313 est,
646 1270 747 1299 cum
766 1255 884 1298 enim
902 1254 1030 1299 dicit:
1055 1273 1071 1294 (ι
1086 1258 1138 1298 In
1159 1253 1384 1313 lacrymis,
1401 1274 1419 1296 »

34 1322 223 1368 o's'tendit
254 1324 629 1384 quemadmodum
663 1325 886 1384 superius,
923 1325 1157 1379 «Lavabo,
1184 1344 1202 1366 »
1248 1324 1422 1368 dixerit.

34 1397 129 1439 Hoc
143 1403 291 1438 autem
301 1395 539 1455 accipimus
554 1414 571 1436 «
582 1398 790 1450 Stratum,
801 1415 818 1437 »
832 1395 953 1456 quod
964 1396 1161 1454 superius
1182 1414 1200 1435 «
1212 1394 1394 1453 lectum,
1404 1415 1422 1437 »

32 1481 290 1526 quanquam
325 1484 343 1506 «
359 1466 556 1525 Rigabo,
577 1486 595 1508 »
629 1465 813 1526 amplius
842 1467 895 1509 sit
918 1465 1110 1525 aliquid,
1149 1480 1282 1526 quam
1308 1469 1427 1510 «La-

35 1555 59 1577 -»
83 1539 196 1581 vabo
223 1555 233 1580 z
265 1555 284 1578 »
317 1537 525 1598 quoniam
558 1545 701 1596 potest
730 1536 897 1596 aliquid
923 1536 968 1579 in
999 1536 1226 1595 superficie
1265 1536 1424 1595 lavari3

34 1606 191 1665 rigatio
214 1618 319 1651 vero
342 1606 397 1651 ad
418 1607 623 1651 interiora
644 1615 839 1666 permeat
854 1641 865 1661 ,
892 1605 1013 1667 quod
1035 1606 1249 1665 significat
1271 1607 1426 1651 fletum

35 1691 176 1737 usque
205 1677 262 1722 ad
294 1676 434 1722 cordis
462 1678 628 1722 intima.
663 1680 928 1736 Temporum
955 1692 1060 1722 vero
1088 1677 1270 1721 varietas
1303 1676 1427 1738 quod.

36 1747 306 1808 praeteritum
338 1748 507 1807 posuit,
543 1763 644 1792 cum
670 1746 858 1802 diceret,
898 1747 1146 1792 «Laboravi
1180 1748 1226 1792 in
1260 1748 1428 1807 gemitu

43 1838 62 1860 n
88 1832 210 1875 meo3
237 1837 254 1860 »
278 1827 321 1862 et
338 1817 554 1873 futurum,
576 1833 678 1862 cum
698 1817 886 1862 diceret:
908 1818 1118 1862 «Lavabo
1137 1834 1215 1878 per
1231 1818 1424 1877 singulas

44 1909 62 1930 »
87 1897 237 1932 noctes
265 1888 428 1933 lectum
451 1904 622 1940 meum3
645 1909 662 1930 »
688 1904 836 1933 rursus
860 1889 1075 1943 futurum,
1105 1907 1123 1929 «
1154 1892 1204 1933 In
1224 1889 1426 1946 lacrymis

45 1979 63 2001 »
87 1967 270 2003 stratum
298 1975 446 2003 meum
469 1959 645 2018 rigabo,
672 1979 690 2001 »
708 1959 820 2003 illud
834 1959 1039 2013 ostendit,
1063 1958 1170 2018 quid
1189 1960 1268 2003 sibi
1283 1959 1428 2004 dicere

40 2027 199 2074 debeat
214 2065 225 2083 ‚
248 2045 351 2077 cum
367 2031 551 2091 quisque
579 2030 624 2073 in
649 2031 815 2089 gemitu
840 2029 1000 2074 frustra
1024 2029 1310 2087 laboraverit,
1337 2040 1429 2075 tan-

41 2116 175 2161 quam
197 2099 360 2145 diceret
385 2120 394 2146 :
423 2120 442 2142 «
463 2103 561 2147 Non
577 2099 744 2160 profuit
759 2117 860 2146 cum
877 2102 961 2146 hoc
984 2101 1090 2157 feci,
1111 2116 1212 2160 ergo
1231 2100 1343 2145 illud
1360 2101 1430 2146 fa·-

2 2187 5 2190 '
47 2190 69 2214 «
101 2172 239 2216 Ciam?
261 2192 278 2213 »

102 2243 225 2286 VIII.
265 2241 525 2286 «Turbatus
556 2250 619 2285 est
649 2241 704 2285 ab
725 2241 789 2286 ira
819 2240 973 2285 oculus
1007 2242 1161 2285 meus4
1190 2260 1199 2285 ε
1231 2260 1248 2282 »
1282 2251 1434 2286 utrum

44 2312 137 2366 sna,
157 2327 213 2355 an
230 2313 323 2367 Dei,
345 2312 392 2355 in
413 2327 500 2372 qua
518 2311 628 2370 petit
650 2327 705 2355 ne
728 2320 999 2370 argueretur,
1019 2320 1095 2355 aut
1118 2312 1435 2371 corriperetur?

49 2383 133 2428 Sed
165 2383 200 2427 si
232 2381 307 2428 illa
337 2381 453 2426 diem
469 2381 623 2442 judicii
645 2383 880 2441 significat,
906 2381 1129 2441 quomodo
1151 2398 1270 2427 nunc
1292 2392 1436 2442 potest

47 2453 263 2514 intelligi?
284 2457 353 2499 An
373 2453 594 2498 inchoatio
610 2454 702 2513 ejus
720 2462 798 2507 est,
816 2452 938 2513 quod
955 2453 1026 2496 hic
1043 2453 1242 2497 homines
1264 2452 1437 2498 dolores

49 2534 94 2570 et
118 2535 333 2571 tormenta
353 2525 599 2586 patiuntur,
624 2534 667 2569 et
691 2525 874 2569 maxime
897 2524 1108 2569 damnum
1134 2525 1436 2586 intelligentiae

102 2617 111 2633 ¹
130 2613 223 2644 Rom.
242 2622 305 2644 vn.
324 2610 378 2643 25.
400 2628 442 2634 -—
462 2616 476 2633 ²
495 2609 574 2642 Psal.
594 2620 626 2651 v,
646 2610 676 2642 5.
696 2626 738 2632 —-
758 2608 897 2651 31d.v1,
916 2621 947 2652 7.
970 2626 1001 2633 —-
1029 2609 1144 2644 41bid.
1165 2611 1197 2644 8.
