1833 3284
317 263 401 299 520
759 268 792 296 S·
829 268 1059 298 Aucus-rim
1092 270 1272 299 muscom

317 347 445 398 gruat
484 337 637 390 titulo,
679 351 808 396 qtlem
840 337 1044 381 hesterno
1074 336 1144 380 die
1167 337 1461 381 tractavimus.
1498 335 1583 390 Qui
1614 349 1704 380 non

316 411 562 463 ass'uerunt,
588 417 795 467 tanquam
819 416 863 451 et
883 408 966 451 hoc
990 406 1188 452 debitum
1208 417 1365 468 petunt
1386 427 1394 452 :
1421 406 1497 451 sed
1517 422 1572 451 ne
1591 404 1704 450 forte

314 495 392 540 per
429 478 531 523 alias
568 488 705 523 tantas
742 494 884 522 moras
916 477 1167 522 fraudemus
1203 493 1274 523 eos
1299 478 1458 539 quibus
1478 478 1569 538 jam
1602 475 1703 520 red-

315 549 511 594 dendum
558 559 622 593 est
658 547 780 609 quod
811 549 1044 604 debemus,
1089 548 1278 593 breviter
1318 557 1706 594 commemoratum

316 630 574 679 agnoscant,
600 629 815 680 quantum
849 628 1052 679 possunt,
1083 619 1159 679 qui
1188 619 1320 664 hodie
1357 618 1517 664 adsunt
1544 628 1588 663 et
1614 618 1707 662 heri

316 708 406 735 non
435 692 673 735 affuerunt.
716 691 758 735 Si
791 688 898 750 quid,
926 699 1072 734 autem
1098 706 1168 734 eos
1196 699 1343 735 movet
1375 689 1496 751 quod
1518 689 1708 748 diligen-

315 763 401 806 tius
423 762 690 819 interrogare
711 760 922 814 debeant,
939 770 1136 820 patentes
1153 776 1276 805 aures
1296 770 1463 805 nostras
1485 760 1709 804 invenient

315 833 359 876 in
378 833 555 876 nomine
578 831 740 876 Christi
762 830 852 875 aliis
871 831 1139 890 temporibus
1155 866 1165 886 ,
1187 847 1241 874 ne
1259 832 1337 875 ista
1359 839 1644 891 occupentur.

377 907 435 947 ll.
458 903 648 946 Diximus
670 903 878 961 scriptum
902 917 991 946 esse
1011 901 1056 944 in
1073 901 1187 946 libro
1204 906 1471 960 Regnorum,
1490 901 1610 962 quod
1620 900 1709 945 Da-

317 975 392 1020 vid
417 990 515 1018 cum
535 973 701 1032 sugeret
721 973 838 1029 Saiil,
863 973 996 1017 latere
1006 972 1146 1018 voluit
1167 974 1284 1033 apud
1309 989 1451 1033 regem
1476 972 1710 1033 quemdam

319 1047 430 1089 (leth
445 1081 455 1100 ,
477 1045 654 1089 nomine
672 1044 844 1088 Achi51.
865 1045 949 1088 Sed
965 1061 1066 1089 curn
1081 1044 1214 1103 gloria
1234 1046 1324 1105 ejus
1342 1045 1403 1088 ibi
1426 1044 1575 1088 fuisset
1592 1060 1712 1088 com-

317 1126 580 1171 memorata,
610 1131 665 1159 ne
689 1131 763 1175 per
781 1114 963 1159 livorem
985 1114 1102 1159 idem
1122 1131 1192 1159 rex
1216 1115 1269 1159 ad
1287 1130 1419 1176 quem
1437 1114 1709 1173 confugerat,

317 1187 483 1247 aliquid
515 1187 558 1230 in
593 1202 692 1230 eum
723 1187 1062 1241 machinaretur,
1089 1187 1212 1230 finxit
1239 1187 1473 1241 insaniam,
1516 1196 1558 1230 et
1591 1186 1713 1247 quasi

319 1258 466 1302 furore
499 1267 724 1316 correptus
741 1293 750 1311 ,
782 1276 798 1296 «
822 1257 1009 1301 Mutavit
1029 1257 1203 1301 vultum
1225 1273 1376 1315 suum,
1400 1276 1419 1298 »
1453 1267 1496 1301 et
1517 1258 1629 1302 sieut
1647 1256 1713 1300 le-

321 1330 460 1387 gimus
481 1364 491 1382 ,
523 1347 540 1367 «
561 1327 835 1382 Affectabat,
861 1337 903 1370 et
926 1328 1253 1386 tympanizabat
1283 1327 1338 1371 ad
1366 1328 1474 1372 ostia
1503 1327 1710 1382 civitatis,

323 1417 343 1440 >›
380 1408 423 1442 et
468 1398 692 1442 ferebatur
724 1398 771 1440 in
808 1397 1010 1440 manibus
1034 1397 1145 1452 suis,
1179 1407 1223 1441 et
1244 1397 1500 1457 procidebat
1523 1397 1577 1441 ad
1607 1397 1714 1442 ostia

326 1491 343 1512 »
380 1479 532 1529 portae.
559 1472 615 1513 Et
649 1468 759 1512 dixit
780 1483 853 1512 rex
875 1469 1005 1512 Aeliis
1032 1488 1041 1512 :
1074 1467 1191 1522 Quid
1215 1469 1302 1513 huc
1333 1469 1440 1513 mihi
1478 1468 1715 1513 adduxistis

326 1564 342 1583 »
380 1541 539 1585 istum?
556 1539 785 1599 Numquid
807 1539 1080 1599 arreptitium
1103 1554 1182 1597 ego
1205 1555 1314 1599 opus
1341 1539 1511 1583 liabeo?
1532 1558 1550 1580 »
1579 1542 1636 1583 Et
1657 1540 1716 1584 sic

320 1629 421 1657 eum
444 1611 628 1666 dimisit,
657 1621 705 1654 ut
726 1609 960 1670 impleatur
981 1610 1102 1671 quod
1124 1611 1195 1655 hic
1215 1611 1425 1670 scriptum
1455 1620 1544 1656 est:
1574 1631 1594 1653 «
1615 1614 1716 1656 Mu-

326 1706 343 1726 »
381 1685 487 1728 tavit
524 1683 698 1727 vultum
731 1697 883 1737 suum,
919 1691 962 1726 et
990 1682 1152 1726 dimisit
1172 1698 1273 1726 eum
1297 1692 1340 1726 et
1369 1682 1524 1726 abiit.»
1549 1682 1718 1727 Dimisit

323 1765 469 1800 autem
493 1769 638 1813 regem
661 1753 791 1797 Aeliis
819 1773 828 1797 ε
853 1754 923 1797 hic
943 1769 1046 1797 vero
1070 1752 1238 1797 dictum
1256 1753 1470 1812 estquod,
1497 1754 1716 1798 «Mutavit

326 1847 346 1868 n
382 1826 557 1870 vultum
598 1840 724 1868 suum
762 1839 908 1868 coram
942 1823 1224 1878 Abimelech,
1258 1833 1301 1867 et
1326 1824 1489 1867 dimisit
1517 1822 1646 1879 eum',
1674 1833 1717 1868 ct

328 1920 344 1939 »
382 1897 503 1941 abiit.
536 1917 551 1936 »
592 1895 785 1939 Diximus
809 1904 955 1938 autem
979 1895 1157 1938 nomina
1178 1904 1347 1938 mutata
1365 1910 1480 1949 esse,
1505 1903 1555 1938 ut
1576 1910 1718 1939 saera-

323 1977 523 2012 mentum
547 1965 850 2010 ostenderetur
873 1985 881 2009 ;
907 1981 963 2009 nc
984 1966 1017 2008 si
1040 1964 1155 2009 idem
1179 1980 1339 2009 nomen
1361 1965 1595 2025 repetitum
1609 1975 1719 2009 esset

324 2042 371 2084 in
394 2038 523 2084 titulo
546 2037 731 2093 Psalmi,
757 2054 847 2081 non
868 2037 994 2081 nobis
1019 2038 1299 2097 prophetasse
1323 2036 1489 2097 aliquid
1507 2038 1553 2081 in
1574 2053 1717 2082 sacra-

323 2121 473 2155 mento
485 2146 495 2165 ,
522 2109 597 2154 sed
614 2110 737 2170 quasi
755 2118 871 2168 gesta
887 2124 1076 2152 narrasse
1092 2108 1328 2153 videretur.
1352 2111 1597 2169 Utrumque
1615 2124 1718 2168 ergo

324 2197 487 2226 nomen
522 2195 730 2238 magnum
761 2180 957 2224 continet
981 2189 1315 2224 sacramentum.
1352 2182 1463 2224 Nam
1496 2181 1627 2224 Aeliis
1649 2180 1719 2224 in-

326 2261 606 2313 terpretatur,
627 2250 860 2305 Quomodo
889 2259 952 2294 est
979 2270 988 2295 :
1010 2250 1266 2295 Ahimelech
1288 2251 1615 2310 interpretatur,
1641 2254 1721 2295 Pa-

326 2325 403 2369 tris
419 2325 503 2367 mei
520 2339 719 2382 regnum.
746 2326 798 2366 In
814 2321 890 2367 illo
906 2323 1040 2368 verbo
1060 2321 1180 2382 quod
1198 2321 1371 2378 dicitur,
1390 2321 1622 2376 Quomodo
1636 2331 1715 2378 est,

325 2395 568 2455 ignorantia
592 2394 875 2454 significatur,
900 2403 951 2438 ut
966 2393 1152 2439 verbum
1174 2394 1369 2438 mirantis
1392 2403 1434 2438 et
1455 2410 1544 2438 non
1562 2409 1720 2453 agnos-

326 2467 463 2511 centis
485 2464 700 2524 intelligas
732 2485 740 2509 :
769 2465 811 2509 in
832 2465 913 2509 isto
937 2474 1080 2509 autem
1105 2465 1227 2525 quod
1249 2464 1408 2509 dicitur
1432 2463 1686 2509 Abimelech
1703 2500 1715 2520 ,

327 2551 510 2595 regnum
537 2535 795 2580 Judaeorum
822 2536 1102 2593 significatur.
1128 2538 1193 2579 Ex
1214 2535 1371 2581 Christi
1396 2535 1511 2580 enim
1534 2550 1715 2594 persona

380 2629 388 2644 ¹
405 2625 481 2662 Regi.
507 2632 575 2663 xxi,
597 2633 648 2658 10,
669 2625 733 2652 etc.
