1833 3284
399 235 482 274 156
839 244 872 273 s,
909 243 1139 274 ΑυουεΤῐΝῐ
1169 245 1351 274 Emscopr

395 311 602 356 sanetur?
624 309 708 355 Ubi
740 309 854 354 enim
887 310 1044 354 sanitas
1066 319 1151 365 est,
1176 325 1256 355 nee
1288 324 1404 354 mors
1436 300 1673 353 'metuenda
1696 316 1781 363 est,

394 398 475 426 nee
497 383 663 426 urentis
687 391 762 426 aut
784 382 966 426 secantis
988 381 1145 426 medici
1162 397 1331 426 manus.

455 455 531 497 lv.
553 453 758 513 Sequitur
779 453 948 513 itaque,
974 461 1017 496 et
1038 451 1169 497 dicit:
1196 472 1213 494 «
1235 453 1439 498 Miserere
1455 451 1556 506 mei,
1574 450 1780 506 Domine,

398 542 419 565 »
454 524 663 584 quoniam
696 524 893 567 infirmus
927 538 1022 567 sum
1045 542 1054 568 t
1077 539 1179 568 sana
1211 539 1302 579 me,
1335 523 1541 577 Domine,
1575 522 1785 582 quoniam

397 613 418 636 >›
455 595 714 640 conturbata
745 604 847 638 sunt
885 609 978 638 ossa
1012 596 1155 649 mea¹,
1193 613 1212 636 »
1247 594 1293 639 id
1331 604 1416 650 est,
1458 595 1785 638 firmamentum

395 666 551 709 animae
582 680 711 719 meae,
739 663 809 709 vel
836 662 1050 709 fortitudo
1080 684 1089 709 :
1126 665 1210 710 hoe
1242 665 1358 709 enim
1394 679 1487 709 ossa
1519 663 1780 722 significant.

395 735 507 779 Dicit
530 750 633 794 ergo
655 735 797 779 anima
822 733 1127 779 fortitudinem
1149 750 1269 779 suam
1293 750 1381 780 esse
1412 737 1657 788 turbatam,
1681 748 1781 777 cum

393 821 486 850 ossa
513 807 725 851 nominat.
758 809 910 867 Neque
931 807 1047 851 enim
1068 806 1337 851 eredendum
1367 816 1451 862 est,
1478 805 1599 866 quod
1625 805 1786 850 habeat

393 893 484 923 ossa
513 895 612 938 quae
646 878 843 923 videmus
876 879 922 922 in
958 893 1155 938 corpore.
1192 881 1490 938 Quapropter,
1524 877 1581 921 ad
1615 877 1785 937 exposi-

392 950 557 994 tionem
590 951 779 1009 pertinet
809 949 932 1010 quod
967 950 1216 1009 subjicitur,
1247 969 1264 990 «
1299 952 1356 994 Et
1385 951 1528 993 anima
1561 963 1657 993 mea
1688 957 1784 992 tur-

394 1039 415 1062 »
453 1021 552 1065 bata
574 1030 638 1066 est
659 1020 800 1066 valde.
826 1040 845 1062 »
872 1023 935 1067 Ne
958 1020 1078 1081 quod
1099 1036 1191 1065 ossa
1218 1020 1474 1080 appellavit,
1501 1018 1693 1079 corporis
1715 1019 1786 1062 in-

391 1091 707 1150 telligerentur.
740 1111 760 1134 «
790 1094 847 1136 Et
868 1101 939 1147 tn,
966 1093 1170 1147 Domine,
1197 1093 1485 1152 usquequo‘2?
1515 1109 1536 1132 ))
1563 1090 1668 1144 Quis
1697 1105 1787 1134 non

392 1162 607 1221 intelligat
634 1163 864 1221 significari
882 1164 1072 1207 animam
1094 1162 1336 1208 luctantem
1358 1177 1460 1206 cum
1481 1162 1644 1206 morbis
1666 1160 1752 1205 suis
1773 1179 1783 1205 ε

391 1231 468 1275 diu
493 1242 638 1277 autem
662 1232 842 1277 dilatam
865 1249 889 1278 a
916 1232 1108 1288 medico,
1130 1243 1181 1278 ut
1202 1234 1241 1278 ei
1263 1232 1598 1293 persuaderetur
1618 1232 1664 1275 in
1686 1247 1786 1292 quae

390 1302 503 1346 mala
526 1319 569 1346 se
586 1305 810 1363 peccando
828 1304 1197 1364 praeeipitaveritP
1222 1303 1353 1358 Quod
1375 1303 1491 1348 enim
1513 1300 1638 1347 facile
1659 1317 1786 1346 sana-

389 1383 483 1429 tur,
510 1390 599 1418 non
621 1375 811 1420 multum
835 1385 1013 1420 cavetur
1035 1396 1043 1421 ;
1071 1392 1122 1420 ex
1143 1376 1404 1421 difficultate
1426 1385 1575 1419 autem
1596 1376 1786 1419 sanatio-

389 1444 478 1499 niS,
505 1446 588 1489 erit
609 1445 862 1505 diligentior
894 1446 1091 1490 custodia
1115 1456 1300 1506 receptae
1323 1446 1530 1491 sanitatis.
1558 1448 1655 1490 Non
1681 1460 1785 1504 ergo

389 1525 601 1577 tanquam
623 1517 811 1562 erudelis
835 1521 949 1562 Deus
972 1517 1253 1562 aestimandus
1277 1527 1362 1573 est,
1389 1517 1460 1561 eui
1483 1516 1668 1562 dieitur:
1691 1520 1785 1562 «Et

389 1606 410 1627 >›
449 1597 512 1642 tu,
532 1588 732 1644 Domine,
749 1592 1012 1650 usquequo?
1031 1608 1050 1630 »
1074 1588 1159 1634 Sed
1169 1598 1382 1649 tanquam
1397 1588 1540 1632 bonus
1557 1603 1785 1648 persuasor

388 1659 561 1714 animae,
583 1659 692 1720 quid
721 1659 823 1704 mali
845 1660 927 1704 sibi
958 1661 1049 1720 ipsa
1071 1660 1303 1720 pepererit.
1325 1658 1533 1705 Nondum
1555 1659 1671 1703 enim
1694 1668 1783 1703 tam

387 1731 581 1790 perfecte
604 1740 698 1775 orat
718 1732 812 1775 haec
836 1732 978 1776 anima
994 1767 1004 1787 ,
1036 1741 1086 1775 ut
1114 1732 1152 1774 ei
1183 1731 1268 1776 diei
1290 1731 1426 1791 possit
1455 1751 1463 1776 :
1490 1751 1509 1773 «
1535 1730 1693 1775 Adhuc
1715 1731 1783 1774 lo—

390 1819 410 1841 »
447 1810 611 1861 quente
631 1811 694 1857 te,
713 1802 855 1846 dicam
875 1806 1014 1847 :Ecce
1039 1802 1235 1846 adsum3.
1257 1820 1276 1843 »
1296 1801 1435 1847 Simul
1454 1811 1503 1846 ut
1521 1802 1652 1846 etiam
1671 1799 1783 1845 illud

386 1881 607 1930 agnoscat,
633 1882 798 1932 quanta
820 1888 952 1932 poena
979 1873 1122 1933 impiis
1145 1882 1431 1932 praeparatur,
1451 1873 1528 1932 qui
1550 1888 1593 1916 se
1622 1871 1782 1916 nolunt

384 1951 638 1986 convertere
656 1942 711 1987 ad
735 1945 892 1998 Deum,
913 1944 947 1987 si
967 1953 1132 1988 tantam
1151 1943 1458 1988 difficultatem
1479 1951 1781 1987 convertentes

381 2013 611 2072 patiuntur
634 2033 642 2058 :
670 2014 782 2057 sieut
804 2013 888 2058 alio
918 2013 1016 2059 loeo
1044 2014 1255 2074 seriptum
1288 2022 1352 2058 est
1377 2033 1386 2058 :
1422 2033 1442 2056 «
1459 2019 1463 2026 ¹
1475 2014 1518 2058 Si
1542 2015 1685 2073 justus
1708 2012 1778 2057 vix

386 2102 406 2125 »
442 2083 585 2129 salvus
604 2084 707 2139 erit,
727 2094 932 2145 peccator
954 2095 998 2129 et
1017 2085 1175 2145 impius
1200 2084 1276 2128 ubi
1307 2084 1582 2144 parebunffl?
1610 2105 1627 2126 »

441 2158 494 2199 V.
528 2175 548 2198 «
580 2158 860 2211 Convertere,
883 2156 1082 2212 Domine,
1106 2165 1147 2200 et
1181 2170 1286 2199 erue
1312 2159 1502 2199 animam
1536 2157 1718 2198 memn5.
1743 2172 1775 2212 ·»
1830 2179 1833 2188 ι

380 2229 646 2272 Convertens
669 2244 734 2283 se,
760 2237 854 2272 orat
876 2237 926 2272 ut
945 2229 999 2272 ad
1022 2243 1114 2272 eam
1138 2237 1421 2272 eonvertatur
1438 2236 1478 2270 et
1503 2230 1616 2271 Deus
1634 2261 1644 2281 ,
1665 2227 1778 2270 sieut

379 2298 548 2343 dietum
578 2309 664 2344 est:
694 2319 711 2338 <‹
738 2299 1050 2344 Convertimini
1086 2298 1142 2342 ad
1162 2314 1254 2352 me,
1280 2307 1324 2342 et
1345 2307 1576 2342 convertar
1598 2297 1653 2341 ad
1676 2313 1773 2353 VOS,
1824 2312 1833 2350 ς

382 2387 403 2409 »
439 2369 544 2413 dicit
567 2370 820 2414 Dominusss.
848 2374 915 2413 An
937 2386 988 2413 ex
1016 2367 1087 2412 illa
1114 2368 1334 2413 locutione
1356 2367 1687 2427 inteiligendum
1711 2377 1774 2413 est

381 2459 402 2481 «
437 2441 721 2495 Convertere,
743 2440 948 2494 Domine,
973 2458 993 2479 »
1016 2438 1060 2483 id
1082 2448 1166 2495 est,
1188 2439 1253 2483 fae
1278 2455 1347 2483 me
1363 2439 1580 2494 converti,
1602 2453 1704 2482 eum
1726 2438 1771 2481 in

424 2542 433 2557 ¹
456 2536 536 2568 Psal.
569 2547 613 2577 vi,
648 2536 676 2568 3.
701 2553 742 2558 —
762 2543 775 2558 ²
805 2535 886 2568 Ibid.
907 2534 938 2577 ll
967 2552 1007 2558 —
1030 2533 1043 2558 3
1066 2536 1137 2566 lsai.
1167 2545 1224 2568 va
1240 2560 1246 2573 ,
1264 2533 1319 2577 24,
1341 2552 1382 2557 -
1399 2533 1416 2564 4
1443 2546 1454 2566 1
1479 2537 1563 2566 Petr.
1586 2545 1631 2574 iv,
1656 2536 1706 2566 18.
1729 2549 1770 2557 -

378 2589 602 2631 1³Psal.v1‚5.
619 2608 660 2614 —
682 2589 696 2614 0
712 2591 808 2623 Zacb.
831 2603 856 2632 1,
879 2592 911 2624 3.

1824 2354 1833 2419 t

1822 2433 1833 2484 a*

1822 2512 1833 2579 ὲ

1829 2585 1833 2616 1

1829 2638 1833 2692 ¹1

1829 2698 1833 2779 ἕ
