1833 3284
370 228 422 265 28
432 225 453 265 4
834 235 867 264 S.
904 235 1132 265 Aucus-nm
1164 238 1346 266 Emscom

367 304 451 347 hoe
475 302 578 346 facis
602 302 656 345 ad
680 301 972 362 insipientiam
995 303 1117 358 mihi,
1144 303 1217 347 scd
1236 303 1380 363 potius
1403 311 1453 347 ut
1473 303 1635 363 sapiam
1654 302 1761 364 quid

368 373 554 418 clamare
587 389 657 417 me
688 373 792 418 velis
820 393 828 419 :
861 389 950 418 non
981 374 1125 419 verbis
1165 373 1429 419 delictorum
1462 390 1513 418 ex
1551 373 1762 419 desiderio

370 444 617 504 temporalis
641 445 766 500 vitae,
802 443 878 488 sed
907 444 1049 489 verbis
1070 445 1362 490 conversionis
1393 444 1449 490 ad
1480 454 1522 489 te
1554 445 1600 489 in
1627 445 1762 490 vitam

368 524 593 560 aeternam.

427 590 501 631 lv.
529 590 630 631 «Tu
650 596 795 631 autem
819 587 863 631 in
885 597 1034 632 sancto
1051 586 1236 643 habitas,
1256 588 1349 632 laus
1371 586 1532 632 lsrael&
1558 606 1578 631 1)
1603 591 1666 631 Tu
1685 604 1763 632 au-

367 667 454 702 tem
475 658 519 701 in
541 667 690 702 sancto
713 658 899 714 habitas,
917 669 960 703 et
977 658 1076 704 idco
1098 659 1328 703 immunda
1346 659 1607 704 delictorum
1628 659 1761 704 verba

365 744 455 773 non
471 728 686 773 exaudies.
708 731 820 773 Laus
836 728 1023 773 videntis
1045 739 1102 785 te,
1128 745 1218 774 non
1235 731 1326 790 ejus
1348 730 1423 791 qui
1445 729 1621 774 laudem
1639 745 1761 774 suam

365 800 566 861 quaesivit
581 801 626 844 in
642 800 856 857 gustando
873 801 1009 845 vetito
1027 801 1143 857 cibo,
1160 811 1208 846 ut
1225 802 1382 862 apertis
1397 801 1613 861 corporcis
1627 800 1761 846 oculis

365 871 634 917 abscondere
653 888 696 916 se
719 882 952 918 conaretur
974 889 997 917 a
1020 883 1258 933 conspectu
1281 875 1403 918 tuo2.

425 946 478 988 V.
510 963 530 985 «
557 946 608 988 In
641 952 683 987 te
716 953 999 1004 speraverunt
1026 954 1169 1005 patres
1201 945 1384 989 nostri³.
1415 963 1435 986 >›
1462 945 1623 989 Omnes
1654 943 1761 1005 justi

364 1014 549 1070 scilicet,
581 1031 672 1059 non
695 1024 941 1076 quaerentes
966 1031 1088 1061 suam
1110 1015 1310 1072 laudem,
1336 1014 1413 1061 sed
1440 1024 1576 1060 tuam.
1607 1035 1627 1058 (ι
1653 1017 1760 1075 Spe-

368 1103 388 1128 »
424 1095 651 1141 raverun't⁷
678 1095 721 1130 et
743 1086 891 1130 eruisti
914 1102 1001 1131 eos.
1026 1104 1047 1128 »

423 1160 500 1202 VI.
532 1176 552 1199 (1
576 1158 645 1202 Ad
668 1167 710 1202 tc
732 1157 1031 1203 clamaverunt
1048 1194 1058 1214 ‚
1079 1166 1123 1202 et
1144 1157 1250 1203 salvi
1272 1156 1376 1203 sacti
1403 1159 1546 1202 sunt4.
1570 1176 1591 1200 »
1613 1156 1683 1202 Ad
1714 1166 1758 1202 te

363 1229 686 1285 clamaverunt,
720 1245 810 1274 non
831 1231 972 1274 verbis
1002 1229 1284 1286 delictorum,
1310 1246 1334 1274 a
1356 1229 1517 1290 quibus
1540 1228 1669 1287 longe
1694 1238 1760 1274 est

360 1299 497 1356 salus,
518 1309 561 1344 et
578 1301 677 1345 ideo
695 1300 802 1346 salvi
824 1300 927 1346 facti
950 1310 1066 1345 sunt.
1097 1320 1118 1343 «
1144 1303 1196 1344 In
1213 1310 1256 1345 te
1277 1309 1577 1361 speraverunt,
1603 1309 1646 1343 et
1667 1315 1758 1344 non

362 1389 383 1413 »
419 1380 522 1415 sunt
543 1371 729 1416 confusi.
759 1390 780 1413 »
806 1375 857 1416 In
879 1381 923 1416 te
940 1381 1240 1432 speraverunt,
1266 1387 1347 1418 nec
1370 1387 1442 1417 eos
1465 1369 1622 1416 fefellit
1642 1386 1753 1431 spes.

360 1445 458 1489 Non
476 1443 593 1487 enim
612 1443 657 1487 in
672 1459 715 1487 se
734 1443 853 1488 illam
875 1453 1134 1504 posuerunt.

419 1517 520 1558 VII.
549 1534 569 1557 «
595 1517 689 1574 Ego
712 1525 859 1559 autem
882 1531 979 1559 sum
1012 1515 1196 1572 vermis,
1223 1524 1267 1560 et
1294 1531 1385 1561 non
1405 1516 1538 1560 homo
1555 1517 1587 1559 ⁵.
1616 1533 1636 1556 »
1662 1517 1758 1575 Ego

360 1594 507 1629 autem
520 1587 610 1645 jam
628 1602 719 1630 non
740 1601 791 1630 ex
812 1602 996 1646 persona
1013 1585 1154 1632 Adam
1171 1586 1372 1648 loquens,
1394 1586 1469 1631 sed
1484 1602 1564 1646 ego
1582 1586 1759 1646 proprie

362 1659 485 1700 Jesus
509 1657 722 1712 Christus,
749 1658 840 1701 sine
862 1658 1025 1702 semine
1046 1658 1092 1701 in
1115 1674 1244 1702 carne
1266 1668 1394 1703 natus
1415 1673 1526 1713 sum,
1548 1667 1599 1702 ut
1621 1671 1758 1701 essem

362 1728 408 1771 in
430 1728 607 1772 homine
639 1728 753 1772 ultra
786 1729 984 1773 homines
1011 1748 1020 1773 ;
1054 1738 1103 1773 ut
1130 1729 1201 1774 vel
1229 1730 1287 1774 sic
1321 1729 1576 1788 dignaretur
1597 1728 1757 1772 imitari

360 1799 552 1843 humana
574 1801 776 1860 superbia
796 1800 1088 1846 humilitatem
1111 1816 1267 1845 meam.
1299 1821 1318 1843 «
1344 1801 1643 1861 Opprobrium
1673 1801 1756 1845 ho-

366 1890 386 1913 »
421 1871 591 1916 minum
613 1882 657 1916 et
683 1873 868 1933 abjectio
894 1872 1048 1932 plebis.
1078 1891 1097 1915 1)
1123 1876 1174 1917 In
1196 1886 1282 1934 qua
1308 1874 1447 1918 {hctus
1468 1889 1565 1917 sum
1592 1888 1756 1933 oppro-

363 1943 509 1987 brium
532 1944 761 1988 hominum
784 1964 792 1989 2
814 1945 872 1988 ita
890 1954 940 1989 ut
962 1961 1040 2004 pro
1058 1945 1304 1990 convicioso
1326 1943 1558 1989 maledicto
1587 1944 1755 1989 dicere-

360 2024 458 2060 tur:
485 2035 504 2057 «
523 2019 589 2060 Tu
610 2017 663 2061 sis
685 2015 923 2076 discipulus
941 2017 1054 2077 ejus6
1072 2037 1080 2062 ε
1101 2036 1120 2058 »
1144 2026 1186 2061 ot
1203 2016 1325 2076 plebs
1344 2032 1414 2061 me
1436 2026 1751 2062 contemneret.

397 2090 522 2131 Vlll.
534 2107 553 2129 ‹<
565 2090 726 2132 Omnes
740 2106 766 2149 q
774 2088 815 2132 ui
834 2089 1160 2148 conspiciebant
1173 2104 1258 2144 1116,
1272 2089 1600 2133 subsannabant
1612 2104 1681 2132 me
1691 2090 1720 2131 ⁷.
1731 2107 1751 2129 »

360 2159 521 2203 Omnes
544 2159 619 2219 qui
642 2159 970 2219 conspiciebant
991 2175 1082 2215 1116,
1108 2159 1349 2204 irridebant
1370 2175 1455 2204 mc.
1487 2179 1506 2202 «
1532 2163 1588 2203 Et
1619 2159 1755 2203 locuti

361 2248 381 2270 »
418 2239 520 2274 sunt
540 2229 664 2274 labiis
678 2266 688 2285 ,
707 2241 749 2274 et
772 2239 1002 2275 moverunt
1024 2239 1170 2290 eaput.
1195 2249 1214 2272 »
1236 2233 1294 2276 Et
1315 2231 1450 2275 locuti
1471 2240 1573 2275 sunt
1594 2247 1685 2275 non
1707 2231 1751 2274 in

361 2300 515 2355 corde,
542 2301 618 2345 sed
640 2302 685 2345 in
707 2301 849 2346 labiis.

419 2374 496 2414 lx.
518 2374 626 2417 Nam
649 2372 879 2416 irridenter
906 2381 1140 2417 moverunt
1161 2381 1292 2432 caput
1307 2408 1317 2428 ,
1349 2372 1541 2417 dicentes
1563 2391 1570 2416 :
1603 2391 1622 2414 «
1646 2374 1752 2432 Spe-

362 2461 381 2483 »
418 2443 527 2487 ravit
554 2444 601 2487 in
633 2444 890 2499 Dominum,
923 2453 1047 2489 eruat
1078 2460 1212 2489 eum:
1249 2444 1417 2489 salvum
1451 2442 1581 2488 faciat
1617 2460 1747 2500 eum,

408 2546 415 2561 ¹
437 2539 512 2571 Psal.
537 2551 591 2582 xx,
614 2539 664 2582 ιζ..
681 2557 724 2563 —-
743 2548 756 2563 2
775 2543 855 2573 Gen.
876 2541 919 2574 iu.
942 2558 983 2564 —-
1005 2539 1113 2575 3Psa1.
1136 2553 1202 2585 xxi,
1219 2542 1250 2575 5.
1271 2559 1313 2565 -
1329 2541 1346 2570 4
1364 2542 1445 2576 Ibid.
1466 2541 1499 2575 G.
1521 2559 1563 2566 -·-
1577 2539 1694 2576 ⁵1bid.
1711 2552 1741 2584 7.

363 2595 432 2619 —‘⁵
447 2599 540 2629 Joan.
562 2609 608 2640 1x,
630 2598 683 2631 28.
705 2615 745 2621 -—
765 2605 778 2632 7
800 2598 885 2631 l‘sal.
906 2609 973 2641 xxi,
989 2598 1023 2631 8.
