1833 3284
343 288 427 323 516
778 293 810 320 s.
849 293 1076 321 ΑιυυεΤιΝι
1112 295 1291 320 El’lscom

339 372 383 406 et
414 360 657 405 bibendum
685 359 956 417 sanguinem.
990 358 1094 416 Ideo
1116 359 1239 418 quasi
1268 359 1442 402 insanus
1465 365 1642 416 putatus
1665 365 1729 400 est

340 430 478 476 David
492 466 502 485 ,
523 429 702 490 quando
725 429 834 473 dixit
856 429 945 488 ipsc
967 429 1119 472 Achis:
1142 448 1161 470 «
1177 428 1460 487 Arreptitium
1482 428 1600 471 hunc
1623 426 1729 470 mihi

341 501 670 545 >›adduxistis¹.»
683 503 837 544 Nonne
851 500 1023 544 videtur
1041 498 1203 542 insania
1221 518 1229 542 :
1253 517 1271 540 «
1283 498 1545 542 Manducatc
1556 512 1730 541 carnem

341 591 362 615 »
399 587 557 627 meam⁷
579 581 623 615 et
644 571 779 615 bibite
801 571 1055 629 sanguinem
1079 571 1256 613 meum?
1277 587 1296 610 »
1314 572 1370 613 Et
1387 569 1535 613 dicens
1555 587 1563 613 :
1588 587 1607 609 «
1623 567 1732 621 Qui-

342 662 362 685 »
399 657 589 701 cumque
620 657 710 685 non
736 640 1062 685 manducaverit
1093 655 1268 684 carnem
1298 655 1465 694 meam,
1497 648 1541 683 et
1573 638 1734 682 biberit

343 732 363 755 κ)
399 713 653 772 sanguinem
678 727 851 765 meum,
888 726 978 755 non
1006 710 1184 754 habebit
1215 711 1260 753 in
1289 725 1332 753 se
1358 711 1537 765 vitam2,
1561 728 1581 751 ³>
1611 708 1735 769 quasi

337 784 525 828 insanire
546 782 736 827 videtur.
775 782 859 827 Sed
882 782 969 839 regi
990 782 1122 826 Aeliis
1144 782 1331 826 insanire
1359 780 1548 836 videtur,
1574 779 1619 825 id
1647 789 1731 836 est,

339 854 482 899 stultis
500 862 542 897 et
565 853 881 912 ignorantibus.
909 853 1014 897 Ideo
1042 852 1202 897 dimisit
1225 868 1296 897 eos
1317 862 1361 897 ct
1384 852 1490 896 abiit
1513 871 1522 897 :
1548 852 1662 909 sugit
1680 851 1736 896 de

338 926 470 971 corde
485 940 636 969 eorum
646 923 908 980 intellectus,
924 940 980 968 ne
991 940 1091 968 eum
1105 924 1272 984 possint
1283 924 1667 984 comprehendere.
1681 926 1738 967 Et

341 996 449 1057 quid
471 997 674 1040 dixerunt
708 994 799 1039 illi?
826 995 979 1050 Quasi,
1004 995 1236 1048 Quomodo
1265 1004 1353 1050 est,
1379 994 1501 1055 quod
1522 995 1738 1054 interpre-

341 1076 459 1112 tatur
482 1067 627 1111 Achis.
655 1066 864 1110 Dixerunt
884 1066 999 1109 enim
1020 1081 1029 1105 ·.
1062 1084 1081 1106 «
1106 1064 1338 1118 Quomodo
1360 1074 1503 1125 potest
1523 1064 1594 1109 hic
1612 1064 1738 1109 nobis

344 1156 366 1180 »
401 1136 504 1182 dare
522 1135 787 1180 manducare
806 1151 981 1180 carnem
1000 1138 1203 1180 suam³?»
1220 1136 1506 1196 Arreptitium
1523 1135 1739 1195 putabant

345 1209 582 1254 Dominum
602 1243 613 1263 ,
650 1217 694 1251 et
724 1207 889 1250 nescire
917 1207 1027 1266 quid
1058 1206 1329 1267 loqueretur,
1361 1215 1404 1250 et
1432 1206 1634 1250 insanire.
1660 1205 1739 1249 Ille

344 1289 492 1324 autem
514 1278 592 1339 qui
615 1286 795 1322 noverat
821 1277 939 1337 quod
966 1276 1138 1321 dicebat
1159 1277 1205 1320 in
1228 1276 1300 1320 illa
1321 1277 1563 1321 mutatione
1592 1275 1739 1321 vultus

343 1350 434 1405 sui⁷
461 1359 505 1393 ct
537 1347 661 1408 quasi
694 1348 841 1391 furore
873 1357 916 1390 et
936 1347 1124 1402 insania⁷
1160 1357 1426 1391 sacramenta
1450 1347 1736 1407 praedicabat,

344 1431 389 1465 et
411 1420 668 1474 affectabat,
689 1427 733 1462 et
756 1417 1082 1477 tympanizabat
1104 1418 1159 1461 ad
1176 1419 1283 1462 ostia
1306 1417 1503 1461 civitatis.

406 1493 486 1536 IX.
522 1490 820 1544 Quaerendum
843 1499 907 1534 est
936 1490 1044 1550 quid
1073 1490 1149 1546 sit,
1175 1499 1218 1534 et
1243 1491 1386 1550 ipsum
1410 1490 1668 1546 affectabat,
1699 1500 1743 1535 et

346 1560 402 1606 ad
425 1561 533 1606 ostia
556 1560 899 1620 tympanizabat.
921 1563 1017 1605 Non
1041 1560 1131 1604 sine
1151 1576 1277 1605 causa
1291 1560 1458 1605 dictum
1481 1570 1570 1616 est,
1601 1581 1620 1603 ι(
1641 1565 1743 1605 Pro-

348 1651 369 1674 »
406 1631 582 1676 cidebat
604 1630 659 1674 ad
681 1631 788 1675 ostia
807 1640 946 1691 portae
970 1649 979 1672 ε
1010 1649 1030 1671 »
1056 1647 1146 1676 non
1177 1632 1268 1675 sine
1299 1647 1437 1676 causa·
1459 1630 1626 1676 dictum
1650 1641 1738 1687 est,

351 1723 372 1746 «
408 1706 466 1747 Et
482 1701 625 1747 salivae
648 1701 941 1746 decurrebant
962 1718 1091 1761 super
1109 1703 1292 1746 barbam
1311 1704 1401 1763 ejus
1417 1703 1428 1728 ⁴
1446 1719 1453 1744 :
1476 1722 1495 1744 »
1521 1719 1611 1748 non
1633 1702 1744 1747 frus-

347 1782 413 1817 tra
431 1772 546 1816 dicta
567 1781 684 1816 sunt.
705 1772 908 1817 Mereede
920 1772 1218 1831 intelligentiae
1232 1772 1465 1817 diuturnus
1483 1786 1624 1818 sermo
1638 1789 1744 1818 one-

350 1860 473 1888 rosus
494 1859 687 1888 essenon
709 1842 855 1887 debet.
883 1844 1024 1888 Nostis
1040 1879 1051 1899 ‚
1068 1844 1239 1899 fratres,
1267 1847 1288 1888 J
1297 1844 1442 1888 udaeos
1462 1845 1574 1904 ipsos
1597 1861 1743 1889 coram

351 1916 514 1977 quibus
535 1915 610 1959 ille
623 1916 809 1959 mutavit
829 1915 1004 1959 vultum
1024 1931 1152 1960 suum
1167 1950 1178 1971 ,
1199 1925 1242 1959 et
1259 1915 1419 1959 dimisit
1432 1932 1504 1960 eos
1520 1951 1530 1971 ‚
1557 1926 1600 1961 et
1619 1918 1740 1972 abiit,

348 1987 481 2032 hodie
502 2001 670 2031 vacare.
700 1986 744 2031 Si
764 1985 828 2029 illi
851 1987 928 2046 qui
951 1986 1175 2031 Christum
1193 1987 1456 2042 amiserunt,
1479 2003 1589 2048 quos
1611 1987 1743 2032 dimi-

349 2059 405 2103 sit
440 2067 483 2102 et
525 2057 658 2112 abiit,
695 2057 860 2100 habent
888 2057 1064 2101 inanem
1096 2058 1389 2113 vacationem,
1426 2074 1503 2102 nos
1533 2059 1745 2103 habemus

350 2128 622 2174 fructuosam
642 2128 930 2182 vacationem,
951 2137 1000 2171 ut
1012 2127 1304 2186 intelligamus
1317 2128 1536 2172 Christum
1553 2130 1628 2189 qui
1650 2128 1745 2174 illos

352 2199 541 2253 dimisit,
559 2207 602 2242 et
622 2198 741 2242 venit
762 2197 818 2241 ad
835 2213 929 2242 nos.
947 2198 1104 2241 Omnia
1124 2213 1214 2242 non
1236 2197 1396 2242 frustra
1417 2198 1529 2242 facta
1551 2209 1653 2244 sunt
1673 2219 1680 2244 :
1703 2210 1746 2244 et

352 2270 399 2314 in
419 2269 494 2313 illo
510 2268 658 2312 furore
676 2268 815 2313 David
830 2303 841 2323 ‚
867 2266 989 2328 quod
1009 2267 1168 2312 dicitur
1194 2288 1202 2312 :
1229 2288 1248 2310 «
1265 2269 1535 2324 Affectabat‚
1560 2279 1604 2314 et
1629 2279 1745 2328 tym-

355 2359 378 2383 >›
412 2339 643 2400 panizabat
663 2338 719 2383 ad
741 2338 847 2383 ostia
869 2338 1052 2383 civitatis
1065 2347 1108 2382 et
1125 2338 1348 2383 serebatur
1368 2340 1413 2383 in
1426 2336 1741 2396 manibussuis‚

355 2432 376 2454 »
413 2420 456 2454 et
489 2409 744 2470 procidebat
775 2408 831 2453 ad
863 2410 971 2454 ostia
1006 2419 1169 2469 portae,
1209 2421 1253 2455 et
1282 2410 1424 2455 salivae
1453 2412 1746 2457 decurrebant

354 2502 375 2524 >›
412 2497 541 2541 super
555 2481 737 2525 barbam
751 2482 787 2541 ej
795 2497 858 2525 us.
876 2481 1124 2525 Affectabat
1137 2480 1209 2525 ine
1225 2501 1233 2525 :
1249 2481 1355 2542 quid
1368 2491 1432 2526 est
1445 2483 1705 2527 affectabat?
1720 2501 1738 2524 n

354 2556 576 2600 Ass'cctum
605 2552 811 2596 habebat.
838 2551 955 2605 Quid
977 2562 1041 2597 est
1058 2552 1264 2597 aflectum
1287 2553 1473 2597 habere?
1488 2555 1598 2607 Quia
1621 2570 1743 2599 com-

404 2648 414 2663 1
441 2652 450 2672 1
473 2642 550 2679 chg.
566 2649 634 2678 xxi,
658 2636 770 2679 14·-
788 2645 800 2660 2
819 2640 910 2670 Joan.
934 2649 976 2679 vi,
997 2638 1050 2680 32.
1073 2656 1113 2661 —-
1134 2638 1146 2661 3
1162 2639 1240 2671 Ibid.
1259 2639 1311 2671 313.
1336 2657 1377 2662 --
1396 2638 1411 2668 f,
1438 2652 1446 2671 1
1472 2643 1547 2681 lii-g.
1574 2651 1648 2681 xxi,
1671 2641 1719 2672 13.
