1833 3284
400 186 741 215 ΛΝΝΟΤΑΤιοΝυΜ
774 190 817 215 m
851 190 947 226 JOB,
987 189 1124 215 LtBElt.
1406 179 1458 216 65

79 273 100 295 «
134 255 288 299 Nonne
315 253 426 297 sieut
448 267 527 310 ego
547 262 782 311 conceptus
803 268 899 297 sum
925 253 969 296 in
992 261 1134 306 utero,
1160 262 1204 296 et
1225 252 1287 296 illi
1304 255 1314 279 ¹
1332 257 1349 296 ὲ)
1371 272 1390 295 »
1418 255 1462 298 in

74 322 364 367 sacramentis.
391 321 557 366 Eadem
589 322 703 366 enim
734 323 935 367 omnibus
961 322 1269 383 praedicantur,
1309 323 1460 368 eadem

75 393 274 439 credunt.
299 413 319 436 «
343 396 401 438 Et
417 392 577 438 fuimus
599 393 791 438 similiter
813 394 858 438 in
884 396 1063 438 ventre?
1082 413 1100 435 »
1133 397 1230 439 Non
1253 394 1368 439 enim
1390 395 1464 439 ille

75 464 198 508 aliter
220 463 462 520 renuntiat,
483 479 615 524 quam
638 463 731 519 ille,
757 465 833 525 qui
858 464 984 524 plene
1007 465 1244 509 serviturus
1268 475 1331 509 est
1355 469 1460 510 Deo.

79 554 100 578 «
135 538 191 580 Et
208 535 262 579 de
274 544 425 580 ventre
442 535 589 579 matris
608 550 716 579 meae
733 535 821 579 dux
843 535 902 579 eis
923 534 1029 580 fui2.
1059 554 1079 577 n
1109 535 1177 580 Ab
1198 536 1323 581 initio
1346 537 1463 580 enim

76 605 142 650 sui
159 605 253 649 haec
270 614 473 665 operatur
490 603 696 649 Ecclesia.
719 609 839 650 «Aut
854 605 888 650 si
903 605 1078 665 despexi
1093 606 1263 650 nudum
1276 623 1466 666 pereun-

78 693 100 717 »
134 684 221 720 tem
257 684 300 720 et
336 691 426 720 non
456 675 649 735 operui&
676 695 695 717 >⁹
738 676 780 721 Si
822 692 911 720 non
934 675 1020 720 fide
1059 676 1318 721 remissionis
1361 693 1466 737 pec-

75 755 270 790 catorum
287 780 299 801 ,
321 755 531 806 tanquam
555 746 748 790 tunicam
775 761 864 790 non
888 746 1148 802 habentem,
1172 746 1313 792 velavi
1335 764 1358 792 a
1381 765 1467 792 nu-

75 818 209 863 ditate
231 816 456 873 foeditatis,
482 816 529 861 id
546 827 623 873 est,
649 817 814 878 peccati
834 826 1106 877 pereuntem.
1127 820 1150 861 J
1155 833 1222 861 am
1242 819 1357 862 enim
1375 818 1470 863 des-

76 898 200 950 perat
220 888 505 933 multitudine
521 897 817 949 peccatorum.
844 890 901 932 Et
917 888 1020 932 hinc
1040 897 1125 943 est,
1160 906 1180 930 «
1198 891 1255 932 Et
1280 904 1469 949 quorum

79 978 100 1002 >›
135 969 250 1005 tecta
278 969 584 1020 suntpeccata
604 961 635 1003 ⁴.
666 961 945 1004 Infirmorum
974 959 1119 1003 sinon
1149 958 1470 1004 benedixerunt

76 1048 97 1073 »
135 1030 243 1075 mihi
283 1030 496 1075 humeri⁵z
524 1049 544 1071 »
590 1046 664 1090 spe
696 1029 1054 1084 immortalitatis,
1096 1039 1307 1090 tanquam
1338 1029 1471 1090 pallio

77 1100 265 1162 desuper
286 1101 494 1161 cooperti.
513 1104 576 1147 Ne
597 1111 743 1145 autem
767 1100 1008 1161 posttidem
1031 1101 1291 1145 remissionis
1314 1117 1471 1161 pecca-

76 1181 223 1217 torum
269 1172 469 1216 sufficere
496 1181 702 1232 putarent
724 1172 1041 1231 praeteritarum
1078 1187 1310 1231 poenarum
1349 1182 1471 1217 metu

76 1258 243 1298 carere,
280 1252 323 1287 et
349 1241 593 1302 inciperent
623 1257 794 1302 sperare
831 1241 1107 1302 temporalia,
1135 1243 1245 1286 bene
1268 1243 1424 1304 adjecit
1460 1263 1468 1288 :

79 1332 101 1356 «
135 1317 197 1358 De
224 1322 403 1357 tonsura
431 1312 579 1357 ovium
608 1327 802 1356 mearum
830 1311 1028 1357 calefacti
1061 1316 1211 1369 suntss,
1241 1332 1260 1354 >›
1299 1314 1420 1374 quod
1448 1330 1473 1358 a

75 1383 237 1443 frigore
254 1383 345 1443 spei
368 1392 569 1438 terrenae,
585 1381 628 1426 ill
636 1398 760 1427 orum
773 1383 979 1428 vindicati
990 1392 1092 1427 sunt
1105 1384 1468 1439 consideratione,

76 1454 110 1499 si
132 1453 318 1499 carnalia
347 1470 424 1513 per
446 1453 813 1498 renuntiationem
835 1463 1090 1513 posuerunt,
1116 1454 1314 1514 exemplo
1333 1455 1472 1514 gregis

76 1525 357 1569 detonsarum
369 1525 399 1568 ⁷.
424 1544 444 1566 «
463 1524 505 1569 Si
517 1522 658 1569 levavi
671 1539 800 1583 super
816 1522 1033 1583 pupillum
1048 1540 1228 1567 manum
1242 1540 1384 1568 meam
1398 1527 1431 1569 s,
1447 1542 1467 1566 η

75 1595 153 1656 qui
177 1612 264 1640 non
286 1594 549 1640 inveniendo
571 1603 755 1654 patrem,
781 1603 952 1653 poterat
973 1604 1215 1638 creaturam
1235 1594 1306 1639 vel
1329 1595 1473 1640 homi-

76 1681 177 1710 nem
200 1665 336 1726 sequi.
355 1684 382 1726 ³«
397 1664 557 1709 Fidens
572 1700 582 1720 ,
604 1664 706 1725 quia
723 1664 831 1708 mihi
844 1674 906 1708 est
921 1664 1186 1725 adjutorium
1210 1665 1401 1710 multum
1419 1685 1428 1711 :
1446 1685 1466 1707 n

75 1737 225 1782 volens
252 1737 311 1781 eis
343 1735 572 1780 dominari.
603 1755 622 1777 «
648 1735 850 1780 Discedat
878 1737 1085 1780 humerus
1113 1752 1235 1780 meus
1266 1753 1290 1780 a
1318 1735 1470 1796 iugulo

80 1826 99 1849 »
126 1808 241 1852 meo⁹
264 1825 308 1851 z»
335 1806 455 1866 quod
471 1806 535 1850 his
549 1806 777 1864 contingit,
795 1805 870 1866 qui
888 1822 932 1850 sc
955 1806 1010 1849 ab
1033 1805 1225 1850 Ecclesia
1248 1816 1465 1866 separant,

76 1877 182 1922 dum
210 1876 367 1922 volunt
389 1875 560 1937 populis
583 1875 824 1931 dominari,
856 1886 906 1921 ut
929 1877 1226 1936 praecisionem
1250 1878 1468 1937 praecisio-

75 1949 143 1993 nis
164 1949 400 2008 patiantur.
428 1952 509 1992 Per
531 1948 764 1991 humerum
788 1957 934 1991 autem
957 1957 1033 1991 aut
1054 1948 1281 1992 brachium
1297 1984 1308 2003 ,
1334 1949 1468 2007 signi-

63 2020 264 2064 -ficantur
297 2019 501 2063 actiones.
533 2018 720 2062 «Timor
747 2018 864 2061 enim
894 2018 1111 2063 continuit
1133 2034 1202 2062 me
1240 2038 1248 2063 :
1278 2037 1297 2060 »
1323 2035 1378 2063 ne
1399 2019 1466 2064 le-

76 2100 197 2136 varet
228 2105 408 2134 manum
440 2105 569 2149 super
597 2088 830 2149 pupillum.
867 2092 967 2134 «Et
988 2106 1010 2133 a
1033 2091 1228 2149 pondere
1256 2091 1346 2150 ejus
1375 2107 1466 2136 non

79 2180 100 2204 »
135 2161 358 2206 sustinebo
377 2163 429 2206 ¹⁰:
456 2179 476 2202 »
517 2161 550 2204 si
582 2161 667 2205 hoe
702 2160 833 2204 velim
865 2170 915 2205 ut
946 2160 1165 2220 pupillum
1199 2164 1460 2220 opprimam.

80 2253 101 2276 «
136 2232 265 2277 Posui
293 2247 450 2276 aurum
471 2232 605 2277 robur
632 2247 779 2275 meum
803 2252 811 2276 :
835 2251 854 2273 n
882 2232 1100 2292 numquid
1126 2234 1382 2293 praesumpsi
1410 2234 1465 2279 de

76 2302 274 2348 doctrina
291 2311 367 2346 aut
387 2302 594 2362 sapientia
617 2302 709 2347 Dei.
739 2321 759 2344 «
784 2301 913 2356 Quod
935 2302 968 2346 si
985 2311 1028 2346 et
1049 2302 1093 2345 in
1111 2301 1254 2362 lapide
1276 2303 1466 2362 pretioso

124 2406 134 2423 ¹
151 2396 418 2440 Job.xxx1,14‚
438 2398 488 2430 15.
509 2415 550 2421 —
571 2398 679 2430 ²1bid.
706 2398 756 2430 18.
779 2415 820 2421 —
838 2396 850 2421 3
870 2398 950 2430 Ibid.
972 2409 1022 2441 19.
1040 2416 1081 2422 --
1107 2397 1122 2428 4
1144 2398 1226 2431 Psal.
1251 2410 1349 2441 xxxi,
1372 2413 1398 2433 1,
1421 2419 1464 2425 —-

76 2453 92 2478 ⁵
108 2454 183 2487 Job.
203 2464 291 2495 xxxi,
313 2462 368 2486 20.
390 2470 432 2477 —·
451 2451 467 2476 ⁶
485 2453 564 2486 lbid.
584 2470 623 2476 -
649 2461 661 2486 7
682 2456 773 2487 cant.
797 2464 844 2495 iv,
864 2463 895 2486 2.
913 2470 954 2476 -—
974 2453 988 2474 ⁸
1004 2454 1077 2486 Job.
1101 2465 1186 2495 xxxi,
1213 2463 1267 2486 21.
1290 2472 1327 2477 —-
1344 2462 1359 2486 9
1378 2456 1459 2489 lb'd.

77 2518 131 2543 22.
151 2525 194 2533 -
210 2514 239 2533 ¹⁰
254 2507 335 2541 lbid.
351 2508 405 2540 23.

293 2573 414 2602 CLV.
1252 2565 1275 2601 Γ)
