1833 3284
371 317 613 346 ENARRATIO
645 320 678 346 11
710 320 755 346 IN
787 318 990 347 PsALMUM
1021 319 1135 346 XXXI.
1366 306 1450 347 459

70 385 290 444 Sequitur,
317 403 335 424 «
353 386 405 427 In
427 382 706 428 tribulatione
729 384 940 444 patientes
956 386 984 427 ².
1011 383 1230 428 Exultatio
1243 399 1359 439 mea,
1380 393 1450 427 re‘-

68 474 90 497 »
126 454 243 499 dime
259 469 345 498 me.
374 472 394 495 »
418 456 512 498 Jam
527 454 788 514 justificatus
818 463 910 498 erat
925 463 968 497 et
985 454 1217 514 Apostolus
1246 475 1254 499 :
1280 464 1322 498 et
1344 454 1453 514 quid

0 561 1 571 ,
66 525 150 570 ait?
176 544 196 567 «
216 528 314 571 Non
331 524 494 580 solum,
515 525 674 586 inquit,
700 524 775 569 sed
792 524 921 569 etiam
944 540 1023 569 nos
1044 524 1124 584 ipsi
1142 524 1349 584 primitias
1370 525 1451 569 ha-

0 603 2 614 *
68 615 90 640 »
125 597 278 641 bentes
298 596 497 656 Spiritus,
522 606 566 641 et
583 597 662 656 ipsi
673 597 719 641 in
740 596 1061 656 nobismetipsis
1083 596 1448 654 ingemiscimus.»

67 667 215 723 Unde,
234 667 453 712 «Redime
466 669 561 712 me?
576 668 686 721 Quia
703 667 789 727 Ipsi
810 667 856 711 in
873 666 1192 727 nobismetipsis
1212 666 1455 726 ingemisci-

67 756 88 780 »
95 737 493 797 mus‚adoptionem
503 747 793 798 expectantes,
806 737 1149 797 redemptionem
1158 737 1349 797 corporis
1358 752 1454 782 nos-

68 808 202 852 »tri².
223 826 243 850 »
275 811 388 853 Ecce
410 824 514 867 ergo
540 808 658 852 unde
679 807 898 853 «Redime
921 824 1013 866 me,
1032 827 1051 849 »
1081 808 1183 868 quia
1210 808 1355 852 adhuc
1378 823 1454 851 ex-

64 889 288 941 pectamus
316 881 361 924 in
385 880 510 925 nohis
538 880 868 939 ingemiscentes
896 878 1241 939 redemptionem
1262 880 1455 939 corporis

64 952 214 996 nostri.
254 950 379 996 Unde
414 967 517 1011 ergo
546 951 797 996 «Exultatio
825 953 980 995 meaffi»
1009 950 1076 994 Ibi
1108 950 1304 1010 sequitur
1336 949 1455 995 idem

63 1021 324 1082 Apostolus,
364 1032 407 1067 et
434 1022 561 1077 dicit,
596 1042 617 1064 «
637 1025 720 1082 Spe
751 1022 868 1066 enim
891 1021 996 1066 salvi
1025 1020 1129 1066 facti
1150 1037 1300 1067 sumus
1325 1039 1334 1063 :
1360 1037 1455 1082 spes

67 1110 88 1136 »
123 1102 270 1137 autem
288 1109 388 1153 quae
405 1093 596 1149 videtur,
613 1109 703 1137 non
719 1102 784 1138 est
798 1108 911 1152 speS.
924 1092 1055 1146 Quod
1067 1093 1183 1137 enim
1201 1091 1322 1137 videt
1338 1093 1452 1153 quis,

66 1182 86 1206 »
125 1165 234 1225 quid
267 1166 439 1225 sperat?
474 1165 517 1210 Si
546 1174 692 1209 autem
722 1164 843 1225 quod
864 1181 954 1209 non
976 1165 1175 1209 videmus
1203 1179 1453 1225 speramus,

67 1253 88 1277 »
121 1250 200 1295 per
227 1235 482 1295 patientiam
515 1237 840 1295 expectamusss.
871 1254 891 1278 »
925 1236 968 1281 Si
993 1251 1136 1295 speras
1155 1271 1165 1291 ‚
1203 1236 1392 1295 gaudes,
1422 1236 1456 1280 si

63 1320 141 1366 per
162 1306 418 1365 patientiam
445 1316 665 1366 expectas,
704 1307 849 1350 adhuc
877 1306 1009 1364 gemis
1041 1326 1050 1351 z
1085 1321 1175 1351 non
1206 1307 1322 1350 enim
1346 1322 1458 1366 opus

64 1385 128 1421 est
150 1376 386 1436 patientia,
416 1377 495 1421 ubi
521 1376 632 1421 nihil
661 1376 764 1421 mali
795 1377 1046 1436 perpeteris.
1085 1376 1329 1422 Tolerantia
1356 1392 1457 1438 quae

64 1446 240 1502 dicitur,
291 1448 499 1507 patientia
526 1464 626 1508 quae
659 1447 835 1502 dicitur,
862 1448 1118 1493 sustinentia
1151 1464 1251 1508 quae
1273 1447 1454 1503 dicitur,

62 1517 370 1577 longanimitas
393 1534 492 1579 quae
518 1518 694 1574 dicitur,
719 1534 809 1563 non
830 1528 894 1563 est
921 1519 1001 1563 nisi
1019 1519 1064 1562 in
1086 1518 1224 1563 malis.
1252 1519 1339 1563 Ubi
1355 1535 1459 1579 pre-

63 1589 206 1644 meris,
227 1588 290 1632 ibi
307 1589 505 1647 angustia
527 1598 604 1632 est.
621 1591 738 1648 Ergo
751 1589 785 1633 si
803 1604 878 1648 per
896 1590 1150 1649 patientiam
1162 1599 1454 1649 expectamus,

64 1656 210 1703 adhuc
239 1659 422 1703 dicimus
437 1694 447 1714 ,
474 1658 657 1703 Redime
690 1674 760 1702 me
784 1675 806 1703 a
828 1674 1027 1718 pressura
1049 1675 1148 1720 quae
1170 1659 1460 1705 circumdedit

63 1743 134 1773 me
159 1748 170 1774 ι
194 1729 297 1789 quia
317 1745 422 1774 vero
441 1744 516 1788 spe
531 1728 637 1774 salvi
649 1728 754 1773 facti
767 1745 932 1785 sumus,
950 1729 1081 1774 simul
1097 1739 1334 1791 utrumque
1346 1730 1459 1775 dici-

63 1814 160 1843 mus
176 1834 188 1855 ,
225 1818 245 1842 «
260 1798 481 1844 Exultatio
504 1815 622 1856 mea,
644 1798 809 1844 redime
827 1815 912 1844 me.
933 1819 953 1842 κ)

121 1872 246 1914 XXI.
282 1871 604 1930 Respondetur‚
634 1870 948 1916 «Intellectum
974 1871 1087 1916 dabo
1110 1872 1206 1916 tibi.
1231 1890 1252 1914 υ
1276 1876 1373 1932 Ipse
1395 1882 1460 1918 est

63 1935 260 1987 Psalmus
280 1940 594 1999 intelligentiae.
621 1960 638 1982 «
656 1941 938 1986 Intellectum
960 1941 1077 1986 dabo
1100 1941 1198 1997 tibi,
1215 1952 1258 1986 et
1271 1952 1460 1988 statuam

68 2029 88 2053 »
123 2020 166 2056 te
182 2011 228 2056 in
244 2011 313 2057 via
330 2012 411 2056 hac
428 2047 439 2067 ,
465 2028 553 2072 qua
576 2011 822 2071 gradieris&
854 2030 873 2053 »
895 2012 1012 2066 Quid
1035 2021 1100 2056 est
1116 2047 1127 2068 ,
1158 2032 1177 2054 «
1197 2015 1394 2058 Statuam
1416 2023 1460 2058 te

66 2101 88 2125 n
122 2083 170 2126 in
189 2082 259 2128 via
276 2083 373 2138 hac,
394 2099 481 2144 qua
505 2082 712 2142 gradieris
725 2085 742 2127 Ρ
755 2102 773 2124 n
796 2085 894 2129 Non
906 2092 956 2127 ut
969 2083 1134 2128 haereas
1150 2083 1229 2139 ibi,
1249 2083 1327 2128 sed
1339 2094 1390 2129 ut
1403 2085 1458 2129 ab

64 2169 116 2198 ea
141 2169 232 2198 non
255 2154 442 2199 aberres.
471 2155 594 2200 Dabo
614 2154 887 2199 intellectum
902 2190 912 2210 ,
938 2164 988 2199 ut
1009 2170 1243 2214 cognoscas
1276 2165 1319 2200 te
1346 2172 1462 2201 sem-

64 2240 158 2285 per,
183 2234 226 2269 et
248 2240 418 2285 semper
440 2224 628 2284 gaudeas
656 2226 701 2269 in
721 2241 795 2285 spe
823 2225 880 2270 ad
907 2229 1047 2270 Deum
1065 2248 1076 2285 3
1096 2226 1236 2271 donec
1262 2226 1318 2271 ad
1341 2226 1462 2272 illam

64 2296 250 2356 patriam
272 2297 496 2356 pervenias
512 2333 522 2352 ‚
546 2297 624 2341 ubi
639 2298 730 2357 jam
753 2313 842 2342 non
870 2313 965 2357 spes
980 2333 991 2352 ,
1018 2297 1093 2342 sed
1116 2314 1181 2342 res
1205 2298 1302 2343 erit.
1332 2318 1349 2339 «
1364 2299 1460 2343 Ob-

69 2386 88 2408 »
123 2366 310 2411 firmabo
331 2382 460 2427 super
480 2376 521 2411 te
543 2366 691 2412 oculos
710 2383 843 2412 meos.
864 2388 882 2409 »
908 2371 1006 2413 Non
1028 2385 1052 2413 a
1072 2378 1114 2413 te
1137 2368 1333 2414 auferam
1352 2386 1460 2414 ocu-

64 2436 130 2482 los
160 2453 300 2494 meos,
330 2439 432 2499 quia
455 2448 499 2482 et
520 2448 570 2483 tu
592 2455 682 2483 non
702 2438 870 2484 auferes
895 2456 918 2484 a
947 2455 1015 2483 me
1037 2439 1186 2484 oculos
1220 2450 1329 2485 tuos.
1361 2443 1460 2485 Jam

60 2507 343 2568 justificatus,
364 2509 455 2569 jam
488 2519 587 2569 post
608 2510 902 2554 remissionem
924 2519 1203 2569 peccatorum
1224 2509 1320 2556 leva
1349 2527 1459 2556 ocu-

63 2576 128 2623 los
145 2586 243 2623 tuos
264 2578 320 2624 ad
340 2581 494 2623 Deum.
521 2583 752 2625 Putruerat
780 2581 896 2624 enim
913 2595 988 2625 cor
1004 2590 1131 2626 tuum
1153 2597 1255 2626 cum
1281 2591 1391 2627 esset
1412 2583 1458 2626 in

114 2669 124 2684 ¹
143 2664 232 2695 Rom.
253 2674 308 2705 xu,
332 2672 384 2696 12.
408 2681 447 2686 -—
463 2671 476 2688 ²
491 2664 537 2697 Id.
555 2675 621 2707 vin,
635 2664 689 2698 23.
710 2681 752 2690 -·
775 2663 789 2690 3
803 2665 883 2699 Ibid.
906 2663 961 2707 24,
980 2666 1035 2699 25.
1052 2665 1124 2694 -4
1145 2666 1228 2699 psal.
1249 2677 1339 2704 xxxi,
1359 2667 1397 2700 8.
