1833 3284
382 162 726 192 ANNOTATIONUM
759 147 908 205 rnf'Joss
920 182 932 203 ‚
968 165 1106 191 LIBER.
1392 156 1442 193 31

51 228 186 273 boles.
214 246 235 271 α
260 226 346 276 Sed
367 243 518 273 carnes
539 229 631 288 ejus
653 243 782 289 super
807 244 908 273 eum
930 228 1169 274 doluerunt
1183 231 1195 255 ²
1217 248 1225 274 ε
1255 247 1276 273 »
1302 230 1348 274 id
1365 240 1444 286 est,

52 297 182 342 talem
198 296 495 347 conditionem
516 313 639 342 suam
658 299 792 344 homo
812 298 1043 344 carnaliter
1061 298 1198 355 dolet,
1224 309 1268 344 et
1285 300 1447 353 anima-

47 368 147 414 liter
162 369 300 429 luget.
325 368 536 429 Spiritalis
558 369 676 414 enim
697 371 842 428 novit,
859 371 962 432 quia
984 380 1028 416 et
1046 371 1082 416 si
1105 371 1293 417 exterior
1311 372 1446 417 homo

49 440 374 500 corrumpitur,
399 439 476 485 sed
511 440 690 486 interior
724 451 958 489 renovatur
990 442 1045 487 de
1083 442 1155 487 die
1194 443 1242 487 in
1269 441 1442 488 diem2:

49 512 152 572 quia
171 511 256 556 hoc
277 510 370 555 fieri
390 510 522 556 sentit
540 511 587 554 in
609 527 654 556 se
674 513 783 572 ipso.

107 583 204 626 XV.
231 583 379 626 VERBA
401 584 594 626 EL1P1÷1Az
629 586 918 628 ΤΗΕΜΑΜΤΙε,
948 603 969 626 «
993 586 1050 628 Et
1072 583 1272 643 implevit
1293 583 1444 629 dolore

52 671 72 694 »
106 654 346 697 ventrem3.
378 671 399 695 »
431 653 615 713 Spiritus
637 654 755 699 enim
782 654 972 699 scientiae
1001 670 1078 714 per
1099 653 1443 700 consolationem

48 733 171 768 sanat
199 724 344 784 potius
371 741 396 768 a
421 723 647 770 doloribus
669 744 677 770 ;
703 736 753 770 tu
775 734 922 769 autem
953 726 1030 785 qui
1058 725 1212 786 imples
1245 736 1443 771 ventrem

47 793 214 850 dolore,
239 811 329 840 non
351 796 505 856 spiritu
527 796 718 840 scientiae
741 796 990 856 respondes.
1018 815 1038 837 «
1062 799 1218 840 Nonne
1243 806 1291 841 tu
1313 813 1444 858 repu-

50 883 70 906 »
102 864 191 910 listi
207 866 439 911 timorem?
458 885 477 908 »
498 869 638 911 Deum
653 883 744 911 non
761 866 958 922 timuisti,
973 866 1018 910 in
1037 882 1138 911 eum
1157 867 1260 911 talia
1277 868 1440 913 dicens.

50 955 72 978 «
105 939 162 981 Et
183 937 350 996 elegisti
375 937 574 997 linguam
594 938 813 983 malorum
841 958 850 984 :
878 956 898 980 n
925 954 1011 998 qua
1039 939 1238 983 homines
1259 938 1443 984 maledi-

47 1018 170 1053 cunt.
201 1028 220 1051 «
246 1008 362 1063 Quid
385 1009 529 1054 enim?
556 1009 782 1070 Numquid
809 1010 974 1070 primus
1000 1010 1135 1054 homo
1165 1019 1294 1055 natus
1317 1012 1394 1056 es?
1418 1030 1437 1052 »

46 1079 149 1139 quia
171 1088 344 1125 tantum
368 1081 580 1140 superbis.
612 1100 632 1123 «
656 1084 747 1125 Aut
773 1090 873 1125 ante
890 1080 1022 1126 colles
1040 1090 1268 1126 concretus
1290 1082 1392 1126 es⁴P
1416 1100 1438 1123 »

45 1149 192 1194 Etiam
223 1160 394 1195 montes
422 1151 598 1195 nomine
628 1150 807 1195 collium
837 1151 1134 1211 accipiendos,
1159 1151 1206 1196 id
1228 1161 1315 1209 est,
1340 1162 1442 1197 ante

45 1235 198 1265 omnes
225 1221 428 1277 virtutes,
454 1221 629 1281 spiritus
654 1231 870 1282 potentes.
901 1242 922 1266 «
950 1221 1036 1267 Sed
1063 1232 1107 1267 et
1135 1238 1265 1267 senex
1290 1233 1335 1268 et
1361 1223 1442 1268 de-

48 1309 70 1332 »
105 1292 295 1352 crepitus
315 1292 362 1336 in
388 1292 510 1337 nobis
538 1302 617 1337 est.
646 1311 666 1335 »
696 1293 782 1346 Qui
801 1294 909 1338 sciat
929 1294 1061 1338 etiam
1083 1311 1183 1355 quae
1203 1310 1282 1339 nos
1302 1295 1442 1340 nesci-

44 1378 158 1418 mus,
183 1373 248 1408 est
269 1362 492 1408 internos.
522 1382 542 1406 «
570 1363 687 1417 Quid
709 1379 864 1409 ausum
887 1363 972 1410 suit
995 1381 1070 1410 cor
1096 1375 1242 1422 tuum,
1267 1375 1311 1410 et
1332 1365 1441 1426 quid

47 1452 68 1476 »
103 1434 407 1479 sustinuerunt
423 1432 542 1480 oculi
563 1434 660 1479 tui?
685 1453 705 1477 n
727 1442 1025 1495 speraverunt.
1052 1456 1072 1479 «
1098 1436 1217 1490 Quid
1238 1437 1354 1482 enim
1376 1447 1441 1482 est

46 1522 67 1546 »
101 1505 236 1550 homo
254 1515 307 1550 ut
326 1507 381 1551 sit
402 1506 493 1550 sine
517 1505 728 1550 crimine?
749 1525 768 1547 »
795 1506 916 1566 quod
941 1516 985 1551 et
1012 1517 1063 1552 tu
1084 1507 1243 1553 dixisti.
1272 1527 1292 1550 «
1321 1508 1365 1554 Si
1393 1509 1439 1553 in

47 1593 67 1617 »
103 1576 261 1620 sanctis
283 1577 376 1637 ejus
392 1592 484 1620 non
502 1585 567 1620 est
583 1574 740 1621 fides⁵:
763 1595 783 1618 »
797 1586 976 1637 propter
990 1578 1153 1623 incerta
1170 1588 1436 1640 temporum,

42 1647 205 1708 quibus
231 1647 493 1709 plerumque
520 1646 760 1705 falluntur,
782 1659 834 1694 ut
854 1649 994 1695 multa
1015 1649 1179 1708 dicant,
1200 1661 1245 1696 et
1260 1667 1351 1697 non
1372 1651 1439 1697 fa-

43 1719 177 1765 ciant.
205 1740 225 1763 «
249 1723 307 1765 Et
328 1720 492 1766 coelum
516 1736 606 1766 non
624 1731 688 1767 est
711 1720 931 1766 mundum
953 1731 1054 1766 ante
1070 1738 1172 1767 eum
1194 1742 1202 1768 :
1227 1742 1247 1765 »
1272 1739 1352 1784 pro
1373 1724 1440 1768 his

43 1792 122 1852 qui
142 1791 345 1836 habitant
369 1792 416 1836 in
435 1791 550 1837 coelo
572 1812 580 1837 ε
608 1802 684 1837 aut
705 1802 822 1837 certe
851 1792 1015 1838 coelum
1044 1809 1124 1854 pro
1152 1794 1254 1855 ipsis
1281 1795 1439 1840 sanctis

43 1862 242 1922 ponitur,
267 1862 371 1923 quia
392 1863 439 1906 in
459 1863 526 1908 his
547 1863 716 1908 habitat
736 1867 866 1908 Deus.
896 1883 917 1906 «
943 1866 1052 1917 Quae
1079 1865 1292 1925 sapientes
1315 1865 1438 1910 dixe-

47 1951 66 1975 »
102 1943 228 1989 runt,
251 1944 294 1978 et
321 1949 412 1978 non
443 1933 697 1979 celaverunt
725 1943 926 1994 parentes
953 1937 1094 1979 suosss.
1120 1936 1273 1989 »Quia
1307 1937 1438 1981 etiam

44 2003 210 2048 Judaeis
247 2002 446 2064 Apostoli
484 2003 851 2063 praedicaverunt.
895 2024 916 2047 «
953 2006 1059 2066 Ipsis
1098 2006 1199 2050 solis
1238 2007 1340 2052 data
1374 2017 1439 2052 est

48 2094 68 2117 »
104 2084 246 2120 terra:
274 2094 294 2116 »
321 2075 624 2120 inhabitanda.
663 2096 683 2118 «
713 2079 802 2121 Nec
829 2078 1080 2137 supervenit
1102 2077 1185 2123 illis
1206 2078 1439 2140 quisquam

46 2164 67 2188 »
102 2148 358 2191 extraneus⁷
383 2167 391 2192 ε
429 2165 449 2188 ))
479 2163 560 2191 nec
582 2156 755 2191 sanctus
778 2147 910 2192 homo
938 2146 1010 2192 vel
1030 2148 1224 2208 Angelus
1247 2170 1255 2194 ε
1287 2150 1333 2195 id
1354 2160 1433 2206 est,

44 2217 92 2262 in
108 2218 339 2262 securitate
355 2218 656 2277 possidebunt.
677 2237 698 2260 u
718 2220 830 2263 Cum
849 2219 1100 2279 putaverint
1121 2236 1165 2264 se
1182 2236 1271 2266 esse
1287 2222 1378 2282 jam
1396 2222 1442 2266 in

48 2308 69 2332 »
103 2305 228 2349 pace.
266 2307 287 2331 υ
323 2293 390 2334 Ita
420 2289 547 2346 dicit,
577 2291 700 2351 quasi
725 2291 810 2335 hoc
842 2300 970 2351 putet
997 2292 1077 2352 ipsi
1110 2293 1195 2337 Job
1229 2293 1437 2339 evenisse.

50 2380 71 2404 «
104 2364 203 2408 Non
232 2360 372 2407 credit
401 2362 597 2407 converti
627 2378 652 2408 a
680 2363 900 2407 tenebris:
929 2381 951 2404 »
976 2379 1067 2408 non
1097 2364 1237 2409 credit
1259 2375 1309 2410 ut
1329 2382 1438 2410 con-

95 2466 106 2483 ¹
125 2460 200 2492 Job.
218 2471 296 2503 xlv,
317 2471 374 2502 21,
393 2469 446 2492 22.
476 2477 518 2482 —
538 2467 552 2482 ²
567 2469 587 2492 2
609 2462 745 2501 Cor.1v‚
775 2460 825 2492 16.
842 2477 885 2483 ·-—
904 2458 918 2483 3
935 2460 1009 2494 Job.
1032 2473 1087 2501 xv,
1108 2471 1139 2495 2.
1160 2479 1202 2486 -
1219 2461 1432 2506 41bid.4-6.

48 2533 90 2539 —
110 2514 220 2549 ⁵1bid.
241 2516 356 2549 10-15.
379 2533 422 2539 —
440 2514 551 2549 GIbid.
572 2516 622 2549 18.
643 2533 686 2540 —‘
704 2516 813 2551 71bid.
842 2528 892 2560 19.
