1833 3284
215 240 455 272 malumno
488 244 519 269 11
552 245 597 270 m·
632 243 834 272 PsALMUM
867 247 1035 285 xxx111‚
1070 246 1196 275 sarm.
1229 251 1276 275 ιι.
1383 239 1465 276 525

83 304 290 368 Quisquis
322 317 413 363 est,
439 308 594 353 fratres
611 344 622 365 ‚
654 310 700 353 in
726 326 908 370 corpore
937 313 1128 368 Christi,
1156 312 1210 358 ad
1231 315 1316 358 hoc
1337 313 1470 358 debet

82 377 185 421 dare
215 393 413 438 operam,
440 388 490 429 ut
517 380 819 439 magnificetur
841 398 941 426 cum
973 382 1047 426 illo
1075 383 1302 429 Dominus.
1341 388 1471 428 Amat

83 448 199 492 enim
213 448 448 493 Dominum
474 449 669 510 quisquis
688 459 752 494 est
771 451 862 495 iste.
882 455 940 496 Et
959 453 1182 513 quomodo
1194 453 1318 497 illum
1336 462 1466 498 amat.

84 520 142 563 Ut
155 534 245 563 non
257 518 452 563 invideat
465 520 714 564 co-amatori
730 537 822 566 suo.
844 522 1048 582 Quisquis
1062 523 1177 567 enim
1191 533 1306 568 amat
1325 540 1472 568 carna-

82 588 203 645 liter,
225 604 398 633 necesse
420 599 485 634 est
505 599 555 633 ut
577 605 678 634 cum
701 589 793 635 zelo
809 591 1014 651 pestifero
1036 603 1152 638 amet
1173 613 1181 638 :
1205 595 1239 639 si
1258 594 1371 639 sorte
1392 610 1471 654 pro

82 675 241 719 magno
261 659 425 706 nudam
446 660 594 706 videre
615 663 826 722 potuerit,
852 680 983 725 quarn
1006 664 1210 725 pestifero
1233 682 1378 710 amore
1399 665 1473 710 de-

82 731 288 777 sideravit
301 767 313 788 ,
334 732 551 793 numquid
570 733 668 778 vult
689 742 739 777 ut
759 733 905 779 videat
927 735 1047 780 issam
1068 748 1108 780 et
1134 736 1271 781 alius?
1293 740 1473 783 Necesse

83 812 150 848 est
168 812 219 848 ut
238 802 331 848 zelo
349 812 392 848 et
413 803 548 849 livore
575 804 791 849 saucietur
809 840 820 860 ,
843 805 877 850 si
905 815 948 850 et
970 805 1078 851 alius
1098 822 1193 851 eam
1220 807 1391 852 viderit.
1418 810 1475 852 Et

84 876 143 920 sic
173 884 368 920 servatur
400 875 569 920 castitas
586 911 597 931 ,
635 875 668 920 si
690 885 765 920 aut
786 875 858 920 ille
880 876 1024 922 videat
1045 877 1116 922 cui
1139 877 1242 923 licet
1258 913 1268 933 ,
1301 889 1344 922 et
1366 879 1475 923 alius

84 961 174 990 non
190 944 336 989 videat
350 981 362 1001 ‚
384 955 460 990 aut
480 961 561 990 nec
574 946 680 1005 ipse.
704 948 802 990 Non
816 947 875 991 sic
895 956 959 991 est
978 947 1194 1007 Sapientia
1216 949 1294 992 Dei
1320 968 1329 992 z
1358 948 1476 993 vide-

83 1016 229 1061 bimus
249 1015 368 1060 illam
386 1015 496 1061 facie
513 1015 569 1060 ad
581 1015 736 1061 faciem
752 1052 763 1072 ‚
781 1026 825 1061 et
837 1032 987 1061 omnes
1000 1017 1261 1070 videbimus,
1282 1027 1326 1062 et
1346 1034 1476 1063 nemo

84 1086 148 1130 ibi
168 1084 338 1130 zelabit.
359 1086 576 1130 Omnibus
594 1102 638 1130 se
656 1086 852 1142 exhibet,
875 1095 918 1131 et
938 1087 1105 1146 integra
1127 1097 1191 1131 est
1208 1100 1247 1131 et
1265 1097 1381 1132 casta
1413 1097 1477 1133 est

85 1156 304 1202 omnibus.
324 1154 394 1201 Illi
406 1165 635 1201 mutantur
647 1158 692 1201 in
711 1172 822 1212 eam,
844 1157 992 1217 etipsa
1008 1158 1053 1201 in
1066 1173 1138 1202 eos
1155 1174 1245 1202 non
1263 1167 1472 1202 mutatur.

87 1231 185 1287 Ipsa
208 1237 272 1272 est
291 1228 471 1283 veritas,
495 1227 586 1287 ipsa
621 1236 684 1271 est
712 1230 841 1271 Deus.
877 1228 1105 1288 Numquid
1136 1227 1370 1288 aliquando
1403 1245 1479 1273 au-

88 1297 209 1343 distis
224 1333 236 1354 ‚
275 1296 430 1342 fratres
445 1332 457 1353 ,
498 1296 618 1358 quod
646 1298 837 1358 potuerit
873 1300 1133 1342 commutari
1172 1302 1286 1343 Deus
1304 1301 1478 1343 noster?

90 1369 424 1429 Supereminens
445 1368 648 1413 omnibus
669 1368 824 1413 veritas
852 1378 940 1423 est,
973 1370 1167 1413 Verbum
1188 1369 1265 1414 Dei
1287 1379 1374 1425 est,
1402 1372 1479 1415 Sa-

87 1440 251 1500 pientia
269 1439 347 1484 Dei
370 1449 454 1495 est,
479 1455 557 1499 per
578 1455 710 1499 quem
732 1437 845 1483 facta
879 1449 982 1483 sunt
1003 1440 1147 1484 omnia
1173 1459 1181 1484 ι
1208 1440 1340 1484 habet
1359 1457 1479 1484 ama-

90 1520 204 1556 tores
226 1526 340 1555 suos.
371 1509 455 1555 Sed
484 1510 593 1571 quid
625 1509 730 1555 dicit
758 1519 923 1555 amator
959 1510 1123 1570 ipsius?
1153 1530 1173 1553 «
1203 1511 1480 1570 Magnificate

91 1600 112 1623 »
138 1581 374 1626 Dominum
393 1596 583 1625 mecum.
612 1598 633 1621 »
659 1579 770 1625 Nolo
792 1579 907 1625 solus
929 1581 1206 1640 magnificare
1218 1581 1477 1637 Dominum,

88 1651 194 1696 nolo
226 1651 343 1696 solus
371 1666 537 1706 amare,
564 1650 669 1695 nolo
701 1650 818 1695 solus
839 1651 1057 1711 amplecti.
1082 1655 1180 1704 Non
1202 1651 1316 1695 enim
1337 1653 1371 1696 si
1399 1667 1479 1711 ego

89 1722 311 1783 amplexus
325 1721 466 1777 fuero,
483 1722 719 1766 nonhabet
732 1721 840 1766 alius
853 1722 931 1766 ubi
944 1738 1096 1767 manus
1109 1732 1258 1783 ponat.
1274 1723 1480 1768 Latitudo

90 1803 211 1839 tanta
245 1802 310 1838 est
330 1793 376 1836 in
398 1793 486 1850 ipsa
516 1792 757 1852 Sapientia,
782 1802 832 1836 ut
866 1809 1016 1837 omnes
1039 1793 1193 1837 animae
1211 1793 1480 1853 amplectan-

90 1875 162 1911 tur
176 1874 219 1909 θῖ
247 1862 546 1924 perfruantur.
579 1866 636 1907 Et
663 1862 771 1922 quid
804 1863 968 1918 dicam,
994 1863 1178 1908 fratres?
1206 1864 1482 1908 Erubescant

91 1936 170 1997 qui
192 1935 252 1979 sic
274 1942 419 1978 amant
440 1936 581 1978 Deum
599 1967 610 1988 ,
637 1942 686 1976 ut
706 1932 930 1977 invideant
952 1932 1067 1976 aliis?
1089 1934 1294 1991 Aurigam
1322 1934 1482 1993 perditi

91 2006 290 2051 homines
307 2013 469 2060 amant,
491 2014 534 2048 et
558 2003 753 2064 quisquis
775 2003 982 2048 amaverit
1000 2003 1191 2061 aurigam
1210 2014 1286 2048 aut
1305 2014 1484 2049 venato-

91 2093 206 2132 rem,
231 2075 328 2120 vuit
345 2085 396 2120 ut
410 2084 526 2120 totus
547 2074 736 2134 populus
753 2090 853 2119 cum
875 2074 950 2119 illo
973 2084 1111 2131 amet3
1132 2084 1176 2119 et
1194 2076 1417 2130 hortatur,
1439 2085 1482 2120 et

91 2149 196 2193 dicit
222 2167 231 2192 :
262 2151 418 2192 Amate
447 2161 621 2190 mecum
657 2145 784 2190 illum
817 2145 1139 2205 pantomimum
1158 2181 1170 2200 ‚
1199 2155 1339 2191 amate
1364 2146 1483 2191 illam

91 2233 267 2264 mecum
286 2226 330 2261 et
349 2216 471 2262 illam
493 2215 829 2276 turpitudinem.
856 2216 1027 2261 Clamat
1047 2215 1120 2260 ille
1145 2217 1191 2260 in
1213 2217 1377 2277 populo
1392 2253 1402 2273 ‚
1432 2227 1484 2262 ut

93 2297 263 2334 ametur
284 2302 386 2332 cum
406 2284 483 2330 illo
504 2285 732 2346 turpitudo
756 2305 764 2330 :
792 2295 835 2330 et
857 2286 1126 2330 Christianus
1149 2302 1238 2331 non
1256 2286 1415 2331 clamat
1437 2288 1482 2331 in

92 2358 284 2405 Ecclesia
300 2393 311 2413 ‚
335 2366 387 2401 ut
407 2366 578 2401 ametur
599 2372 700 2401 cum
721 2355 797 2400 illo
813 2356 969 2400 veritas
982 2356 1086 2400 Dei?
1103 2357 1298 2401 Excitate
1320 2373 1423 2416 ergo
1438 2358 1483 2401 in

53 2460 56 2461 ν
94 2430 218 2475 vobis
247 2443 461 2483 amorem,
487 2425 640 2471 fratres
657 2461 668 2483 ‚
688 2436 730 2471 et
747 2425 930 2471 clamate
960 2427 1198 2488 unicuique
1220 2437 1480 2484 vestrorum,

95 2509 140 2545 et
160 2500 290 2545 dicite
316 2518 325 2543 ε
354 2517 375 2540 ‹<
398 2497 672 2557 Magnificate
700 2498 931 2542 Dominum
950 2513 1135 2542 mecum.
1167 2516 1188 2539 2>
1225 2499 1345 2543 Sitin
1363 2499 1485 2543 vobis

95 2572 175 2616 iste
198 2569 354 2616 fervor.
389 2571 533 2622 Quare
562 2568 685 2614 vobis
713 2567 950 2614 recitantur
969 2569 1074 2625 ista,
1110 2578 1154 2614 et
1175 2572 1485 2629 exponuntur?
