1833 3284
9 346 11 399 j
52 333 192 375 Unam
208 331 480 391 petitionem.
502 333 560 374 Et
574 329 797 390 quomodo
812 329 1000 374 solemus
1022 329 1251 390 loquentes
1274 328 1440 383 dicere,

9 407 11 411 ’
48 402 171 446 verbi
195 402 352 461 gratia,
389 405 503 447 Duas
527 401 689 459 habes,
720 417 809 445 non
832 400 1038 454 dicimus,
1060 404 1156 445 Duo
1177 417 1188 444 :
1211 400 1296 445 hoc
1319 414 1441 444 more

47 471 259 533 loquendi
286 489 362 517 usa
384 482 448 516 est
472 471 692 532 Scriptura
720 491 728 517 :
758 490 775 512 «
806 474 966 526 Unam,
992 471 1161 532 inquit,
1187 471 1294 531 petii
1315 474 1442 516 aDo-

52 562 71 585 »
91 543 228 598 mino,
265 544 379 589 hanc
410 544 644 604 requiram.
665 564 683 585 »
716 542 950 588 Videamus
972 544 1081 604 quid
1103 544 1213 604 petit
1232 544 1308 604 qui
1328 542 1439 588 nihil

46 612 185 658 timet.
210 616 370 674 Magna
395 614 598 659 securitas
627 613 782 659 cordis.
802 613 944 659 Vultis
972 614 1079 659 nihil
1113 615 1294 659 timere?
1316 617 1441 659 Hanc

5 735 7 738 .
45 699 179 729 unam
201 685 358 744 petite,
380 700 513 746 quam
530 701 661 729 unam
681 685 788 744 petit
811 685 888 746 qui
905 685 1015 729 nihil
1037 686 1161 729 timet
1176 721 1187 740 ,
1214 694 1288 729 aut
1305 699 1439 745 quam

32 755 153 814 ‘petit
185 764 234 800 ut
265 755 375 800 nihil
402 756 582 800 timeat?
609 775 625 795 κ
655 758 816 810 Unam,
842 755 1012 816 inquit,
1046 755 1151 815 petii
1174 772 1198 800 a
1222 755 1407 800 Domino
1425 790 1437 810 ,

47 845 67 867 »
89 825 203 870 hanc
224 826 458 886 requiram.
486 848 503 868 »
531 829 624 871 Hoc
646 826 718 871 hic
747 826 890 885 agitur
911 825 966 870 ab
989 827 1047 870 eis
1065 861 1076 880 ,
1101 826 1176 887 qui
1208 826 1320 870 bene
1343 841 1439 870 am-

42 894 215 940 bulant.
243 897 363 950 Quid
389 906 453 941 est
484 897 596 941 hoc?
628 912 727 956 quae
749 905 812 940 est
837 895 910 939 illa
932 898 1046 940 una?
1072 916 1089 936 «
1114 898 1170 941 Ut
1196 896 1439 941 inhabitem

48 986 66 1009 »
88 967 135 1011 in
150 967 283 1013 domo
301 969 474 1013 Domini
489 984 638 1013 omnes
655 967 746 1012 dies
766 968 865 1012 vitae
887 982 995 1011 meae
1009 969 1038 1011 ¹.
1067 989 1084 1008 »
1117 970 1222 1011 Haec
1244 977 1307 1011 est
1329 983 1434 1027 un33

0 1034 3 1105 l
41 1037 198 1084 domus
230 1040 347 1085 enim
379 1056 428 1085 ea
460 1041 616 1084 dicitur
648 1040 725 1084 ubi
753 1055 922 1099 semper
949 1039 1238 1083 manebimus.
1273 1042 1324 1083 In
1357 1039 1436 1084 ista

0 1111 2 1166 ξ
39 1111 390 1169 peregrinatione
411 1110 573 1155 dicitur
594 1110 751 1156 domus
766 1146 777 1166 ,
800 1110 875 1154 sed
901 1110 1076 1170 proprie
1100 1109 1437 1154 tabernaculum

0 1172 2 1178 ’
40 1181 302 1241 appellatur.
339 1181 687 1228 Tabernaculum
718 1181 1112 1242 peregrinantium,
1153 1192 1197 1225 et
1242 1180 1436 1241 quodam

0 1274 1 1278 ¹
40 1251 170 1296 modo
200 1252 505 1308 militantium,
545 1262 588 1296 et
620 1252 824 1298 adversus
846 1253 1015 1297 hostem
1040 1252 1332 1312 pugnantium
1352 1261 1431 1297 est.

0 1333 2 1336 ’
39 1323 226 1376 Quando
249 1339 350 1382 ergo
382 1323 716 1369 tabernaculum
740 1333 803 1368 est
837 1324 882 1368 in
912 1324 993 1367 hac
1016 1324 1125 1377 vita,
1154 1322 1434 1367 manifestum

38 1401 102 1437 est
118 1394 220 1455 quia
237 1403 301 1439 est
323 1403 366 1439 et
386 1395 538 1439 hostis.
559 1398 669 1439 Nam
686 1393 815 1438 simul
831 1394 990 1437 habere
1015 1393 1294 1438 tabernacula
1311 1429 1321 1447 ,
1346 1393 1432 1437 hoc

37 1474 103 1509 est
125 1481 214 1510 esse
236 1465 570 1510 contubernales
597 1486 605 1510 :
627 1475 670 1510 et
684 1466 818 1510 nostis
839 1466 922 1509 hoc
940 1481 1101 1509 nomen
1130 1480 1219 1510 esse
1242 1464 1436 1509 militan-

37 1535 164 1579 tium.
198 1538 315 1595 Ergo
339 1536 410 1580 hic
435 1535 766 1581 tabernaculum
781 1571 792 1591 ,
818 1536 879 1579 ibi
896 1534 1067 1580 domus.
1091 1536 1175 1581 Sed
1193 1545 1235 1579 et
1258 1536 1341 1580 hoe
1364 1545 1433 1580 ta-

36 1605 330 1651 bernaculum
352 1606 573 1651 interdum
612 1623 689 1667 per
720 1607 975 1651 abusionem
1004 1607 1236 1651 vicinitatis
1273 1606 1434 1651 dieitur

36 1676 195 1722 domus
213 1713 224 1733 ,
247 1687 292 1722 et
313 1677 470 1723 domus
498 1677 734 1738 aliquando
756 1677 1000 1722 secundum
1018 1677 1223 1721 eumdem
1250 1677 1431 1723 modum

34 1747 195 1793 dicitur
230 1749 565 1794 tabernaculum
598 1769 607 1794 :
640 1748 816 1809 proprie
851 1758 997 1793 tamen
1030 1747 1102 1792 illa
1136 1749 1315 1804 domus,
1345 1750 1430 1795 hoc

34 1819 380 1865 tabernaculum.

92 1892 193 1934 Vll.
229 1890 346 1944 Quid
364 1900 510 1935 autem
532 1890 671 1935 acturi
686 1890 819 1934 simus
841 1890 886 1933 in
908 1888 981 1933 illa
999 1889 1155 1945 domo,
1179 1890 1315 1935 habes
1337 1892 1428 1936 evi-

33 1961 189 2006 denter
208 1962 461 2022 expressisse
474 1961 608 2006 alium
622 1960 840 2005 Psalmum
867 1981 875 2006 :
903 1980 919 2001 «
942 1962 1060 2005 Beati
1074 1962 1149 2021 qui
1168 1962 1365 2007 habitant
1383 1964 1429 2007 in

35 2050 57 2074 »
82 2032 215 2077 domo
238 2042 334 2088 tua,
369 2033 414 2077 in
439 2031 597 2076 saecula
619 2032 877 2076 saeculorum
897 2031 1145 2076 laudabunt
1163 2036 1250 2076 te'2.
1284 2054 1301 2074 »
1335 2035 1427 2079 Hac

31 2102 134 2158 iste,
165 2103 200 2146 si
223 2102 460 2148 dicendum
488 2111 573 2158 est,
605 2102 844 2162 cupiditate
881 2101 1060 2157 ardens,
1097 2112 1140 2146 et
1176 2119 1322 2148 amore
1345 2105 1427 2149 isto

32 2182 242 2230 aestuans,
269 2174 486 2219 desiderat
507 2188 657 2219 omnes
680 2173 770 2218 dies
794 2174 895 2218 vitae
918 2190 1007 2218 suae
1026 2175 1073 2218 in
1095 2173 1226 2219 domo
1250 2176 1426 2220 Domini

31 2244 231 2289 habitare
265 2264 276 2291 :
302 2245 348 2290 in
380 2244 512 2290 domo
541 2245 715 2300 Domini
746 2251 896 2289 omn'es
931 2245 1022 2289 dies
1049 2246 1150 2290 vitae
1182 2262 1270 2290 suae
1289 2281 1300 2302 ,
1336 2262 1427 2292 non

11 2367 15 2371 ⁵
32 2316 156 2376 quasi
172 2315 408 2370 finiendos,
429 2315 504 2360 sed
519 2325 719 2360 aeternos.
743 2316 810 2360 Sic
825 2317 940 2359 enim
955 2314 1163 2360 dicuntur
1181 2316 1270 2361 dies
1282 2352 1292 2372 ,
1318 2333 1424 2377 quo-

32 2386 164 2430 modo
187 2386 288 2430 anni
303 2421 315 2441 ,
340 2384 396 2430 de
411 2386 572 2446 quibus
590 2385 759 2430 dictum
782 2395 846 2430 est
871 2405 880 2430 ε
910 2405 927 2426 «
954 2389 1012 2430 Et
1031 2387 1134 2431 anni
1152 2388 1215 2431 tui
1234 2403 1322 2432 non
1346 2387 1425 2432 de—

37 2475 56 2498 »
77 2456 270 2501 ficientss.
302 2476 319 2498 »
344 2459 455 2501 Nam
471 2456 561 2515 dies
582 2456 684 2501 vitae
711 2466 886 2500 aeternae
907 2473 1021 2501 unus
1043 2457 1133 2502 dies
1155 2467 1219 2502 est
1238 2459 1328 2503 sine
1346 2475 1423 2504 oc-

33 2541 149 2571 casu,
187 2529 281 2572 Hoc
306 2542 409 2587 ergo
440 2527 551 2571 dixit
574 2526 629 2571 ad
652 2527 887 2572 Dominum
921 2548 930 2572 ε
969 2547 987 2568 «
1013 2529 1257 2589 Concupivi
1279 2529 1417 2585 hanc,

82 2606 90 2623 ¹
110 2599 344 2642 Psa1.xxv1‚4.
365 2617 406 2623 ·—-
427 2600 506 2632 21d.
527 2610 656 2637 mxxiii,
675 2599 705 2632 5.
727 2617 768 2622 -
785 2598 799 2622 3
825 2600 871 2632 m.
891 2611 930 2638 ct,
949 2600 1003 2632 28.

367 264 607 292 numenio
641 266 671 291 11
706 266 747 292 m
783 265 984 292 PSALMIJM
1018 265 1139 292 xxvi.
1359 249 1444 306 341·
