1833 3284
412 225 756 255 ΑΝΝΟΤΑΤιοΝυΜ
789 227 833 254 m
865 227 962 264 aon,
998 227 1135 253 menn.
1417 217 1470 255 93

82 291 268 335 charitas
290 291 565 337 multorum12
583 291 661 351 qui
677 300 824 335 autem
845 290 1060 335 sustinent
1081 290 1319 335 Dominum
1335 291 1470 351 virili-

83 369 149 405 ter
171 371 346 421 agentes
357 365 391 418 ²,
423 372 467 408 et
492 362 644 423 spiritu
664 362 934 420 fervente833
962 370 1241 422 perseverent
1260 378 1399 422 usque
1426 363 1472 408 in

81 432 231 494 finem,
249 442 293 477 et
314 432 420 478 salvi
436 443 579 477 erunt.
602 451 622 475 «
647 435 737 478 Aut
748 434 972 478 thesauros
992 430 1210 490 grandinis
1226 431 1426 477 vidisti4?
1445 451 1466 475 »

81 501 259 547 Grando
275 511 376 547 sunt
392 502 456 547 illi
472 502 627 564 iniqui,
644 502 822 563 quando
838 518 928 548 non
944 502 1086 547 solum
1102 511 1279 562 torpent
1296 501 1471 547 nullum

81 569 296 618 fervorem
327 573 502 634 spiritus
536 573 768 629 habentes,
803 573 878 618 sed
908 573 1035 617 etiam
1068 573 1284 618 obstinata
1308 573 1471 618 duritia

81 643 384 704 persequendo
393 642 464 689 vel
476 642 682 688 irruendo
697 643 989 689 contundunt.
1012 663 1032 686 «
1043 646 1151 698 Quae
1164 645 1350 704 reposita
1368 652 1471 688 sunt

83 730 105 754 »
122 713 204 758 tibi
219 714 267 757 in
287 723 460 774 tempus
481 714 773 771 inimieorum,
790 723 834 758 et
846 715 891 758 in
912 714 1029 758 diem
1045 729 1204 774 pugnae
1221 724 1266 759 et
1277 713 1466 759 belli⁵?»

82 782 165 828 Vel
194 784 296 830 hinc
322 785 419 846 quis
447 801 537 832 non
568 785 734 841 videat,
759 786 883 846 cujus
905 800 1135 845 personam
1164 785 1210 829 in
1240 785 1472 845 prophetia

82 865 220 914 gestet
240 856 355 901 Job?
375 859 474 903 Non
496 857 612 901 enim
636 857 740 902 huic
772 857 850 902 uni
870 857 1037 901 homini
1059 856 1246 916 reposita
1269 865 1370 900 sunt
1391 857 1470 901 ista

80 925 128 970 in
154 935 326 986 tempus
351 927 651 984 inimicorum,
683 937 726 972 et
757 928 803 971 in
830 927 946 971 diem
972 942 1133 986 pugnae
1167 936 1211 970 et
1237 925 1368 981 belli,
1394 925 1472 970 sed

79 997 234 1058 utique
251 992 382 1043 unico
403 998 569 1059 populo
582 999 675 1044 Dei.
698 1001 885 1059 Tempus
903 998 1066 1059 quippe
1088 998 1367 1042 inimicorum
1388 1006 1468 1052 est,

81 1067 223 1112 donec
251 1077 439 1113 transeat
470 1069 677 1129 iniquitas
696 1104 707 1125 ,
752 1085 851 1130 quae
881 1078 1046 1129 quanto
1080 1068 1214 1126 magis
1244 1066 1470 1121 abundat,

82 1148 206 1183 tanto
225 1140 362 1199 magis
384 1140 594 1186 adversus,
610 1139 837 1184 diabolum
860 1140 1000 1184 aerius
1026 1138 1314 1199 pugnandum
1341 1147 1472 1197 atque

83 1209 339 1254 bellandum
362 1219 452 1266 est,
478 1227 534 1255 ne
566 1211 753 1255 charitas
795 1211 1169 1270 perseverantium
1204 1209 1468 1267 refrigescat.

86 1299 105 1321 «
142 1281 268 1326 Unde
291 1290 435 1325 autem
459 1282 658 1341 procedit
688 1283 898 1342 pruinass?
920 1301 940 1323 »
969 1282 1074 1335 Quis
1103 1282 1188 1324 hoc
1218 1279 1362 1334 novit,
1392 1278 1474 1322 nisi

82 1352 183 1413 quia
205 1353 301 1397 haec
322 1361 373 1396 ut
389 1353 512 1397 initia
533 1352 869 1413 parturitionum
883 1355 1014 1397 sunt?
1033 1352 1194 1397 Pruina
1212 1351 1374 1410 quippe
1388 1350 1473 1393 mi-

81 1422 307 1467 nutissima
328 1423 495 1482 grando
509 1432 587 1467 est.
613 1442 634 1465 «
650 1425 708 1467 Et
723 1422 986 1482 dispergitur
1002 1426 1159 1467 Auster
1174 1421 1254 1465 sub
1269 1420 1382 1464 coelo
1396 1421 1438 1462 ⁷?
1450 1438 1470 1459 »

83 1495 292 1538 Austrum
307 1528 318 1548 ,
344 1495 542 1552 quamvis
565 1493 824 1537 mortalibus
846 1492 1048 1536 carnibus
1083 1492 1219 1549 gravis
1245 1489 1471 1543 sentiatur,

83 1579 174 1608 non
190 1571 338 1607 tamen
350 1562 520 1622 uspiam
532 1562 712 1606 memini
724 1563 771 1606 in
785 1562 942 1606 sanctis
959 1561 1080 1605 libris
1092 1561 1195 1604 mali
1209 1559 1374 1620 aliquid
1392 1559 1476 1616 sig-

82 1633 261 1678 nificare
277 1668 288 1688 ,
324 1633 436 1678 sicut
478 1631 741 1693 Aquilonem
782 1648 1012 1693 nunquam
1047 1632 1094 1675 in
1128 1631 1262 1675 bono.
1312 1629 1444 1673 Illum
1460 1663 1470 1683 ,

83 1705 186 1765 quia
215 1719 267 1748 ex
290 1720 339 1748 ea
360 1713 484 1764 parte
511 1704 589 1748 ssat
610 1719 697 1764 qua
722 1703 798 1748 lux
830 1703 964 1748 claret
987 1725 999 1761 3
1025 1703 1159 1747 istum
1175 1738 1186 1757 ,
1212 1701 1315 1762 quia
1345 1716 1398 1744 ex
1427 1716 1476 1744 ea

83 1774 204 1820 unde
246 1773 323 1819 lux
355 1784 420 1819 est
447 1774 667 1819 remotior.
703 1792 724 1816 «
757 1774 1026 1834 Dispergitur
1059 1788 1161 1831 ergo
1190 1776 1348 1817 Auster
1392 1771 1475 1815 sub

88 1864 110 1888 »
131 1844 266 1901 coelo,
289 1863 310 1887 »
335 1854 387 1889 ut
399 1844 603 1890 adversus
619 1843 714 1888 illas
735 1860 886 1888 omnes
903 1844 1152 1904 iniquitates
1171 1842 1380 1887 auxilium
1403 1841 1478 1885 ali-

85 1915 209 1976 quod
227 1914 497 1974 intelligatur
514 1915 616 1970 Dei,
640 1913 837 1975 quandiu
851 1914 1051 1959 nondum
1072 1915 1118 1958 in
1141 1913 1276 1968 coelo,
1302 1912 1377 1957 sed
1393 1912 1476 1956 sul)

86 1984 202 2030 eoelo
224 2000 389 2029 sumus.
421 2004 442 2027 α
467 1986 571 2038 Quis
594 1985 853 2044 praeparavit
872 1984 1039 2028 flumen
1055 1983 1211 2028 validae
1229 1983 1407 2042 pluviae,
1434 1990 1479 2024 et

89 2074 110 2098 »
144 2056 260 2100 viam
280 2055 462 2099 vocibus
482 2055 748 2114 tempestatis
763 2056 805 2098 8?
824 2073 844 2096 >›
870 2054 980 2098 Vide
999 2053 1372 2115 quemadmodum
1395 2052 1478 2096 tria

85 2128 161 2172 illa
188 2127 379 2172 breviter
399 2126 628 2187 complexa
655 2126 741 2170 sint
755 2161 767 2182 ,
803 2142 903 2186 quae
924 2126 1135 2171 Dominus
1157 2126 1203 2169 in
1223 2125 1478 2169 tentationi-

86 2198 168 2243 bus
189 2198 314 2258 ponit
327 2196 649 2243 contemnenda
660 2197 726 2241 his
743 2197 820 2258 qui
840 2196 1058 2241 aedificant
1075 2213 1204 2257 super
1221 2205 1386 2255 petram
1398 2231 1408 2251 ,
1435 2204 1480 2239 et

84 2269 327 2330 perniciosa
347 2270 414 2313 his
430 2269 508 2329 qui
521 2268 739 2313 aedificant
752 2284 882 2329 super
894 2285 1071 2313 arenam
1082 2270 1114 2313 9.
1137 2268 1337 2313 Pluviam
1358 2283 1478 2312 corn-

87 2339 367 2395 memoravit,
396 2348 440 2384 et
467 2339 653 2396 flumen,
679 2348 722 2384 et
747 2355 872 2384 voces
900 2339 1190 2400 tempestatis,
1221 2339 1300 2383 ubi
1331 2349 1479 2383 ventos

137 2455 146 2472 ¹
167 2449 283 2482 Matth.
302 2460 404 2491 xxiv,
427 2457 478 2480 12.
510 2465 552 2471 --
575 2454 588 2471 ²
607 2447 690 2480 Psal.
715 2458 791 2479 xxvi
806 2473 814 2489 ,
838 2446 890 2491 14.
916 2464 959 2470 ——
978 2445 992 2470 3
1018 2449 1110 2480 Rom.
1139 2458 1204 2489 xu,
1236 2458 1287 2479 11.
1309 2445 1477 2479 —1'=.10b.

89 2515 230 2546 xxxvur,
260 2513 315 2537 22.
340 2502 509 2537 -51bid.
542 2502 596 2535 23.
632 2520 675 2526 —-
707 2501 723 2525 ⁶
756 2503 839 2535 Ibid.
878 2501 932 2545 24.
963 2519 1006 2525 -—
1023 2510 1037 2536 7
1061 2503 1143 2535 lbid.
1169 2501 1240 2526 -3
1258 2502 1341 2535 Ibid.
1361 2503 1417 2536 25.
1437 2518 1478 2525 -—

94 2568 110 2592 9
122 2560 237 2593 Matth.
258 2572 326 2602 vn,
343 2559 397 2602 24.
