<?xml version="1.0" encoding="UTF-8"?>
<!DOCTYPE html PUBLIC "-//W3C//DTD XHTML 1.0 Transitional//EN"
    "http://www.w3.org/TR/xhtml1/DTD/xhtml1-transitional.dtd">
<html xmlns="http://www.w3.org/1999/xhtml" xml:lang="en" lang="en">
 <head>
  <title>
</title>
<meta http-equiv="Content-Type" content="text/html;charset=utf-8" />
  <meta name='ocr-system' content='tesseract 3.04.00' />
  <meta name='ocr-capabilities' content='ocr_page ocr_carea ocr_par ocr_line ocrx_word'/>
</head>
<body>
  <div class='ocr_page' id='page_1' title='image "./operaomniaaccura07auguuoft_0430.png"; bbox 0 0 1833 3284; ppageno 0'>
   <div class='ocr_carea' id='block_1_1' title="bbox 394 204 1340 248">
    <p class='ocr_par' dir='ltr' id='par_1_1' title="bbox 394 204 1340 248">
     <span class='ocr_line' id='line_1_1' title="bbox 394 204 1340 248; baseline 0.004 -6"><span class='ocrx_word' id='word_1_1' title='bbox 394 204 477 244; x_wconf 70' lang='lat'>408</span> <span class='ocrx_word' id='word_1_2' title='bbox 825 221 857 247; x_wconf 86' lang='lat' dir='ltr'>s.</span> <span class='ocrx_word' id='word_1_3' title='bbox 896 219 1125 246; x_wconf 69' lang='grc' dir='ltr'>ΑυουετιΝι</span> <span class='ocrx_word' id='word_1_4' title='bbox 1160 220 1340 248; x_wconf 72' lang='lat' dir='ltr'>Ertscopi</span> 
     </span>
    </p>
   </div>
   <div class='ocr_carea' id='block_1_2' title="bbox 387 282 1829 2484">
    <p class='ocr_par' dir='ltr' id='par_1_2' title="bbox 387 282 1829 1914">
     <span class='ocr_line' id='line_1_2' title="bbox 391 282 1783 345; baseline 0.002 -18"><span class='ocrx_word' id='word_1_5' title='bbox 391 293 455 327; x_wconf 84' lang='lat' dir='ltr'>cst</span> <span class='ocrx_word' id='word_1_6' title='bbox 484 282 633 326; x_wconf 81' lang='lat' dir='ltr'>odium</span> <span class='ocrx_word' id='word_1_7' title='bbox 657 303 666 328; x_wconf 87' lang='lat'>-:</span> <span class='ocrx_word' id='word_1_8' title='bbox 692 282 889 328; x_wconf 84' lang='lat' dir='ltr'>nondum</span> <span class='ocrx_word' id='word_1_9' title='bbox 913 284 1085 329; x_wconf 83' lang='lat' dir='ltr'>odimus</span> <span class='ocrx_word' id='word_1_10' title='bbox 1115 300 1209 339; x_wconf 85' lang='lat' dir='ltr'>cos,</span> <span class='ocrx_word' id='word_1_11' title='bbox 1245 284 1406 345; x_wconf 84' lang='lat' dir='ltr'>quibus</span> <span class='ocrx_word' id='word_1_12' title='bbox 1434 285 1678 343; x_wconf 71' lang='lat' dir='ltr'>irascimur-3</span> <span class='ocrx_word' id='word_1_13' title='bbox 1707 286 1783 330; x_wconf 84' lang='lat' dir='ltr'>sed</span> 
     </span>
     <span class='ocr_line' id='line_1_3' title="bbox 389 351 1825 412; baseline 0.003 -15"><span class='ocrx_word' id='word_1_14' title='bbox 389 355 469 398; x_wconf 84' lang='lat' dir='ltr'>ista</span> <span class='ocrx_word' id='word_1_15' title='bbox 492 354 552 397; x_wconf 83' lang='lat' dir='ltr'>ira</span> <span class='ocrx_word' id='word_1_16' title='bbox 576 355 609 398; x_wconf 90' lang='lat' dir='ltr'>si</span> <span class='ocrx_word' id='word_1_17' title='bbox 630 355 861 410; x_wconf 83' lang='lat' dir='ltr'>manserit,</span> <span class='ocrx_word' id='word_1_18' title='bbox 898 364 942 399; x_wconf 88' lang='lat' dir='ltr'>et</span> <span class='ocrx_word' id='word_1_19' title='bbox 963 371 1053 400; x_wconf 88' lang='lat' dir='ltr'>non</span> <span class='ocrx_word' id='word_1_20' title='bbox 1075 355 1161 400; x_wconf 91' lang='lat' dir='ltr'>cito</span> <span class='ocrx_word' id='word_1_21' title='bbox 1185 355 1331 401; x_wconf 87' lang='lat' dir='ltr'>evulsa</span> <span class='ocrx_word' id='word_1_22' title='bbox 1358 354 1509 411; x_wconf 86' lang='lat' dir='ltr'>fuerit,</span> <span class='ocrx_word' id='word_1_23' title='bbox 1535 355 1715 412; x_wconf 82' lang='lat' dir='ltr'>crescit,</span> <span class='ocrx_word' id='word_1_24' title='bbox 1740 366 1785 402; x_wconf 87' lang='lat' dir='ltr'>et</span> <span class='ocrx_word' id='word_1_25' title='bbox 1822 351 1825 388; x_wconf 72' lang='grc' dir='ltr'>Ῑ</span> 
     </span>
     <span class='ocr_line' id='line_1_4' title="bbox 388 419 1827 482; baseline 0.003 -14"><span class='ocrx_word' id='word_1_26' title='bbox 388 426 438 469; x_wconf 88' lang='lat' dir='ltr'>fit</span> <span class='ocrx_word' id='word_1_27' title='bbox 461 423 627 469; x_wconf 88' lang='lat' dir='ltr'>odium.</span> <span class='ocrx_word' id='word_1_28' title='bbox 656 424 760 470; x_wconf 91' lang='lat' dir='ltr'>Ideo</span> <span class='ocrx_word' id='word_1_29' title='bbox 782 435 832 470; x_wconf 89' lang='lat' dir='ltr'>ut</span> <span class='ocrx_word' id='word_1_30' title='bbox 863 441 1011 470; x_wconf 88' lang='lat' dir='ltr'>recens</span> <span class='ocrx_word' id='word_1_31' title='bbox 1039 426 1101 470; x_wconf 89' lang='lat' dir='ltr'>ira</span> <span class='ocrx_word' id='word_1_32' title='bbox 1123 425 1350 482; x_wconf 83' lang='lat' dir='ltr'>evellatur,</span> <span class='ocrx_word' id='word_1_33' title='bbox 1377 436 1420 471; x_wconf 87' lang='lat' dir='ltr'>et</span> <span class='ocrx_word' id='word_1_34' title='bbox 1447 427 1493 471; x_wconf 91' lang='lat' dir='ltr'>in</span> <span class='ocrx_word' id='word_1_35' title='bbox 1520 426 1672 471; x_wconf 88' lang='lat' dir='ltr'>odium</span> <span class='ocrx_word' id='word_1_36' title='bbox 1693 442 1784 473; x_wconf 88' lang='lat' dir='ltr'>non</span> <span class='ocrx_word' id='word_1_37' title='bbox 1824 419 1827 440; x_wconf 66' lang='lat'>&#39;&#39;</span> 
     </span>
     <span class='ocr_line' id='line_1_5' title="bbox 388 496 1827 557; baseline 0.002 -16"><span class='ocrx_word' id='word_1_38' title='bbox 388 506 685 552; x_wconf 83' lang='lat' dir='ltr'>convertatur,</span> <span class='ocrx_word' id='word_1_39' title='bbox 710 497 793 542; x_wconf 93' lang='lat' dir='ltr'>hoc</span> <span class='ocrx_word' id='word_1_40' title='bbox 812 513 889 542; x_wconf 89' lang='lat' dir='ltr'>nos</span> <span class='ocrx_word' id='word_1_41' title='bbox 909 496 1038 542; x_wconf 87' lang='lat' dir='ltr'>docet</span> <span class='ocrx_word' id='word_1_42' title='bbox 1063 497 1284 557; x_wconf 79' lang='lat' dir='ltr'>Scriptura</span> <span class='ocrx_word' id='word_1_43' title='bbox 1301 533 1312 553; x_wconf 92' lang='lat'>,</span> <span class='ocrx_word' id='word_1_44' title='bbox 1343 496 1492 542; x_wconf 85' lang='lat' dir='ltr'>dicens</span> <span class='ocrx_word' id='word_1_45' title='bbox 1519 517 1528 543; x_wconf 75' lang='grc' dir='ltr'><strong><em>ι</em></strong></span> <span class='ocrx_word' id='word_1_46' title='bbox 1554 500 1687 544; x_wconf 88' lang='lat' dir='ltr'>«Non</span> <span class='ocrx_word' id='word_1_47' title='bbox 1710 513 1785 543; x_wconf 93' lang='lat' dir='ltr'>oc-</span> <span class='ocrx_word' id='word_1_48' title='bbox 1825 506 1827 531; x_wconf 75' lang='lat'>³</span> 
     </span>
     <span class='ocr_line' id='line_1_6' title="bbox 391 567 1829 628; baseline 0.003 -19"><span class='ocrx_word' id='word_1_49' title='bbox 391 587 410 609; x_wconf 90' lang='lat'>»</span> <span class='ocrx_word' id='word_1_50' title='bbox 449 567 565 612; x_wconf 84' lang='lat' dir='ltr'>cidat</span> <span class='ocrx_word' id='word_1_51' title='bbox 586 568 649 613; x_wconf 91' lang='lat' dir='ltr'>sol</span> <span class='ocrx_word' id='word_1_52' title='bbox 678 584 809 628; x_wconf 86' lang='lat' dir='ltr'>super</span> <span class='ocrx_word' id='word_1_53' title='bbox 834 567 1107 613; x_wconf 85' lang='lat' dir='ltr'>iracundiam</span> <span class='ocrx_word' id='word_1_54' title='bbox 1127 578 1313 613; x_wconf 88' lang='lat' dir='ltr'>vestram</span> <span class='ocrx_word' id='word_1_55' title='bbox 1333 572 1360 614; x_wconf 86' lang='lat'>¹.</span> <span class='ocrx_word' id='word_1_56' title='bbox 1392 588 1412 612; x_wconf 94' lang='lat'>«</span> <span class='ocrx_word' id='word_1_57' title='bbox 1439 569 1614 614; x_wconf 88' lang='lat' dir='ltr'>Invenis</span> <span class='ocrx_word' id='word_1_58' title='bbox 1636 579 1783 614; x_wconf 86' lang='lat' dir='ltr'>autem</span> <span class='ocrx_word' id='word_1_59' title='bbox 1828 591 1829 597; x_wconf 46' lang='lat'>¹</span> 
     </span>
     <span class='ocr_line' id='line_1_7' title="bbox 388 632 1829 702; baseline 0.001 -18"><span class='ocrx_word' id='word_1_60' title='bbox 388 639 624 700; x_wconf 84' lang='lat' dir='ltr'>aliquando</span> <span class='ocrx_word' id='word_1_61' title='bbox 647 639 826 685; x_wconf 87' lang='lat' dir='ltr'>fratrem</span> <span class='ocrx_word' id='word_1_62' title='bbox 848 640 997 686; x_wconf 90' lang='lat' dir='ltr'>odium</span> <span class='ocrx_word' id='word_1_63' title='bbox 1016 641 1251 686; x_wconf 80' lang='lat' dir='ltr'>habentem</span> <span class='ocrx_word' id='word_1_64' title='bbox 1268 676 1279 696; x_wconf 93' lang='lat'>,</span> <span class='ocrx_word' id='word_1_65' title='bbox 1304 651 1346 686; x_wconf 88' lang='lat' dir='ltr'>et</span> <span class='ocrx_word' id='word_1_66' title='bbox 1380 640 1660 702; x_wconf 82' lang='lat' dir='ltr'>reprehendit</span> <span class='ocrx_word' id='word_1_67' title='bbox 1675 641 1784 686; x_wconf 82' lang='lat' dir='ltr'>iras·</span> <span class='ocrx_word' id='word_1_68' title='bbox 1828 632 1829 637; x_wconf 30' lang='lat'>¹</span> 
     </span>
     <span class='ocr_line' id='line_1_8' title="bbox 388 710 1785 773; baseline 0.001 -18"><span class='ocrx_word' id='word_1_69' title='bbox 388 721 560 756; x_wconf 82' lang='lat' dir='ltr'><strong>centem</strong></span> <span class='ocrx_word' id='word_1_70' title='bbox 588 731 596 756; x_wconf 89' lang='lat'>:</span> <span class='ocrx_word' id='word_1_71' title='bbox 622 712 665 756; x_wconf 90' lang='lat' dir='ltr'>in</span> <span class='ocrx_word' id='word_1_72' title='bbox 686 710 761 756; x_wconf 92' lang='lat' dir='ltr'>illo</span> <span class='ocrx_word' id='word_1_73' title='bbox 783 720 846 756; x_wconf 85' lang='lat' dir='ltr'>est</span> <span class='ocrx_word' id='word_1_74' title='bbox 876 710 1052 768; x_wconf 85' lang='lat' dir='ltr'>odium,</span> <span class='ocrx_word' id='word_1_75' title='bbox 1088 721 1132 756; x_wconf 92' lang='lat' dir='ltr'>et</span> <span class='ocrx_word' id='word_1_76' title='bbox 1155 712 1200 756; x_wconf 88' lang='lat' dir='ltr'>in</span> <span class='ocrx_word' id='word_1_77' title='bbox 1234 711 1317 757; x_wconf 83' lang='lat' dir='ltr'>alio</span> <span class='ocrx_word' id='word_1_78' title='bbox 1346 712 1496 773; x_wconf 88' lang='lat' dir='ltr'>culpat</span> <span class='ocrx_word' id='word_1_79' title='bbox 1518 714 1669 759; x_wconf 50' lang='lat' dir='ltr'>iram&#39;:</span> <span class='ocrx_word' id='word_1_80' title='bbox 1695 713 1785 773; x_wconf 89' lang='lat' dir='ltr'>ipse</span> 
     </span>
     <span class='ocr_line' id='line_1_9' title="bbox 388 782 1785 847; baseline 0.001 -19"><span class='ocrx_word' id='word_1_81' title='bbox 388 783 522 828; x_wconf 83' lang='lat' dir='ltr'>habat</span> <span class='ocrx_word' id='word_1_82' title='bbox 545 783 712 827; x_wconf 87' lang='lat' dir='ltr'>trabem</span> <span class='ocrx_word' id='word_1_83' title='bbox 746 783 791 827; x_wconf 92' lang='lat' dir='ltr'>in</span> <span class='ocrx_word' id='word_1_84' title='bbox 820 782 950 828; x_wconf 92' lang='lat' dir='ltr'>oculo</span> <span class='ocrx_word' id='word_1_85' title='bbox 980 799 1085 839; x_wconf 93' lang='lat' dir='ltr'>suo,</span> <span class='ocrx_word' id='word_1_86' title='bbox 1117 793 1160 829; x_wconf 88' lang='lat' dir='ltr'>et</span> <span class='ocrx_word' id='word_1_87' title='bbox 1189 784 1469 847; x_wconf 66' lang='lat' dir='ltr'>reprehendit</span> <span class='ocrx_word' id='word_1_88' title='bbox 1497 783 1712 830; x_wconf 79' lang='lat' dir='ltr'><strong>festucam</strong></span> <span class='ocrx_word' id='word_1_89' title='bbox 1741 785 1785 829; x_wconf 91' lang='lat' dir='ltr'>in</span> 
     </span>
     <span class='ocr_line' id='line_1_10' title="bbox 389 854 1786 911; baseline 0.002 -13"><span class='ocrx_word' id='word_1_90' title='bbox 389 854 518 899; x_wconf 86' lang='lat' dir='ltr'>oculo</span> <span class='ocrx_word' id='word_1_91' title='bbox 542 855 692 899; x_wconf 76' lang='lat' dir='ltr'>fratris</span> <span class='ocrx_word' id='word_1_92' title='bbox 724 855 789 898; x_wconf 91' lang='lat' dir='ltr'>sui</span> <span class='ocrx_word' id='word_1_93' title='bbox 807 857 839 898; x_wconf 71' lang='lat'>2.</span> <span class='ocrx_word' id='word_1_94' title='bbox 874 855 958 899; x_wconf 87' lang='lat' dir='ltr'>Sed</span> <span class='ocrx_word' id='word_1_95' title='bbox 980 854 1145 899; x_wconf 84' lang='lat' dir='ltr'>festuca</span> <span class='ocrx_word' id='word_1_96' title='bbox 1170 855 1248 899; x_wconf 90' lang='lat' dir='ltr'>ista</span> <span class='ocrx_word' id='word_1_97' title='bbox 1279 864 1323 899; x_wconf 91' lang='lat' dir='ltr'>et</span> <span class='ocrx_word' id='word_1_98' title='bbox 1345 855 1545 900; x_wconf 87' lang='lat' dir='ltr'>surculus</span> <span class='ocrx_word' id='word_1_99' title='bbox 1562 892 1572 911; x_wconf 91' lang='lat'>,</span> <span class='ocrx_word' id='word_1_100' title='bbox 1598 855 1678 900; x_wconf 90' lang='lat' dir='ltr'>nisi</span> <span class='ocrx_word' id='word_1_101' title='bbox 1699 855 1786 901; x_wconf 89' lang='lat' dir='ltr'>cito</span> 
     </span>
     <span class='ocr_line' id='line_1_11' title="bbox 390 925 1786 985; baseline 0.001 -15"><span class='ocrx_word' id='word_1_102' title='bbox 390 926 617 981; x_wconf 79' lang='lat' dir='ltr'>evellatur,</span> <span class='ocrx_word' id='word_1_103' title='bbox 645 926 786 970; x_wconf 87' lang='lat' dir='ltr'>trabes</span> <span class='ocrx_word' id='word_1_104' title='bbox 807 925 954 970; x_wconf 87' lang='lat' dir='ltr'>futura</span> <span class='ocrx_word' id='word_1_105' title='bbox 979 935 1056 970; x_wconf 87' lang='lat' dir='ltr'>est.</span> <span class='ocrx_word' id='word_1_106' title='bbox 1086 929 1185 972; x_wconf 89' lang='lat' dir='ltr'>Non</span> <span class='ocrx_word' id='word_1_107' title='bbox 1207 942 1310 985; x_wconf 82' lang='lat' dir='ltr'>ergo</span> <span class='ocrx_word' id='word_1_108' title='bbox 1333 927 1391 970; x_wconf 90' lang='lat' dir='ltr'>ait</span> <span class='ocrx_word' id='word_1_109' title='bbox 1411 946 1420 971; x_wconf 89' lang='lat'>:</span> <span class='ocrx_word' id='word_1_110' title='bbox 1446 926 1704 972; x_wconf 78' lang='lat' dir='ltr'>«Extinctus</span> <span class='ocrx_word' id='word_1_111' title='bbox 1722 936 1786 971; x_wconf 88' lang='lat' dir='ltr'>est</span> 
     </span>
     <span class='ocr_line' id='line_1_12' title="bbox 390 996 1788 1056; baseline 0 -15"><span class='ocrx_word' id='word_1_112' title='bbox 390 996 543 1042; x_wconf 90' lang='lat' dir='ltr'>oculus</span> <span class='ocrx_word' id='word_1_113' title='bbox 576 1012 698 1041; x_wconf 89' lang='lat' dir='ltr'>meus</span> <span class='ocrx_word' id='word_1_114' title='bbox 722 1012 812 1056; x_wconf 87' lang='lat' dir='ltr'>prae</span> <span class='ocrx_word' id='word_1_115' title='bbox 834 997 918 1049; x_wconf 83' lang='lat' dir='ltr'>ira;</span> <span class='ocrx_word' id='word_1_116' title='bbox 948 1016 966 1038; x_wconf 88' lang='lat'>»</span> <span class='ocrx_word' id='word_1_117' title='bbox 992 996 1094 1052; x_wconf 84' lang='lat' dir='ltr'>scd,</span> <span class='ocrx_word' id='word_1_118' title='bbox 1134 1017 1154 1039; x_wconf 76' lang='grc' dir='ltr'>ι(</span> <span class='ocrx_word' id='word_1_119' title='bbox 1173 997 1418 1055; x_wconf 81' lang='lat' dir='ltr'>Turbatus3</span> <span class='ocrx_word' id='word_1_120' title='bbox 1439 1016 1458 1038; x_wconf 68' lang='lat' dir='ltr'>n</span> <span class='ocrx_word' id='word_1_121' title='bbox 1504 1013 1606 1042; x_wconf 87' lang='lat' dir='ltr'>nam</span> <span class='ocrx_word' id='word_1_122' title='bbox 1640 997 1674 1041; x_wconf 91' lang='lat' dir='ltr'>si</span> <span class='ocrx_word' id='word_1_123' title='bbox 1715 1012 1788 1041; x_wconf 86' lang='lat' dir='ltr'>cx-</span> 
     </span>
     <span class='ocr_line' id='line_1_13' title="bbox 390 1067 1789 1129; baseline 0 -16"><span class='ocrx_word' id='word_1_124' title='bbox 390 1068 624 1127; x_wconf 77' lang='lat' dir='ltr'>tinguitur,</span> <span class='ocrx_word' id='word_1_125' title='bbox 644 1070 728 1129; x_wconf 82' lang='lat' dir='ltr'>jam</span> <span class='ocrx_word' id='word_1_126' title='bbox 754 1068 905 1112; x_wconf 91' lang='lat' dir='ltr'>odium</span> <span class='ocrx_word' id='word_1_127' title='bbox 928 1078 1017 1124; x_wconf 86' lang='lat' dir='ltr'>est,</span> <span class='ocrx_word' id='word_1_128' title='bbox 1042 1084 1132 1114; x_wconf 90' lang='lat' dir='ltr'>non</span> <span class='ocrx_word' id='word_1_129' title='bbox 1154 1068 1231 1113; x_wconf 89' lang='lat' dir='ltr'>ira.</span> <span class='ocrx_word' id='word_1_130' title='bbox 1258 1071 1314 1113; x_wconf 84' lang='lat' dir='ltr'>Et</span> <span class='ocrx_word' id='word_1_131' title='bbox 1333 1067 1432 1113; x_wconf 92' lang='lat' dir='ltr'>vide</span> <span class='ocrx_word' id='word_1_132' title='bbox 1454 1069 1556 1129; x_wconf 88' lang='lat' dir='ltr'>quia</span> <span class='ocrx_word' id='word_1_133' title='bbox 1574 1069 1789 1113; x_wconf 84' lang='lat' dir='ltr'>extinctus</span> 
     </span>
     <span class='ocr_line' id='line_1_14' title="bbox 389 1139 1788 1195; baseline 0 -11"><span class='ocrx_word' id='word_1_134' title='bbox 389 1150 468 1184; x_wconf 86' lang='lat' dir='ltr'>est.</span> <span class='ocrx_word' id='word_1_135' title='bbox 492 1140 604 1184; x_wconf 89' lang='lat' dir='ltr'>Hinc</span> <span class='ocrx_word' id='word_1_136' title='bbox 628 1140 687 1184; x_wconf 88' lang='lat' dir='ltr'>ait</span> <span class='ocrx_word' id='word_1_137' title='bbox 709 1142 898 1184; x_wconf 73' lang='lat' dir='ltr'>‚loannes</span> <span class='ocrx_word' id='word_1_138' title='bbox 924 1160 933 1184; x_wconf 90' lang='grc'>;</span> <span class='ocrx_word' id='word_1_139' title='bbox 963 1160 982 1181; x_wconf 88' lang='lat'>«</span> <span class='ocrx_word' id='word_1_140' title='bbox 1008 1141 1094 1193; x_wconf 88' lang='lat' dir='ltr'>Qui</span> <span class='ocrx_word' id='word_1_141' title='bbox 1117 1139 1211 1184; x_wconf 86' lang='lat' dir='ltr'>odit</span> <span class='ocrx_word' id='word_1_142' title='bbox 1232 1140 1412 1185; x_wconf 83' lang='lat' dir='ltr'>fratrem</span> <span class='ocrx_word' id='word_1_143' title='bbox 1434 1156 1579 1195; x_wconf 86' lang='lat' dir='ltr'>suum,</span> <span class='ocrx_word' id='word_1_144' title='bbox 1596 1141 1643 1184; x_wconf 91' lang='lat' dir='ltr'>in</span> <span class='ocrx_word' id='word_1_145' title='bbox 1665 1149 1788 1184; x_wconf 87' lang='lat' dir='ltr'>tene-</span> 
     </span>
     <span class='ocr_line' id='line_1_15' title="bbox 393 1212 1788 1272; baseline 0.002 -19"><span class='ocrx_word' id='word_1_146' title='bbox 393 1230 413 1253; x_wconf 81' lang='lat'>»</span> <span class='ocrx_word' id='word_1_147' title='bbox 451 1212 538 1256; x_wconf 85' lang='lat' dir='ltr'>bris</span> <span class='ocrx_word' id='word_1_148' title='bbox 561 1221 624 1256; x_wconf 84' lang='lat' dir='ltr'>est</span> <span class='ocrx_word' id='word_1_149' title='bbox 646 1227 786 1272; x_wconf 84' lang='lat' dir='ltr'>usquc</span> <span class='ocrx_word' id='word_1_150' title='bbox 805 1212 949 1256; x_wconf 86' lang='lat' dir='ltr'>adhuc</span> <span class='ocrx_word' id='word_1_151' title='bbox 964 1214 995 1255; x_wconf 68' lang='grc'>3.</span> <span class='ocrx_word' id='word_1_152' title='bbox 1025 1230 1044 1253; x_wconf 90' lang='lat'>»</span> <span class='ocrx_word' id='word_1_153' title='bbox 1067 1216 1315 1272; x_wconf 79' lang='lat' dir='ltr'>Antequam</span> <span class='ocrx_word' id='word_1_154' title='bbox 1336 1228 1439 1271; x_wconf 81' lang='lat' dir='ltr'>crgo</span> <span class='ocrx_word' id='word_1_155' title='bbox 1463 1222 1585 1256; x_wconf 89' lang='lat' dir='ltr'>eatur</span> <span class='ocrx_word' id='word_1_156' title='bbox 1602 1212 1648 1255; x_wconf 92' lang='lat' dir='ltr'>in</span> <span class='ocrx_word' id='word_1_157' title='bbox 1666 1221 1788 1256; x_wconf 88' lang='lat' dir='ltr'>tene-</span> 
     </span>
     <span class='ocr_line' id='line_1_16' title="bbox 393 1282 1787 1338; baseline 0.001 -11"><span class='ocrx_word' id='word_1_158' title='bbox 393 1284 511 1338; x_wconf 86' lang='lat' dir='ltr'>bras,</span> <span class='ocrx_word' id='word_1_159' title='bbox 530 1284 820 1327; x_wconf 82' lang='lat' dir='ltr'>conturbatur</span> <span class='ocrx_word' id='word_1_160' title='bbox 842 1282 994 1328; x_wconf 88' lang='lat' dir='ltr'>oculus</span> <span class='ocrx_word' id='word_1_161' title='bbox 1011 1283 1057 1327; x_wconf 91' lang='lat' dir='ltr'>in</span> <span class='ocrx_word' id='word_1_162' title='bbox 1080 1284 1139 1327; x_wconf 88' lang='lat' dir='ltr'>ira</span> <span class='ocrx_word' id='word_1_163' title='bbox 1159 1304 1166 1328; x_wconf 92' lang='grc'>;</span> <span class='ocrx_word' id='word_1_164' title='bbox 1184 1283 1259 1327; x_wconf 88' lang='lat' dir='ltr'>sed</span> <span class='ocrx_word' id='word_1_165' title='bbox 1278 1283 1523 1328; x_wconf 89' lang='lat' dir='ltr'>cavendum</span> <span class='ocrx_word' id='word_1_166' title='bbox 1546 1292 1631 1338; x_wconf 86' lang='lat' dir='ltr'>est,</span> <span class='ocrx_word' id='word_1_167' title='bbox 1652 1283 1787 1328; x_wconf 87' lang='lat' dir='ltr'>neira</span> 
     </span>
     <span class='ocr_line' id='line_1_17' title="bbox 387 1354 1784 1415; baseline 0.001 -16"><span class='ocrx_word' id='word_1_168' title='bbox 387 1364 584 1399; x_wconf 84' lang='lat' dir='ltr'>vertatur</span> <span class='ocrx_word' id='word_1_169' title='bbox 600 1355 644 1398; x_wconf 91' lang='lat' dir='ltr'>in</span> <span class='ocrx_word' id='word_1_170' title='bbox 663 1354 836 1411; x_wconf 90' lang='lat' dir='ltr'>odium,</span> <span class='ocrx_word' id='word_1_171' title='bbox 863 1365 906 1399; x_wconf 90' lang='lat' dir='ltr'>et</span> <span class='ocrx_word' id='word_1_172' title='bbox 925 1355 1077 1400; x_wconf 88' lang='lat' dir='ltr'>oculus</span> <span class='ocrx_word' id='word_1_173' title='bbox 1098 1356 1389 1414; x_wconf 74' lang='lat' dir='ltr'>extinguatur.</span> <span class='ocrx_word' id='word_1_174' title='bbox 1418 1359 1503 1400; x_wconf 85' lang='lat' dir='ltr'>Iste</span> <span class='ocrx_word' id='word_1_175' title='bbox 1522 1371 1626 1415; x_wconf 82' lang='lat' dir='ltr'>ergo</span> <span class='ocrx_word' id='word_1_176' title='bbox 1648 1354 1754 1400; x_wconf 84' lang='lat' dir='ltr'>dicit</span> <span class='ocrx_word' id='word_1_177' title='bbox 1775 1376 1784 1402; x_wconf 93' lang='grc'>;</span> 
     </span>
     <span class='ocr_line' id='line_1_18' title="bbox 393 1426 1789 1486; baseline 0.001 -17"><span class='ocrx_word' id='word_1_178' title='bbox 393 1446 414 1469; x_wconf 89' lang='lat'>«</span> <span class='ocrx_word' id='word_1_179' title='bbox 441 1426 660 1470; x_wconf 78' lang='lat' dir='ltr'>Turbatus</span> <span class='ocrx_word' id='word_1_180' title='bbox 679 1436 742 1471; x_wconf 89' lang='lat' dir='ltr'>est</span> <span class='ocrx_word' id='word_1_181' title='bbox 763 1442 851 1486; x_wconf 83' lang='lat' dir='ltr'>prae</span> <span class='ocrx_word' id='word_1_182' title='bbox 874 1428 936 1471; x_wconf 88' lang='lat' dir='ltr'>ira</span> <span class='ocrx_word' id='word_1_183' title='bbox 959 1426 1111 1472; x_wconf 89' lang='lat' dir='ltr'>oculus</span> <span class='ocrx_word' id='word_1_184' title='bbox 1134 1443 1278 1483; x_wconf 88' lang='lat' dir='ltr'>meus,</span> <span class='ocrx_word' id='word_1_185' title='bbox 1305 1429 1446 1472; x_wconf 85' lang='lat' dir='ltr'>anima</span> <span class='ocrx_word' id='word_1_186' title='bbox 1461 1443 1557 1472; x_wconf 91' lang='lat' dir='ltr'>mea</span> <span class='ocrx_word' id='word_1_187' title='bbox 1571 1437 1614 1472; x_wconf 89' lang='lat' dir='ltr'>et</span> <span class='ocrx_word' id='word_1_188' title='bbox 1634 1436 1789 1471; x_wconf 88' lang='lat' dir='ltr'>venter</span> 
     </span>
     <span class='ocr_line' id='line_1_19' title="bbox 394 1498 1787 1552; baseline 0.001 -13"><span class='ocrx_word' id='word_1_189' title='bbox 394 1516 413 1539; x_wconf 85' lang='lat'>»</span> <span class='ocrx_word' id='word_1_190' title='bbox 438 1513 557 1542; x_wconf 85' lang='lat' dir='ltr'>meus</span> <span class='ocrx_word' id='word_1_191' title='bbox 585 1518 592 1542; x_wconf 88' lang='lat'>:</span> <span class='ocrx_word' id='word_1_192' title='bbox 623 1517 640 1538; x_wconf 85' lang='lat'>»</span> <span class='ocrx_word' id='word_1_193' title='bbox 664 1499 748 1552; x_wconf 87' lang='lat' dir='ltr'>hoc</span> <span class='ocrx_word' id='word_1_194' title='bbox 771 1507 855 1550; x_wconf 72' lang='lat' dir='ltr'>est,</span> <span class='ocrx_word' id='word_1_195' title='bbox 881 1498 1056 1542; x_wconf 84' lang='lat' dir='ltr'>turbata</span> <span class='ocrx_word' id='word_1_196' title='bbox 1085 1507 1186 1541; x_wconf 87' lang='lat' dir='ltr'>sunt</span> <span class='ocrx_word' id='word_1_197' title='bbox 1209 1498 1416 1542; x_wconf 85' lang='lat' dir='ltr'>interiora</span> <span class='ocrx_word' id='word_1_198' title='bbox 1440 1513 1550 1542; x_wconf 88' lang='lat' dir='ltr'>mea.</span> <span class='ocrx_word' id='word_1_199' title='bbox 1576 1500 1787 1542; x_wconf 86' lang='lat' dir='ltr'>Ventrem</span> 
     </span>
     <span class='ocr_line' id='line_1_20' title="bbox 392 1567 1788 1629; baseline 0.001 -18"><span class='ocrx_word' id='word_1_200' title='bbox 392 1584 469 1629; x_wconf 88' lang='lat' dir='ltr'>pro</span> <span class='ocrx_word' id='word_1_201' title='bbox 492 1568 943 1628; x_wconf 85' lang='lat' dir='ltr'>interioribusposuit.</span> <span class='ocrx_word' id='word_1_202' title='bbox 969 1567 1220 1629; x_wconf 76' lang='lat' dir='ltr'>Aliquando</span> <span class='ocrx_word' id='word_1_203' title='bbox 1244 1569 1358 1613; x_wconf 89' lang='lat' dir='ltr'>enim</span> <span class='ocrx_word' id='word_1_204' title='bbox 1372 1568 1532 1629; x_wconf 87' lang='lat' dir='ltr'>iniquis</span> <span class='ocrx_word' id='word_1_205' title='bbox 1550 1578 1594 1613; x_wconf 86' lang='lat' dir='ltr'>et</span> <span class='ocrx_word' id='word_1_206' title='bbox 1610 1584 1788 1629; x_wconf 85' lang='lat' dir='ltr'>perver-</span> 
     </span>
     <span class='ocr_line' id='line_1_21' title="bbox 390 1639 1784 1699; baseline 0.001 -15"><span class='ocrx_word' id='word_1_207' title='bbox 390 1641 445 1684; x_wconf 89' lang='lat' dir='ltr'>sis</span> <span class='ocrx_word' id='word_1_208' title='bbox 477 1650 520 1684; x_wconf 89' lang='lat' dir='ltr'>et</span> <span class='ocrx_word' id='word_1_209' title='bbox 544 1640 684 1699; x_wconf 80' lang='lat' dir='ltr'>alege</span> <span class='ocrx_word' id='word_1_210' title='bbox 718 1640 995 1684; x_wconf 85' lang='lat' dir='ltr'>deviantibus</span> <span class='ocrx_word' id='word_1_211' title='bbox 1026 1650 1068 1684; x_wconf 89' lang='lat' dir='ltr'>et</span> <span class='ocrx_word' id='word_1_212' title='bbox 1101 1639 1214 1684; x_wconf 89' lang='lat' dir='ltr'>male</span> <span class='ocrx_word' id='word_1_213' title='bbox 1236 1640 1481 1684; x_wconf 76' lang='lat' dir='ltr'>viventibus</span> <span class='ocrx_word' id='word_1_214' title='bbox 1504 1640 1627 1685; x_wconf 86' lang='lat' dir='ltr'>irasci</span> <span class='ocrx_word' id='word_1_215' title='bbox 1658 1639 1784 1695; x_wconf 83' lang='lat' dir='ltr'>licet,</span> 
     </span>
     <span class='ocr_line' id='line_1_22' title="bbox 391 1710 1790 1771; baseline 0 -16"><span class='ocrx_word' id='word_1_216' title='bbox 391 1711 579 1755; x_wconf 82' lang='lat' dir='ltr'>clamare</span> <span class='ocrx_word' id='word_1_217' title='bbox 603 1727 693 1755; x_wconf 90' lang='lat' dir='ltr'>non</span> <span class='ocrx_word' id='word_1_218' title='bbox 719 1710 835 1755; x_wconf 81' lang='lat' dir='ltr'>licet.</span> <span class='ocrx_word' id='word_1_219' title='bbox 862 1713 974 1756; x_wconf 91' lang='lat' dir='ltr'>Cum</span> <span class='ocrx_word' id='word_1_220' title='bbox 1003 1711 1229 1755; x_wconf 83' lang='lat' dir='ltr'>irascimur</span> <span class='ocrx_word' id='word_1_221' title='bbox 1251 1720 1295 1754; x_wconf 85' lang='lat' dir='ltr'>et</span> <span class='ocrx_word' id='word_1_222' title='bbox 1314 1711 1500 1755; x_wconf 87' lang='lat' dir='ltr'>clamare</span> <span class='ocrx_word' id='word_1_223' title='bbox 1523 1727 1613 1756; x_wconf 89' lang='lat' dir='ltr'>non</span> <span class='ocrx_word' id='word_1_224' title='bbox 1635 1726 1790 1771; x_wconf 87' lang='lat' dir='ltr'>possu-</span> 
     </span>
     <span class='ocr_line' id='line_1_23' title="bbox 391 1781 1789 1843; baseline 0.001 -17"><span class='ocrx_word' id='word_1_225' title='bbox 391 1798 505 1836; x_wconf 87' lang='lat' dir='ltr'>mus,</span> <span class='ocrx_word' id='word_1_226' title='bbox 530 1782 735 1826; x_wconf 85' lang='lat' dir='ltr'>interiora</span> <span class='ocrx_word' id='word_1_227' title='bbox 748 1791 893 1826; x_wconf 87' lang='lat' dir='ltr'>nostra</span> <span class='ocrx_word' id='word_1_228' title='bbox 908 1782 1157 1826; x_wconf 86' lang='lat' dir='ltr'>turbantur.</span> <span class='ocrx_word' id='word_1_229' title='bbox 1184 1785 1321 1826; x_wconf 85' lang='lat' dir='ltr'>Tanta</span> <span class='ocrx_word' id='word_1_230' title='bbox 1337 1791 1401 1827; x_wconf 90' lang='lat' dir='ltr'>est</span> <span class='ocrx_word' id='word_1_231' title='bbox 1417 1782 1532 1826; x_wconf 86' lang='lat' dir='ltr'>enim</span> <span class='ocrx_word' id='word_1_232' title='bbox 1551 1781 1789 1843; x_wconf 86' lang='lat' dir='ltr'>aliquando</span> 
     </span>
     <span class='ocr_line' id='line_1_24' title="bbox 392 1844 1594 1914; baseline 0 -16"><span class='ocrx_word' id='word_1_233' title='bbox 392 1855 670 1914; x_wconf 83' lang='lat' dir='ltr'>perversitas,</span> <span class='ocrx_word' id='word_1_234' title='bbox 696 1863 746 1898; x_wconf 90' lang='lat' dir='ltr'>ut</span> <span class='ocrx_word' id='word_1_235' title='bbox 767 1869 848 1898; x_wconf 88' lang='lat' dir='ltr'>nec</span> <span class='ocrx_word' id='word_1_236' title='bbox 866 1854 1023 1914; x_wconf 88' lang='lat' dir='ltr'>corripi</span> <span class='ocrx_word' id='word_1_237' title='bbox 1045 1854 1193 1913; x_wconf 87' lang='lat' dir='ltr'>possit.</span> <span class='ocrx_word' id='word_1_238' title='bbox 1589 1844 1594 1849; x_wconf 47' lang='grc'><strong>“</strong></span> 
     </span>
    </p>

    <p class='ocr_par' dir='ltr' id='par_1_3' title="bbox 391 1923 1790 2484">
     <span class='ocr_line' id='line_1_25' title="bbox 455 1923 1789 1981; baseline 0.001 -14"><span class='ocrx_word' id='word_1_239' title='bbox 455 1928 508 1968; x_wconf 82' lang='lat' dir='ltr'>V.</span> <span class='ocrx_word' id='word_1_240' title='bbox 549 1945 567 1966; x_wconf 87' lang='lat'>«</span> <span class='ocrx_word' id='word_1_241' title='bbox 595 1925 813 1977; x_wconf 81' lang='lat' dir='ltr'>Quoniam</span> <span class='ocrx_word' id='word_1_242' title='bbox 841 1924 1004 1969; x_wconf 86' lang='lat' dir='ltr'>defecit</span> <span class='ocrx_word' id='word_1_243' title='bbox 1024 1925 1069 1968; x_wconf 90' lang='lat' dir='ltr'>in</span> <span class='ocrx_word' id='word_1_244' title='bbox 1088 1923 1239 1969; x_wconf 91' lang='lat' dir='ltr'>dolore</span> <span class='ocrx_word' id='word_1_245' title='bbox 1261 1924 1350 1969; x_wconf 88' lang='lat' dir='ltr'>vita</span> <span class='ocrx_word' id='word_1_246' title='bbox 1372 1939 1466 1968; x_wconf 89' lang='lat' dir='ltr'>mea</span> <span class='ocrx_word' id='word_1_247' title='bbox 1483 1960 1494 1981; x_wconf 90' lang='lat'>,</span> <span class='ocrx_word' id='word_1_248' title='bbox 1519 1934 1563 1969; x_wconf 90' lang='lat' dir='ltr'>et</span> <span class='ocrx_word' id='word_1_249' title='bbox 1580 1925 1682 1969; x_wconf 86' lang='lat' dir='ltr'>anni</span> <span class='ocrx_word' id='word_1_250' title='bbox 1703 1925 1789 1969; x_wconf 89' lang='lat' dir='ltr'>mei</span> 
     </span>
     <span class='ocr_line' id='line_1_26' title="bbox 397 1994 1786 2056; baseline 0.001 -19"><span class='ocrx_word' id='word_1_251' title='bbox 397 2015 418 2038; x_wconf 88' lang='lat'>»</span> <span class='ocrx_word' id='word_1_252' title='bbox 454 1997 499 2040; x_wconf 89' lang='lat' dir='ltr'>in</span> <span class='ocrx_word' id='word_1_253' title='bbox 534 1996 807 2055; x_wconf 43' lang='lat' dir='ltr'>gemitibus&amp;</span> <span class='ocrx_word' id='word_1_254' title='bbox 836 1995 1024 2051; x_wconf 85' lang='lat' dir='ltr'>Defecit,</span> <span class='ocrx_word' id='word_1_255' title='bbox 1052 1995 1222 2056; x_wconf 90' lang='lat' dir='ltr'>inquit,</span> <span class='ocrx_word' id='word_1_256' title='bbox 1254 1995 1299 2039; x_wconf 92' lang='lat' dir='ltr'>in</span> <span class='ocrx_word' id='word_1_257' title='bbox 1333 1994 1485 2040; x_wconf 88' lang='lat' dir='ltr'>dolore</span> <span class='ocrx_word' id='word_1_258' title='bbox 1513 1996 1602 2041; x_wconf 86' lang='lat' dir='ltr'>vita</span> <span class='ocrx_word' id='word_1_259' title='bbox 1625 2011 1736 2040; x_wconf 90' lang='lat' dir='ltr'>mea.</span> <span class='ocrx_word' id='word_1_260' title='bbox 1766 2015 1786 2038; x_wconf 70' lang='grc' dir='ltr'><strong>η</strong></span> 
     </span>
     <span class='ocr_line' id='line_1_27' title="bbox 393 2063 1789 2126; baseline -0.001 -14"><span class='ocrx_word' id='word_1_261' title='bbox 393 2067 506 2112; x_wconf 88' lang='lat' dir='ltr'>Dicit</span> <span class='ocrx_word' id='word_1_262' title='bbox 545 2066 804 2126; x_wconf 81' lang='lat' dir='ltr'>Apostolus,</span> <span class='ocrx_word' id='word_1_263' title='bbox 852 2086 872 2108; x_wconf 86' lang='lat'>«</span> <span class='ocrx_word' id='word_1_264' title='bbox 896 2069 1023 2112; x_wconf 87' lang='lat' dir='ltr'>Nunc</span> <span class='ocrx_word' id='word_1_265' title='bbox 1053 2063 1261 2121; x_wconf 87' lang='lat' dir='ltr'>vivimus,</span> <span class='ocrx_word' id='word_1_266' title='bbox 1293 2066 1327 2110; x_wconf 88' lang='lat' dir='ltr'>si</span> <span class='ocrx_word' id='word_1_267' title='bbox 1357 2081 1433 2111; x_wconf 91' lang='lat' dir='ltr'>vos</span> <span class='ocrx_word' id='word_1_268' title='bbox 1466 2066 1586 2110; x_wconf 90' lang='lat' dir='ltr'>statis</span> <span class='ocrx_word' id='word_1_269' title='bbox 1617 2067 1663 2110; x_wconf 89' lang='lat' dir='ltr'>in</span> <span class='ocrx_word' id='word_1_270' title='bbox 1698 2069 1789 2111; x_wconf 92' lang='lat' dir='ltr'>Do-</span> 
     </span>
     <span class='ocr_line' id='line_1_28' title="bbox 396 2137 1790 2199; baseline 0.001 -19"><span class='ocrx_word' id='word_1_271' title='bbox 396 2157 416 2181; x_wconf 88' lang='lat'>»</span> <span class='ocrx_word' id='word_1_272' title='bbox 454 2138 572 2183; x_wconf 92' lang='lat' dir='ltr'>mino</span> <span class='ocrx_word' id='word_1_273' title='bbox 587 2141 615 2181; x_wconf 77' lang='lat'>⁵.</span> <span class='ocrx_word' id='word_1_274' title='bbox 641 2158 660 2179; x_wconf 88' lang='lat'>»</span> <span class='ocrx_word' id='word_1_275' title='bbox 686 2138 964 2199; x_wconf 85' lang='lat' dir='ltr'>Quicumque</span> <span class='ocrx_word' id='word_1_276' title='bbox 983 2137 1163 2199; x_wconf 87' lang='lat' dir='ltr'>perfecti</span> <span class='ocrx_word' id='word_1_277' title='bbox 1180 2147 1281 2183; x_wconf 91' lang='lat' dir='ltr'>sunt</span> <span class='ocrx_word' id='word_1_278' title='bbox 1304 2153 1354 2182; x_wconf 85' lang='lat' dir='ltr'>ex</span> <span class='ocrx_word' id='word_1_279' title='bbox 1371 2137 1610 2197; x_wconf 84' lang='lat' dir='ltr'>Evangelio</span> <span class='ocrx_word' id='word_1_280' title='bbox 1629 2147 1673 2182; x_wconf 88' lang='lat' dir='ltr'>et</span> <span class='ocrx_word' id='word_1_281' title='bbox 1689 2154 1790 2197; x_wconf 89' lang='lat' dir='ltr'>gra—</span> 
     </span>
     <span class='ocr_line' id='line_1_29' title="bbox 397 2209 1789 2270; baseline 0 -17"><span class='ocrx_word' id='word_1_282' title='bbox 397 2211 453 2254; x_wconf 85' lang='lat' dir='ltr'>tia</span> <span class='ocrx_word' id='word_1_283' title='bbox 478 2211 575 2265; x_wconf 81' lang='lat' dir='ltr'>Dei,</span> <span class='ocrx_word' id='word_1_284' title='bbox 602 2226 693 2254; x_wconf 92' lang='lat' dir='ltr'>non</span> <span class='ocrx_word' id='word_1_285' title='bbox 714 2210 786 2254; x_wconf 89' lang='lat' dir='ltr'>hic</span> <span class='ocrx_word' id='word_1_286' title='bbox 812 2209 968 2255; x_wconf 86' lang='lat' dir='ltr'>vivunt</span> <span class='ocrx_word' id='word_1_287' title='bbox 989 2209 1070 2254; x_wconf 87' lang='lat' dir='ltr'>nisi</span> <span class='ocrx_word' id='word_1_288' title='bbox 1097 2218 1274 2270; x_wconf 87' lang='lat' dir='ltr'>propter</span> <span class='ocrx_word' id='word_1_289' title='bbox 1301 2209 1406 2254; x_wconf 85' lang='lat' dir='ltr'>alios</span> <span class='ocrx_word' id='word_1_290' title='bbox 1439 2229 1447 2254; x_wconf 88' lang='lat'>:</span> <span class='ocrx_word' id='word_1_291' title='bbox 1473 2224 1576 2253; x_wconf 86' lang='lat' dir='ltr'>nam</span> <span class='ocrx_word' id='word_1_292' title='bbox 1608 2209 1696 2253; x_wconf 87' lang='lat' dir='ltr'>vita</span> <span class='ocrx_word' id='word_1_293' title='bbox 1721 2224 1789 2254; x_wconf 90' lang='lat' dir='ltr'>eo-</span> 
     </span>
     <span class='ocr_line' id='line_1_30' title="bbox 395 2280 1789 2342; baseline 0 -17"><span class='ocrx_word' id='word_1_294' title='bbox 395 2297 492 2325; x_wconf 90' lang='lat' dir='ltr'>rum</span> <span class='ocrx_word' id='word_1_295' title='bbox 515 2283 560 2325; x_wconf 90' lang='lat' dir='ltr'>in</span> <span class='ocrx_word' id='word_1_296' title='bbox 582 2282 666 2326; x_wconf 88' lang='lat' dir='ltr'>hoc</span> <span class='ocrx_word' id='word_1_297' title='bbox 690 2281 850 2326; x_wconf 83' lang='lat' dir='ltr'>saeeulo</span> <span class='ocrx_word' id='word_1_298' title='bbox 867 2318 877 2336; x_wconf 95' lang='lat'>,</span> <span class='ocrx_word' id='word_1_299' title='bbox 906 2283 964 2326; x_wconf 90' lang='lat' dir='ltr'>eis</span> <span class='ocrx_word' id='word_1_300' title='bbox 975 2283 1067 2342; x_wconf 87' lang='lat' dir='ltr'>jam</span> <span class='ocrx_word' id='word_1_301' title='bbox 1087 2297 1180 2327; x_wconf 89' lang='lat' dir='ltr'>non</span> <span class='ocrx_word' id='word_1_302' title='bbox 1202 2290 1266 2325; x_wconf 88' lang='lat' dir='ltr'>est</span> <span class='ocrx_word' id='word_1_303' title='bbox 1287 2280 1536 2325; x_wconf 85' lang='lat' dir='ltr'>necessaria.</span> <span class='ocrx_word' id='word_1_304' title='bbox 1572 2280 1656 2325; x_wconf 87' lang='lat' dir='ltr'>Sed</span> <span class='ocrx_word' id='word_1_305' title='bbox 1687 2281 1789 2341; x_wconf 86' lang='lat' dir='ltr'>quia</span> 
     </span>
     <span class='ocr_line' id='line_1_31' title="bbox 392 2351 1788 2412; baseline 0 -15"><span class='ocrx_word' id='word_1_306' title='bbox 392 2352 655 2412; x_wconf 86' lang='lat' dir='ltr'>dispensatio</span> <span class='ocrx_word' id='word_1_307' title='bbox 677 2369 829 2398; x_wconf 87' lang='lat' dir='ltr'>eorum</span> <span class='ocrx_word' id='word_1_308' title='bbox 852 2352 942 2397; x_wconf 89' lang='lat' dir='ltr'>aliis</span> <span class='ocrx_word' id='word_1_309' title='bbox 971 2353 1207 2398; x_wconf 87' lang='lat' dir='ltr'>necessaria</span> <span class='ocrx_word' id='word_1_310' title='bbox 1239 2362 1330 2408; x_wconf 90' lang='lat' dir='ltr'>est,</span> <span class='ocrx_word' id='word_1_311' title='bbox 1356 2353 1406 2397; x_wconf 82' lang='lat' dir='ltr'>fit</span> <span class='ocrx_word' id='word_1_312' title='bbox 1427 2353 1473 2396; x_wconf 92' lang='lat' dir='ltr'>in</span> <span class='ocrx_word' id='word_1_313' title='bbox 1501 2352 1560 2396; x_wconf 81' lang='lat' dir='ltr'>cis</span> <span class='ocrx_word' id='word_1_314' title='bbox 1583 2351 1704 2412; x_wconf 90' lang='lat' dir='ltr'>quod</span> <span class='ocrx_word' id='word_1_315' title='bbox 1727 2352 1788 2397; x_wconf 88' lang='lat' dir='ltr'>ait</span> 
     </span>
     <span class='ocr_line' id='line_1_32' title="bbox 391 2421 1788 2484; baseline 0.001 -18"><span class='ocrx_word' id='word_1_316' title='bbox 391 2423 508 2467; x_wconf 79' lang='lat' dir='ltr'>idem</span> <span class='ocrx_word' id='word_1_317' title='bbox 530 2423 764 2483; x_wconf 86' lang='lat' dir='ltr'>Apostolus</span> <span class='ocrx_word' id='word_1_318' title='bbox 792 2444 800 2469; x_wconf 79' lang='lat'>2</span> <span class='ocrx_word' id='word_1_319' title='bbox 831 2444 850 2465; x_wconf 90' lang='lat'>«</span> <span class='ocrx_word' id='word_1_320' title='bbox 870 2424 1279 2484; x_wconf 87' lang='lat' dir='ltr'>Concupiscentiam</span> <span class='ocrx_word' id='word_1_321' title='bbox 1307 2423 1472 2467; x_wconf 87' lang='lat' dir='ltr'>habens</span> <span class='ocrx_word' id='word_1_322' title='bbox 1504 2421 1707 2477; x_wconf 88' lang='lat' dir='ltr'>dissolvi,</span> <span class='ocrx_word' id='word_1_323' title='bbox 1744 2432 1788 2468; x_wconf 87' lang='lat' dir='ltr'>ct</span> 
     </span>
    </p>
   </div>
   <div class='ocr_carea' id='block_1_3' title="bbox 395 2518 1782 2616">
    <p class='ocr_par' dir='ltr' id='par_1_4' title="bbox 395 2518 1782 2616">
     <span class='ocr_line' id='line_1_33' title="bbox 443 2518 1782 2563; baseline 0 -11"><span class='ocrx_word' id='word_1_324' title='bbox 443 2527 451 2543; x_wconf 90' lang='lat'>¹</span> <span class='ocrx_word' id='word_1_325' title='bbox 474 2521 589 2563; x_wconf 79' lang='lat' dir='ltr'>Ephes.</span> <span class='ocrx_word' id='word_1_326' title='bbox 606 2532 652 2562; x_wconf 85' lang='lat' dir='ltr'>iv,</span> <span class='ocrx_word' id='word_1_327' title='bbox 668 2521 723 2553; x_wconf 82' lang='lat'>26.</span> <span class='ocrx_word' id='word_1_328' title='bbox 745 2539 786 2544; x_wconf 81' lang='lat'><strong>—</strong></span> <span class='ocrx_word' id='word_1_329' title='bbox 806 2528 819 2544; x_wconf 87' lang='lat'><strong>²</strong></span> <span class='ocrx_word' id='word_1_330' title='bbox 836 2521 950 2553; x_wconf 64' lang='lat' dir='ltr'>Manli.</span> <span class='ocrx_word' id='word_1_331' title='bbox 971 2532 1027 2560; x_wconf 83' lang='lat' dir='ltr'>vn,</span> <span class='ocrx_word' id='word_1_332' title='bbox 1045 2522 1127 2553; x_wconf 74' lang='grc'>3.-</span> <span class='ocrx_word' id='word_1_333' title='bbox 1142 2520 1155 2545; x_wconf 80' lang='lat'>3</span> <span class='ocrx_word' id='word_1_334' title='bbox 1179 2534 1190 2553; x_wconf 76' lang='lat' dir='ltr'>r</span> <span class='ocrx_word' id='word_1_335' title='bbox 1207 2523 1299 2553; x_wconf 82' lang='lat' dir='ltr'>Joan.</span> <span class='ocrx_word' id='word_1_336' title='bbox 1320 2532 1356 2561; x_wconf 82' lang='lat' dir='ltr'>u,</span> <span class='ocrx_word' id='word_1_337' title='bbox 1378 2531 1428 2552; x_wconf 83' lang='lat'>11.</span> <span class='ocrx_word' id='word_1_338' title='bbox 1450 2518 1520 2548; x_wconf 72' lang='grc'>-4</span> <span class='ocrx_word' id='word_1_339' title='bbox 1541 2519 1621 2552; x_wconf 80' lang='lat' dir='ltr'>Psal.</span> <span class='ocrx_word' id='word_1_340' title='bbox 1637 2530 1712 2559; x_wconf 72' lang='lat' dir='ltr'>xxx,</span> <span class='ocrx_word' id='word_1_341' title='bbox 1731 2531 1782 2552; x_wconf 77' lang='grc' dir='ltr'>ιι.</span> 
     </span>
     <span class='ocr_line' id='line_1_34' title="bbox 395 2576 751 2616; baseline 0 -8"><span class='ocrx_word' id='word_1_342' title='bbox 395 2593 437 2598; x_wconf 91' lang='grc'>-</span> <span class='ocrx_word' id='word_1_343' title='bbox 454 2576 466 2599; x_wconf 82' lang='grc'>5</span> <span class='ocrx_word' id='word_1_344' title='bbox 492 2589 500 2608; x_wconf 85' lang='grc' dir='ltr'>ι</span> <span class='ocrx_word' id='word_1_345' title='bbox 522 2576 630 2608; x_wconf 62' lang='lat' dir='ltr'>Thess.</span> <span class='ocrx_word' id='word_1_346' title='bbox 656 2588 699 2616; x_wconf 83' lang='lat' dir='ltr'>m,</span> <span class='ocrx_word' id='word_1_347' title='bbox 721 2580 751 2608; x_wconf 67' lang='grc' dir='ltr'>ὅ4</span> 
     </span>
    </p>
   </div>
   <div class='ocr_carea' id='block_1_4' title="bbox 1810 0 1833 623">
    <p class='ocr_par' dir='ltr' id='par_1_5' title="bbox 1810 0 1833 623">
     <span class='ocr_line' id='line_1_35' title="bbox 1810 0 1833 623; baseline 0 2661"><span class='ocrx_word' id='word_1_348' title='bbox 1810 0 1833 623; x_wconf 95' lang='lat' dir='ltr'> </span> 
     </span>
    </p>
   </div>
  </div>
 </body>
</html>
