1833 3284
345 228 395 265 51
405 228 429 265 2
780 235 815 263 s.
851 235 1083 264 Aucusnm
1116 237 1298 265 EPISCOPI

343 320 364 344 »
399 301 541 346 deeh?
560 318 579 342 »
601 303 663 345 De
685 300 871 345 Domino
890 310 1038 346 nostro
1057 304 1161 346 Jesu
1183 302 1371 347 Christo.
1398 303 1504 356 Quis
1525 311 1617 347 erat
1630 302 1737 348 Mel-

340 371 597 417 chisedech?
622 375 713 416 Rex
733 371 888 417 Salem.
919 371 1060 417 Salem
1082 372 1231 417 civitas
1252 371 1336 417 fuit
1364 382 1488 417 antea
1504 408 1515 429 ,
1540 373 1615 418 illa
1637 389 1737 434 quae

341 453 505 504 postea,
526 443 638 488 sicut
655 443 773 488 docti
790 442 1104 503 prodiderunt⁷
1124 443 1363 489 Jerusalem
1385 444 1501 489 dicta
1524 454 1601 489 est.
1620 447 1738 505 Ergo

341 525 578 575 antequam
595 514 655 558 ibi
677 523 911 574 regnarent
928 513 1071 559 Judaei
1089 550 1098 570 ,
1123 515 1186 559 ibi
1202 524 1296 559 erat
1316 515 1388 559 ille
1410 516 1608 560 sacerdos
1625 515 1738 561 Mel-

341 586 588 642 chisedech,
614 586 690 647 qui
712 586 916 631 scribitur
939 587 985 631 in
1007 587 1164 631 Genesi
1195 587 1401 633 Sacerdos
1431 588 1507 632 Dei
1539 586 1734 632 excelsi&

343 662 440 719 Ipse
457 657 646 703 occurrit
662 658 867 713 Abrahae,
893 658 1071 718 quando
1088 657 1288 704 liberavit
1311 662 1394 704 Lot
1414 660 1469 703 de
1487 675 1621 704 manu
1639 675 1740 720 per-

340 731 646 793 sequentium,
673 741 716 776 et
746 731 977 791 prostravit
999 747 1073 776 eos
1094 748 1117 776 a
1140 732 1300 792 quibus
1330 731 1403 776 ille
1430 731 1677 787 tenebatur,
1698 739 1742 775 et

342 801 545 846 liberavit
580 800 758 846 fratrem
786 821 795 848 :
831 812 930 862 post
961 802 1261 847 liberationem
1298 801 1441 847 fratris
1479 803 1672 847 occurrit
1702 801 1741 845 ei

342 872 681 918 Melchisedech.
702 876 759 917 Et
782 881 929 917 tantus
955 882 1048 917 erat
1074 872 1394 918 Melchisedech
1410 908 1420 928 ‚
1445 889 1470 917 a
1493 889 1582 934 quo
1605 873 1742 917 bene-

344 943 560 988 diceretur
590 943 827 988 Abraham.
862 943 1051 988 Protulit
1077 960 1235 1003 panem
1266 953 1310 988 et
1336 944 1488 989 vinum
1504 980 1515 999 ‚
1539 953 1582 988 et
1604 944 1743 988 bene-

345 1014 453 1059 dixit
474 1014 713 1070 Abraham,
732 1024 776 1058 et
793 1012 915 1059 dedit
936 1014 974 1058 ei
996 1014 1185 1059 decimas
1202 1015 1438 1060 Abraham.
1458 1015 1615 1059 Videte
1637 1013 1746 1076 quid

344 1086 550 1148 protulit,
581 1095 624 1130 et
647 1102 778 1146 quem
801 1086 1041 1130 benedixit.
1069 1090 1127 1131 Et
1151 1086 1320 1132 dietum
1342 1096 1406 1131 est
1427 1096 1602 1147 postea:
1633 1106 1653 1129 α
1679 1089 1746 1131 Tu

348 1176 368 1199 »
404 1174 447 1202 es
469 1158 667 1202 sacerdos
694 1157 741 1200 in
771 1166 986 1201 aeternum
1014 1157 1258 1202 secundum
1290 1156 1488 1202 ordinem
1514 1156 1745 1202 Melchise-

347 1247 368 1270 »
404 1228 532 1274 decli.
553 1247 572 1270 »
593 1229 731 1273 David
748 1229 832 1273 hoc
850 1229 894 1272 in
913 1228 1075 1288 Spiritu
1093 1227 1203 1273 dixit
1222 1228 1354 1288 longe
1377 1238 1474 1289 post
1495 1228 1715 1273 Abraham
1732 1244 1741 1269 :

346 1300 619 1360 temporibus
639 1309 786 1344 autem
805 1300 994 1344 Abrahae
1012 1298 1097 1343 fuit
1117 1299 1453 1346 Melchisedech.
1470 1304 1531 1345 De
1554 1316 1642 1361 quo
1660 1299 1745 1345 alio

345 1371 452 1417 dicit
483 1391 491 1416 :
529 1391 550 1414 «
577 1374 642 1415 Tu
665 1387 709 1415 es
727 1369 925 1415 sacerdos
950 1371 996 1414 in
1024 1380 1238 1415 aeternum
1270 1371 1512 1416 secundum
1546 1371 1745 1415 ordinem

347 1461 368 1484 >›
403 1441 725 1487 Melchisedech
742 1477 752 1497 ‚
776 1461 796 1483 »
823 1442 905 1485 nisi
922 1440 976 1485 de
995 1440 1071 1486 illo
1087 1443 1210 1502 cujus
1232 1443 1366 1487 nostis
1390 1442 1680 1487 sacrificium?

406 1516 481 1558 VI.
511 1512 744 1558 Sublatum
768 1522 832 1557 est
854 1527 955 1570 ergo
975 1513 1233 1556 sacrificium
1251 1516 1420 1568 Aaron,
1441 1522 1485 1558 et
1499 1513 1635 1573 coepit
1656 1528 1746 1558 esse

344 1585 607 1630 sacrificium
628 1585 872 1629 secundum
895 1584 1093 1629 ordinem
1111 1584 1449 1630 Melchisedech.
1481 1605 1501 1628 «
1520 1588 1637 1644 Ergo
1652 1600 1747 1629 mu-

348 1675 368 1698 »
407 1657 515 1702 tavit
539 1658 684 1701 nescio
713 1657 809 1717 quis
839 1656 1013 1701 vultum
1039 1672 1183 1701 suum.
1217 1675 1237 1697 »
1265 1657 1372 1710 Quis
1397 1665 1462 1701 est
1491 1657 1572 1701 iste
1598 1656 1745 1701 nescio

345 1729 469 1788 quis?
488 1731 585 1774 Non
609 1729 663 1772 sit
680 1728 825 1773 nescio
844 1728 939 1789 quis
957 1748 965 1772 :
988 1737 1117 1773 notus
1141 1737 1205 1772 est
1226 1728 1343 1772 enim
1366 1728 1577 1773 Dominus
1599 1737 1746 1773 noster

346 1802 471 1843 Jesus
493 1799 707 1843 Christus.
736 1802 786 1842 In
805 1815 986 1858 corpore
1009 1810 1051 1843 et
1073 1800 1284 1857 sanguine
1306 1814 1385 1843 suo
1407 1799 1546 1843 voluit
1568 1814 1658 1843 esse
1679 1815 1746 1843 sa-

344 1868 483 1913 lutem
503 1879 711 1913 nostram.
742 1868 868 1913 Unde
888 1878 1035 1913 autem
1057 1869 1381 1914 commendavit
1402 1885 1559 1928 corpus
1582 1878 1624 1913 et
1646 1885 1746 1914 san-

347 1941 524 1999 guinem
539 1941 715 1984 suum'2?
735 1942 795 1983 De
808 1939 1055 1984 humilitate
1076 1955 1166 1983 sua.
1183 1940 1274 1985 Nisi
1288 1939 1402 1984 enim
1422 1949 1532 1984 esset
1548 1939 1742 1995 humilis,

346 2027 425 2055 nec
442 2010 796 2065 manducaretur,
818 2026 898 2054 nec
922 2010 1162 2054 biberetur.
1179 2011 1361 2070 Respice
1376 2010 1652 2055 altitudinem
1675 2011 1745 2070 ip·-

346 2083 432 2127 sius
460 2102 467 2126 :
500 2101 519 2124 «
545 2086 597 2126 In
621 2081 836 2142 principio
860 2090 953 2125 erat
974 2082 1169 2126 Verbum
1187 2117 1198 2137 ,
1225 2091 1268 2126 et
1290 2082 1484 2126 Verbum
1508 2091 1598 2126 erat
1627 2081 1746 2141 apud

350 2171 370 2194 »
408 2156 548 2197 Deum
567 2188 577 2208 ‚
604 2161 647 2196 et
669 2156 784 2196 Deus
806 2162 896 2196 erat
915 2152 1110 2196 Verbum
1128 2154 1160 2196 3.
1185 2171 1204 2194 »
1230 2155 1344 2198 Ecce
1374 2153 1496 2197 cibus
1519 2153 1746 2213 sempiter-

347 2241 429 2269 nus
456 2245 465 2270 :
487 2225 563 2268 sed
582 2223 853 2268 manducant
874 2224 1031 2284 Angeli
1047 2260 1058 2279 ,
1077 2224 1348 2269 manducant
1369 2240 1569 2285 supernae
1593 2226 1744 2269 Virtu-

347 2305 431 2352 tes,
464 2294 735 2340 manducant
756 2295 957 2340 coelestes
983 2295 1193 2355 Spiritus,
1231 2305 1274 2340 et
1295 2296 1610 2341 manducantes
1629 2297 1745 2355 sagi-

346 2377 524 2422 namur,
562 2377 604 2411 et
630 2367 851 2426 integrum
878 2376 1026 2411 manet
1052 2367 1171 2427 quod
1203 2383 1274 2411 eos
1307 2367 1433 2411 satiat
1461 2377 1504 2411 et
1534 2367 1740 2412 laetificat.

347 2439 453 2492 Quis
477 2448 623 2482 autem
646 2439 779 2483 homo
802 2447 947 2498 posset
977 2438 1032 2482 ad
1060 2437 1184 2482 illum
1207 2439 1384 2483 cibum?
1408 2437 1533 2482 Unde
1557 2454 1630 2482 cor
1654 2447 1742 2482 tam

347 2509 555 2554 idoneum
578 2508 641 2552 ilii
670 2509 797 2553 cibo?
820 2509 1063 2569 Oportebat
1080 2525 1182 2567 ergo
1207 2519 1256 2554 ut
1278 2525 1425 2553 mensa
1448 2508 1520 2553 illa
1539 2508 1742 2553 lactesce-

396 2602 402 2617 ¹
425 2597 503 2627 (jen.
533 2605 596 2636 xiv,
623 2593 673 2626 18.
697 2611 733 2616 -
750 2601 762 2617 ²
789 2593 1147 2635 Mat111.xxv1‚2o.—
1165 2592 1178 2616 3
1197 2595 1288 2626 Joan.
1310 2604 1333 2636 1,
1356 2605 1383 2626 1.
