<?xml version="1.0" encoding="UTF-8"?>
<!DOCTYPE html PUBLIC "-//W3C//DTD XHTML 1.0 Transitional//EN"
    "http://www.w3.org/TR/xhtml1/DTD/xhtml1-transitional.dtd">
<html xmlns="http://www.w3.org/1999/xhtml" xml:lang="en" lang="en">
 <head>
  <title>
</title>
<meta http-equiv="Content-Type" content="text/html;charset=utf-8" />
  <meta name='ocr-system' content='tesseract 3.04.00' />
  <meta name='ocr-capabilities' content='ocr_page ocr_carea ocr_par ocr_line ocrx_word'/>
</head>
<body>
  <div class='ocr_page' id='page_1' title='image "./operaomniaaccura07auguuoft_0523.png"; bbox 0 0 1833 3284; ppageno 0'>
   <div class='ocr_carea' id='block_1_1' title="bbox 214 206 1447 256">
    <p class='ocr_par' dir='ltr' id='par_1_1' title="bbox 214 206 1447 256">
     <span class='ocr_line' id='line_1_1' title="bbox 214 206 1447 256; baseline 0.001 -12"><span class='ocrx_word' id='word_1_1' title='bbox 214 213 457 246; x_wconf 62' lang='lat' dir='ltr'>munuum</span> <span class='ocrx_word' id='word_1_2' title='bbox 488 217 539 244; x_wconf 85' lang='lat'>111</span> <span class='ocrx_word' id='word_1_3' title='bbox 571 217 617 245; x_wconf 77' lang='grc' dir='ltr'>ιΝ</span> <span class='ocrx_word' id='word_1_4' title='bbox 648 215 852 246; x_wconf 73' lang='lat' dir='ltr'>PsALMUM</span> <span class='ocrx_word' id='word_1_5' title='bbox 882 215 1020 256; x_wconf 80' lang='lat' dir='ltr'>xxxn,</span> <span class='ocrx_word' id='word_1_6' title='bbox 1055 215 1182 246; x_wconf 74' lang='lat' dir='ltr'><strong>SERM.</strong></span> <span class='ocrx_word' id='word_1_7' title='bbox 1218 220 1268 245; x_wconf 88' lang='lat'>11.</span> <span class='ocrx_word' id='word_1_8' title='bbox 1362 206 1447 246; x_wconf 76' lang='lat'>497</span> 
     </span>
    </p>
   </div>
   <div class='ocr_carea' id='block_1_2' title="bbox 63 279 1466 2473">
    <p class='ocr_par' dir='ltr' id='par_1_2' title="bbox 63 279 1466 2473">
     <span class='ocr_line' id='line_1_2' title="bbox 68 279 1448 343; baseline 0.004 -20"><span class='ocrx_word' id='word_1_9' title='bbox 68 299 90 324; x_wconf 89' lang='lat'>»</span> <span class='ocrx_word' id='word_1_10' title='bbox 124 279 374 327; x_wconf 84' lang='lat' dir='ltr'>formamini</span> <span class='ocrx_word' id='word_1_11' title='bbox 400 281 447 326; x_wconf 93' lang='lat' dir='ltr'>in</span> <span class='ocrx_word' id='word_1_12' title='bbox 469 281 661 326; x_wconf 85' lang='lat' dir='ltr'>novitate</span> <span class='ocrx_word' id='word_1_13' title='bbox 681 282 836 327; x_wconf 89' lang='lat' dir='ltr'>mentis</span> <span class='ocrx_word' id='word_1_14' title='bbox 857 291 1010 327; x_wconf 86' lang='lat' dir='ltr'>vestrae</span> <span class='ocrx_word' id='word_1_15' title='bbox 1026 283 1058 327; x_wconf 85' lang='lat'>¹.</span> <span class='ocrx_word' id='word_1_16' title='bbox 1082 301 1103 324; x_wconf 89' lang='lat'>»</span> <span class='ocrx_word' id='word_1_17' title='bbox 1127 285 1226 327; x_wconf 88' lang='lat' dir='ltr'>Jam</span> <span class='ocrx_word' id='word_1_18' title='bbox 1248 298 1350 343; x_wconf 81' lang='lat' dir='ltr'>ergo</span> <span class='ocrx_word' id='word_1_19' title='bbox 1372 298 1448 328; x_wconf 92' lang='lat' dir='ltr'>su-</span> 
     </span>
     <span class='ocr_line' id='line_1_3' title="bbox 64 352 1446 414; baseline 0.002 -17"><span class='ocrx_word' id='word_1_20' title='bbox 64 362 237 413; x_wconf 76' lang='lat' dir='ltr'>perest,</span> <span class='ocrx_word' id='word_1_21' title='bbox 273 361 325 397; x_wconf 88' lang='lat' dir='ltr'>ut</span> <span class='ocrx_word' id='word_1_22' title='bbox 350 368 519 414; x_wconf 86' lang='lat' dir='ltr'>quaeras</span> <span class='ocrx_word' id='word_1_23' title='bbox 551 352 659 413; x_wconf 88' lang='lat' dir='ltr'>quid</span> <span class='ocrx_word' id='word_1_24' title='bbox 687 353 741 397; x_wconf 90' lang='lat' dir='ltr'>sit</span> <span class='ocrx_word' id='word_1_25' title='bbox 772 353 925 397; x_wconf 89' lang='lat' dir='ltr'>melius</span> <span class='ocrx_word' id='word_1_26' title='bbox 954 368 1086 413; x_wconf 87' lang='lat' dir='ltr'>quam</span> <span class='ocrx_word' id='word_1_27' title='bbox 1123 354 1293 398; x_wconf 89' lang='lat' dir='ltr'>animus</span> <span class='ocrx_word' id='word_1_28' title='bbox 1328 363 1446 400; x_wconf 82' lang='lat' dir='ltr'>tuus.</span> 
     </span>
     <span class='ocr_line' id='line_1_4' title="bbox 65 423 1447 479; baseline 0.001 -11"><span class='ocrx_word' id='word_1_29' title='bbox 65 423 184 477; x_wconf 88' lang='lat' dir='ltr'>Quid</span> <span class='ocrx_word' id='word_1_30' title='bbox 205 423 300 479; x_wconf 86' lang='lat' dir='ltr'>erit,</span> <span class='ocrx_word' id='word_1_31' title='bbox 319 423 516 479; x_wconf 84' lang='lat' dir='ltr'>obsecro,</span> <span class='ocrx_word' id='word_1_32' title='bbox 534 423 615 468; x_wconf 88' lang='lat' dir='ltr'>nisi</span> <span class='ocrx_word' id='word_1_33' title='bbox 631 426 746 468; x_wconf 90' lang='lat' dir='ltr'>Deus</span> <span class='ocrx_word' id='word_1_34' title='bbox 771 425 899 468; x_wconf 79' lang='lat' dir='ltr'>tuus?</span> <span class='ocrx_word' id='word_1_35' title='bbox 912 426 1009 469; x_wconf 93' lang='lat' dir='ltr'>Non</span> <span class='ocrx_word' id='word_1_36' title='bbox 1029 424 1197 469; x_wconf 91' lang='lat' dir='ltr'>invenis</span> <span class='ocrx_word' id='word_1_37' title='bbox 1213 424 1330 469; x_wconf 88' lang='lat' dir='ltr'>aliud</span> <span class='ocrx_word' id='word_1_38' title='bbox 1353 440 1447 470; x_wconf 90' lang='lat' dir='ltr'>me-</span> 
     </span>
     <span class='ocr_line' id='line_1_5' title="bbox 63 492 1451 554; baseline 0.001 -15"><span class='ocrx_word' id='word_1_39' title='bbox 63 493 148 539; x_wconf 93' lang='lat' dir='ltr'>lius</span> <span class='ocrx_word' id='word_1_40' title='bbox 164 494 310 539; x_wconf 81' lang='lat' dir='ltr'>animo</span> <span class='ocrx_word' id='word_1_41' title='bbox 328 502 406 539; x_wconf 88' lang='lat' dir='ltr'>tuo</span> <span class='ocrx_word' id='word_1_42' title='bbox 423 514 434 552; x_wconf 73' lang='lat'>3</span> <span class='ocrx_word' id='word_1_43' title='bbox 457 494 560 554; x_wconf 86' lang='lat' dir='ltr'>quia</span> <span class='ocrx_word' id='word_1_44' title='bbox 581 510 680 539; x_wconf 90' lang='lat' dir='ltr'>cum</span> <span class='ocrx_word' id='word_1_45' title='bbox 698 492 828 538; x_wconf 90' lang='lat' dir='ltr'>fuerit</span> <span class='ocrx_word' id='word_1_46' title='bbox 849 493 1041 553; x_wconf 85' lang='lat' dir='ltr'>perfecta</span> <span class='ocrx_word' id='word_1_47' title='bbox 1058 504 1213 539; x_wconf 87' lang='lat' dir='ltr'>natura</span> <span class='ocrx_word' id='word_1_48' title='bbox 1235 505 1310 540; x_wconf 85' lang='lat' dir='ltr'>tua</span> <span class='ocrx_word' id='word_1_49' title='bbox 1324 531 1336 551; x_wconf 74' lang='lat'><strong>‚</strong></span> <span class='ocrx_word' id='word_1_50' title='bbox 1356 500 1451 541; x_wconf 84' lang='lat' dir='ltr'>An-</span> 
     </span>
     <span class='ocr_line' id='line_1_6' title="bbox 66 565 1452 627; baseline 0.001 -17"><span class='ocrx_word' id='word_1_51' title='bbox 66 565 170 624; x_wconf 88' lang='lat' dir='ltr'>gelis</span> <span class='ocrx_word' id='word_1_52' title='bbox 185 565 448 626; x_wconf 68' lang='lat' dir='ltr'>aequabitur.</span> <span class='ocrx_word' id='word_1_53' title='bbox 474 568 499 610; x_wconf 89' lang='lat' dir='ltr'><strong>J</strong></span> <span class='ocrx_word' id='word_1_54' title='bbox 503 581 571 611; x_wconf 89' lang='lat' dir='ltr'>am</span> <span class='ocrx_word' id='word_1_55' title='bbox 593 581 723 627; x_wconf 88' lang='lat' dir='ltr'>supra</span> <span class='ocrx_word' id='word_1_56' title='bbox 745 580 835 610; x_wconf 91' lang='lat' dir='ltr'>non</span> <span class='ocrx_word' id='word_1_57' title='bbox 856 574 920 609; x_wconf 87' lang='lat' dir='ltr'>est</span> <span class='ocrx_word' id='word_1_58' title='bbox 940 565 1021 610; x_wconf 91' lang='lat' dir='ltr'>nisi</span> <span class='ocrx_word' id='word_1_59' title='bbox 1043 568 1236 611; x_wconf 80' lang='lat' dir='ltr'>Creator.</span> <span class='ocrx_word' id='word_1_60' title='bbox 1262 567 1392 626; x_wconf 84' lang='lat' dir='ltr'>Erige</span> <span class='ocrx_word' id='word_1_61' title='bbox 1410 577 1452 612; x_wconf 86' lang='lat' dir='ltr'>te</span> 
     </span>
     <span class='ocr_line' id='line_1_7' title="bbox 64 634 1449 697; baseline 0.001 -16"><span class='ocrx_word' id='word_1_62' title='bbox 64 636 122 681; x_wconf 86' lang='lat' dir='ltr'>ad</span> <span class='ocrx_word' id='word_1_63' title='bbox 141 635 266 681; x_wconf 91' lang='lat' dir='ltr'>illum</span> <span class='ocrx_word' id='word_1_64' title='bbox 281 671 292 692; x_wconf 86' lang='lat'>,</span> <span class='ocrx_word' id='word_1_65' title='bbox 311 636 402 681; x_wconf 89' lang='lat' dir='ltr'>noli</span> <span class='ocrx_word' id='word_1_66' title='bbox 423 637 667 697; x_wconf 81' lang='lat' dir='ltr'>desperare,</span> <span class='ocrx_word' id='word_1_67' title='bbox 687 634 777 681; x_wconf 91' lang='lat' dir='ltr'>noli</span> <span class='ocrx_word' id='word_1_68' title='bbox 798 635 967 680; x_wconf 83' lang='lat' dir='ltr'>dicere:</span> <span class='ocrx_word' id='word_1_69' title='bbox 992 635 1184 680; x_wconf 88' lang='lat' dir='ltr'>Multum</span> <span class='ocrx_word' id='word_1_70' title='bbox 1207 646 1271 681; x_wconf 88' lang='lat' dir='ltr'>est</span> <span class='ocrx_word' id='word_1_71' title='bbox 1287 637 1342 681; x_wconf 86' lang='lat' dir='ltr'>ad</span> <span class='ocrx_word' id='word_1_72' title='bbox 1365 653 1449 683; x_wconf 88' lang='lat' dir='ltr'>me.</span> 
     </span>
     <span class='ocr_line' id='line_1_8' title="bbox 65 707 1451 769; baseline 0.001 -16"><span class='ocrx_word' id='word_1_73' title='bbox 65 708 204 768; x_wconf 86' lang='lat' dir='ltr'>Magis</span> <span class='ocrx_word' id='word_1_74' title='bbox 224 707 415 753; x_wconf 87' lang='lat' dir='ltr'>multum</span> <span class='ocrx_word' id='word_1_75' title='bbox 438 718 502 753; x_wconf 90' lang='lat' dir='ltr'>est</span> <span class='ocrx_word' id='word_1_76' title='bbox 519 708 574 753; x_wconf 88' lang='lat' dir='ltr'>ad</span> <span class='ocrx_word' id='word_1_77' title='bbox 593 718 637 753; x_wconf 87' lang='lat' dir='ltr'>te</span> <span class='ocrx_word' id='word_1_78' title='bbox 651 708 811 753; x_wconf 88' lang='lat' dir='ltr'>habere</span> <span class='ocrx_word' id='word_1_79' title='bbox 824 707 936 752; x_wconf 88' lang='lat' dir='ltr'>forte</span> <span class='ocrx_word' id='word_1_80' title='bbox 958 723 1113 752; x_wconf 89' lang='lat' dir='ltr'>aurum</span> <span class='ocrx_word' id='word_1_81' title='bbox 1134 708 1256 769; x_wconf 87' lang='lat' dir='ltr'>quod</span> <span class='ocrx_word' id='word_1_82' title='bbox 1278 710 1451 769; x_wconf 80' lang='lat' dir='ltr'>quaeris.</span> 
     </span>
     <span class='ocr_line' id='line_1_9' title="bbox 65 779 1456 836; baseline 0.001 -11"><span class='ocrx_word' id='word_1_83' title='bbox 65 782 236 825; x_wconf 89' lang='lat' dir='ltr'>Aurum</span> <span class='ocrx_word' id='word_1_84' title='bbox 257 780 336 824; x_wconf 89' lang='lat' dir='ltr'>etsi</span> <span class='ocrx_word' id='word_1_85' title='bbox 356 780 560 834; x_wconf 88' lang='lat' dir='ltr'>volueris,</span> <span class='ocrx_word' id='word_1_86' title='bbox 586 779 698 825; x_wconf 88' lang='lat' dir='ltr'>forte</span> <span class='ocrx_word' id='word_1_87' title='bbox 715 795 804 824; x_wconf 91' lang='lat' dir='ltr'>non</span> <span class='ocrx_word' id='word_1_88' title='bbox 833 779 1040 836; x_wconf 83' lang='lat' dir='ltr'>habebis3</span> <span class='ocrx_word' id='word_1_89' title='bbox 1064 783 1226 834; x_wconf 88' lang='lat' dir='ltr'>Deum,</span> <span class='ocrx_word' id='word_1_90' title='bbox 1252 796 1352 825; x_wconf 86' lang='lat' dir='ltr'>curn</span> <span class='ocrx_word' id='word_1_91' title='bbox 1375 797 1456 826; x_wconf 91' lang='lat' dir='ltr'>vo-</span> 
     </span>
     <span class='ocr_line' id='line_1_10' title="bbox 64 848 1458 911; baseline 0.001 -17"><span class='ocrx_word' id='word_1_92' title='bbox 64 849 219 904; x_wconf 79' lang='lat' dir='ltr'>lueris,</span> <span class='ocrx_word' id='word_1_93' title='bbox 248 849 432 894; x_wconf 84' lang='lat' dir='ltr'>habebis</span> <span class='ocrx_word' id='word_1_94' title='bbox 453 869 463 895; x_wconf 78' lang='lat' dir='ltr'><em>z</em></span> <span class='ocrx_word' id='word_1_95' title='bbox 485 850 589 911; x_wconf 87' lang='lat' dir='ltr'>quia</span> <span class='ocrx_word' id='word_1_96' title='bbox 611 859 654 894; x_wconf 89' lang='lat' dir='ltr'>et</span> <span class='ocrx_word' id='word_1_97' title='bbox 676 859 911 910; x_wconf 83' lang='lat' dir='ltr'>antequam</span> <span class='ocrx_word' id='word_1_98' title='bbox 938 848 1070 894; x_wconf 89' lang='lat' dir='ltr'>velles</span> <span class='ocrx_word' id='word_1_99' title='bbox 1092 850 1213 894; x_wconf 87' lang='lat' dir='ltr'>venit</span> <span class='ocrx_word' id='word_1_100' title='bbox 1235 849 1290 894; x_wconf 89' lang='lat' dir='ltr'>ad</span> <span class='ocrx_word' id='word_1_101' title='bbox 1318 860 1360 894; x_wconf 85' lang='lat' dir='ltr'>te</span> <span class='ocrx_word' id='word_1_102' title='bbox 1376 886 1386 906; x_wconf 87' lang='lat'>‚</span> <span class='ocrx_word' id='word_1_103' title='bbox 1413 861 1458 896; x_wconf 82' lang='lat' dir='ltr'>et</span> 
     </span>
     <span class='ocr_line' id='line_1_11' title="bbox 66 920 1457 975; baseline 0 -9"><span class='ocrx_word' id='word_1_104' title='bbox 66 937 168 967; x_wconf 89' lang='lat' dir='ltr'>cum</span> <span class='ocrx_word' id='word_1_105' title='bbox 191 937 338 966; x_wconf 85' lang='lat' dir='ltr'>aversa</span> <span class='ocrx_word' id='word_1_106' title='bbox 359 921 587 966; x_wconf 85' lang='lat' dir='ltr'>voluntate</span> <span class='ocrx_word' id='word_1_107' title='bbox 611 937 720 966; x_wconf 90' lang='lat' dir='ltr'>esses</span> <span class='ocrx_word' id='word_1_108' title='bbox 741 920 912 966; x_wconf 84' lang='lat' dir='ltr'>vocavit</span> <span class='ocrx_word' id='word_1_109' title='bbox 940 930 1004 975; x_wconf 84' lang='lat' dir='ltr'>te,</span> <span class='ocrx_word' id='word_1_110' title='bbox 1038 930 1081 965; x_wconf 90' lang='lat' dir='ltr'>et</span> <span class='ocrx_word' id='word_1_111' title='bbox 1102 937 1204 966; x_wconf 90' lang='lat' dir='ltr'>cum</span> <span class='ocrx_word' id='word_1_112' title='bbox 1224 937 1457 967; x_wconf 84' lang='lat' dir='ltr'>conversus</span> 
     </span>
     <span class='ocr_line' id='line_1_12' title="bbox 65 992 1456 1048; baseline -0.001 -10"><span class='ocrx_word' id='word_1_113' title='bbox 65 1008 177 1038; x_wconf 88' lang='lat' dir='ltr'>esses</span> <span class='ocrx_word' id='word_1_114' title='bbox 212 993 369 1037; x_wconf 83' lang='lat' dir='ltr'>terruit</span> <span class='ocrx_word' id='word_1_115' title='bbox 390 1002 454 1048; x_wconf 82' lang='lat' dir='ltr'>te,</span> <span class='ocrx_word' id='word_1_116' title='bbox 491 1002 535 1037; x_wconf 87' lang='lat' dir='ltr'>et</span> <span class='ocrx_word' id='word_1_117' title='bbox 556 1009 658 1037; x_wconf 87' lang='lat' dir='ltr'>cum</span> <span class='ocrx_word' id='word_1_118' title='bbox 691 992 866 1037; x_wconf 84' lang='lat' dir='ltr'>territus</span> <span class='ocrx_word' id='word_1_119' title='bbox 890 992 1154 1037; x_wconf 82' lang='lat' dir='ltr'>confitereris</span> <span class='ocrx_word' id='word_1_120' title='bbox 1172 1028 1182 1048; x_wconf 88' lang='lat'>‚</span> <span class='ocrx_word' id='word_1_121' title='bbox 1208 992 1456 1037; x_wconf 76' lang='lat' dir='ltr'>consolatus</span> 
     </span>
     <span class='ocr_line' id='line_1_13' title="bbox 67 1061 1454 1125; baseline 0 -17"><span class='ocrx_word' id='word_1_122' title='bbox 67 1073 132 1109; x_wconf 85' lang='lat' dir='ltr'>est</span> <span class='ocrx_word' id='word_1_123' title='bbox 147 1073 206 1108; x_wconf 89' lang='lat' dir='ltr'>te.</span> <span class='ocrx_word' id='word_1_124' title='bbox 230 1067 316 1109; x_wconf 84' lang='lat' dir='ltr'>Iste</span> <span class='ocrx_word' id='word_1_125' title='bbox 333 1064 410 1125; x_wconf 89' lang='lat' dir='ltr'>qui</span> <span class='ocrx_word' id='word_1_126' title='bbox 431 1063 512 1109; x_wconf 84' lang='lat' dir='ltr'>tibi</span> <span class='ocrx_word' id='word_1_127' title='bbox 532 1063 736 1124; x_wconf 81' lang='lat' dir='ltr'>praestitit</span> <span class='ocrx_word' id='word_1_128' title='bbox 759 1063 920 1118; x_wconf 83' lang='lat' dir='ltr'>omnia,</span> <span class='ocrx_word' id='word_1_129' title='bbox 941 1062 1020 1107; x_wconf 88' lang='lat' dir='ltr'>iste</span> <span class='ocrx_word' id='word_1_130' title='bbox 1041 1063 1117 1123; x_wconf 90' lang='lat' dir='ltr'>qui</span> <span class='ocrx_word' id='word_1_131' title='bbox 1135 1061 1237 1107; x_wconf 85' lang='lat' dir='ltr'>fecit</span> <span class='ocrx_word' id='word_1_132' title='bbox 1253 1073 1303 1108; x_wconf 86' lang='lat' dir='ltr'>ut</span> <span class='ocrx_word' id='word_1_133' title='bbox 1321 1079 1454 1119; x_wconf 82' lang='lat' dir='ltr'>esses,</span> 
     </span>
     <span class='ocr_line' id='line_1_14' title="bbox 67 1132 1455 1196; baseline 0 -17"><span class='ocrx_word' id='word_1_134' title='bbox 67 1135 144 1196; x_wconf 91' lang='lat' dir='ltr'>qui</span> <span class='ocrx_word' id='word_1_135' title='bbox 164 1150 266 1180; x_wconf 90' lang='lat' dir='ltr'>cum</span> <span class='ocrx_word' id='word_1_136' title='bbox 286 1135 354 1179; x_wconf 89' lang='lat' dir='ltr'>his</span> <span class='ocrx_word' id='word_1_137' title='bbox 385 1135 461 1195; x_wconf 86' lang='lat' dir='ltr'>qui</span> <span class='ocrx_word' id='word_1_138' title='bbox 491 1144 638 1180; x_wconf 87' lang='lat' dir='ltr'>tecum</span> <span class='ocrx_word' id='word_1_139' title='bbox 659 1143 761 1178; x_wconf 91' lang='lat' dir='ltr'>sunt</span> <span class='ocrx_word' id='word_1_140' title='bbox 783 1135 912 1178; x_wconf 84' lang='lat' dir='ltr'>etiam</span> <span class='ocrx_word' id='word_1_141' title='bbox 943 1132 1067 1178; x_wconf 88' lang='lat' dir='ltr'>malis</span> <span class='ocrx_word' id='word_1_142' title='bbox 1094 1142 1272 1193; x_wconf 85' lang='lat' dir='ltr'>praestat</span> <span class='ocrx_word' id='word_1_143' title='bbox 1291 1134 1425 1179; x_wconf 90' lang='lat' dir='ltr'>solem</span> <span class='ocrx_word' id='word_1_144' title='bbox 1443 1169 1455 1190; x_wconf 86' lang='lat'>,</span> 
     </span>
     <span class='ocr_line' id='line_1_15' title="bbox 66 1203 1457 1267; baseline 0 -16"><span class='ocrx_word' id='word_1_145' title='bbox 66 1215 244 1267; x_wconf 80' lang='lat' dir='ltr'>praestat</span> <span class='ocrx_word' id='word_1_146' title='bbox 263 1205 490 1266; x_wconf 79' lang='lat' dir='ltr'>pluviam²</span> <span class='ocrx_word' id='word_1_147' title='bbox 506 1240 517 1261; x_wconf 83' lang='lat'><strong>‚</strong></span> <span class='ocrx_word' id='word_1_148' title='bbox 542 1215 720 1266; x_wconf 84' lang='lat' dir='ltr'>praestat</span> <span class='ocrx_word' id='word_1_149' title='bbox 743 1205 936 1259; x_wconf 85' lang='lat' dir='ltr'>fructus,</span> <span class='ocrx_word' id='word_1_150' title='bbox 962 1203 1127 1260; x_wconf 83' lang='lat' dir='ltr'>fontes,</span> <span class='ocrx_word' id='word_1_151' title='bbox 1152 1205 1285 1250; x_wconf 89' lang='lat' dir='ltr'>vitam</span> <span class='ocrx_word' id='word_1_152' title='bbox 1300 1241 1311 1260; x_wconf 85' lang='lat'><strong>‚</strong></span> <span class='ocrx_word' id='word_1_153' title='bbox 1338 1206 1457 1251; x_wconf 83' lang='lat' dir='ltr'>salu-</span> 
     </span>
     <span class='ocr_line' id='line_1_16' title="bbox 68 1274 1460 1336; baseline 0.001 -15"><span class='ocrx_word' id='word_1_154' title='bbox 68 1285 156 1321; x_wconf 86' lang='lat' dir='ltr'>tem</span> <span class='ocrx_word' id='word_1_155' title='bbox 173 1312 184 1333; x_wconf 89' lang='lat'>,</span> <span class='ocrx_word' id='word_1_156' title='bbox 209 1286 352 1322; x_wconf 88' lang='lat' dir='ltr'>tantas</span> <span class='ocrx_word' id='word_1_157' title='bbox 373 1275 688 1322; x_wconf 87' lang='lat' dir='ltr'>consolationes</span> <span class='ocrx_word' id='word_1_158' title='bbox 704 1311 714 1331; x_wconf 88' lang='lat'>,</span> <span class='ocrx_word' id='word_1_159' title='bbox 742 1284 882 1321; x_wconf 86' lang='lat' dir='ltr'>servat</span> <span class='ocrx_word' id='word_1_160' title='bbox 906 1275 983 1319; x_wconf 87' lang='lat' dir='ltr'>tibi</span> <span class='ocrx_word' id='word_1_161' title='bbox 1020 1274 1186 1336; x_wconf 88' lang='lat' dir='ltr'>aliquid</span> <span class='ocrx_word' id='word_1_162' title='bbox 1213 1276 1334 1336; x_wconf 91' lang='lat' dir='ltr'>quod</span> <span class='ocrx_word' id='word_1_163' title='bbox 1369 1293 1460 1322; x_wconf 86' lang='lat' dir='ltr'>non</span> 
     </span>
     <span class='ocr_line' id='line_1_17' title="bbox 67 1346 1460 1407; baseline -0.001 -14"><span class='ocrx_word' id='word_1_164' title='bbox 67 1346 144 1394; x_wconf 90' lang='lat' dir='ltr'>det</span> <span class='ocrx_word' id='word_1_165' title='bbox 173 1348 256 1393; x_wconf 91' lang='lat' dir='ltr'>nisi</span> <span class='ocrx_word' id='word_1_166' title='bbox 291 1348 387 1394; x_wconf 89' lang='lat' dir='ltr'>tibi.</span> <span class='ocrx_word' id='word_1_167' title='bbox 424 1347 542 1401; x_wconf 89' lang='lat' dir='ltr'>Quid</span> <span class='ocrx_word' id='word_1_168' title='bbox 572 1357 637 1392; x_wconf 88' lang='lat' dir='ltr'>est</span> <span class='ocrx_word' id='word_1_169' title='bbox 669 1357 816 1392; x_wconf 85' lang='lat' dir='ltr'>autem</span> <span class='ocrx_word' id='word_1_170' title='bbox 850 1346 970 1407; x_wconf 89' lang='lat' dir='ltr'>quod</span> <span class='ocrx_word' id='word_1_171' title='bbox 992 1346 1073 1391; x_wconf 88' lang='lat' dir='ltr'>tibi</span> <span class='ocrx_word' id='word_1_172' title='bbox 1095 1356 1260 1403; x_wconf 80' lang='lat' dir='ltr'>servat,</span> <span class='ocrx_word' id='word_1_173' title='bbox 1286 1348 1365 1392; x_wconf 91' lang='lat' dir='ltr'>nisi</span> <span class='ocrx_word' id='word_1_174' title='bbox 1388 1350 1460 1393; x_wconf 82' lang='lat' dir='ltr'>se‘?</span> 
     </span>
     <span class='ocr_line' id='line_1_18' title="bbox 69 1416 1456 1475; baseline -0.001 -11"><span class='ocrx_word' id='word_1_175' title='bbox 69 1422 173 1465; x_wconf 90' lang='lat' dir='ltr'>Pete</span> <span class='ocrx_word' id='word_1_176' title='bbox 186 1418 322 1475; x_wconf 82' lang='lat' dir='ltr'>aliud,</span> <span class='ocrx_word' id='word_1_177' title='bbox 337 1420 371 1464; x_wconf 92' lang='lat' dir='ltr'>si</span> <span class='ocrx_word' id='word_1_178' title='bbox 391 1418 547 1464; x_wconf 85' lang='lat' dir='ltr'>melius</span> <span class='ocrx_word' id='word_1_179' title='bbox 570 1418 785 1463; x_wconf 84' lang='lat' dir='ltr'>inveneris</span> <span class='ocrx_word' id='word_1_180' title='bbox 804 1437 814 1463; x_wconf 90' lang='lat'>:</span> <span class='ocrx_word' id='word_1_181' title='bbox 836 1432 880 1461; x_wconf 88' lang='lat' dir='ltr'>se</span> <span class='ocrx_word' id='word_1_182' title='bbox 901 1416 982 1462; x_wconf 85' lang='lat' dir='ltr'>tibi</span> <span class='ocrx_word' id='word_1_183' title='bbox 999 1426 1140 1462; x_wconf 83' lang='lat' dir='ltr'>servat</span> <span class='ocrx_word' id='word_1_184' title='bbox 1154 1420 1283 1462; x_wconf 89' lang='lat' dir='ltr'>Deus.</span> <span class='ocrx_word' id='word_1_185' title='bbox 1296 1421 1456 1475; x_wconf 85' lang='lat' dir='ltr'>Avare,</span> 
     </span>
     <span class='ocr_line' id='line_1_19' title="bbox 68 1488 1461 1554; baseline -0.001 -18"><span class='ocrx_word' id='word_1_186' title='bbox 68 1491 179 1554; x_wconf 90' lang='lat' dir='ltr'>quid</span> <span class='ocrx_word' id='word_1_187' title='bbox 197 1491 337 1536; x_wconf 88' lang='lat' dir='ltr'>inhias</span> <span class='ocrx_word' id='word_1_188' title='bbox 359 1490 474 1536; x_wconf 89' lang='lat' dir='ltr'>coelo</span> <span class='ocrx_word' id='word_1_189' title='bbox 496 1499 541 1535; x_wconf 86' lang='lat' dir='ltr'>et</span> <span class='ocrx_word' id='word_1_190' title='bbox 562 1492 719 1535; x_wconf 79' lang='lat' dir='ltr'>terrae?</span> <span class='ocrx_word' id='word_1_191' title='bbox 740 1489 897 1535; x_wconf 84' lang='lat' dir='ltr'>Melior</span> <span class='ocrx_word' id='word_1_192' title='bbox 914 1498 978 1533; x_wconf 85' lang='lat' dir='ltr'>est</span> <span class='ocrx_word' id='word_1_193' title='bbox 1003 1489 1079 1550; x_wconf 87' lang='lat' dir='ltr'>qui</span> <span class='ocrx_word' id='word_1_194' title='bbox 1102 1488 1207 1534; x_wconf 85' lang='lat' dir='ltr'>fecit</span> <span class='ocrx_word' id='word_1_195' title='bbox 1229 1489 1391 1534; x_wconf 90' lang='lat' dir='ltr'>coelum</span> <span class='ocrx_word' id='word_1_196' title='bbox 1416 1499 1461 1535; x_wconf 84' lang='lat' dir='ltr'>et</span> 
     </span>
     <span class='ocr_line' id='line_1_20' title="bbox 69 1560 1460 1623; baseline -0.002 -15"><span class='ocrx_word' id='word_1_197' title='bbox 69 1572 230 1608; x_wconf 88' lang='lat' dir='ltr'>terram</span> <span class='ocrx_word' id='word_1_198' title='bbox 251 1582 260 1608; x_wconf 73' lang='grc' dir='ltr'><strong><em>ε</em></strong></span> <span class='ocrx_word' id='word_1_199' title='bbox 281 1563 424 1623; x_wconf 89' lang='lat' dir='ltr'>ipsum</span> <span class='ocrx_word' id='word_1_200' title='bbox 444 1561 614 1607; x_wconf 87' lang='lat' dir='ltr'>visurus</span> <span class='ocrx_word' id='word_1_201' title='bbox 632 1596 643 1617; x_wconf 88' lang='lat'>,</span> <span class='ocrx_word' id='word_1_202' title='bbox 663 1561 807 1620; x_wconf 91' lang='lat' dir='ltr'>ipsum</span> <span class='ocrx_word' id='word_1_203' title='bbox 827 1560 1059 1604; x_wconf 86' lang='lat' dir='ltr'>habiturus</span> <span class='ocrx_word' id='word_1_204' title='bbox 1079 1575 1139 1604; x_wconf 87' lang='lat' dir='ltr'>es.</span> <span class='ocrx_word' id='word_1_205' title='bbox 1167 1560 1284 1614; x_wconf 87' lang='lat' dir='ltr'>Quid</span> <span class='ocrx_word' id='word_1_206' title='bbox 1301 1561 1460 1621; x_wconf 77' lang='lat' dir='ltr'>quaeris</span> 
     </span>
     <span class='ocr_line' id='line_1_21' title="bbox 68 1629 1462 1690; baseline -0.001 -12"><span class='ocrx_word' id='word_1_207' title='bbox 68 1643 119 1678; x_wconf 86' lang='lat' dir='ltr'>ut</span> <span class='ocrx_word' id='word_1_208' title='bbox 149 1644 227 1680; x_wconf 88' lang='lat' dir='ltr'>tua</span> <span class='ocrx_word' id='word_1_209' title='bbox 254 1634 310 1679; x_wconf 91' lang='lat' dir='ltr'>sit</span> <span class='ocrx_word' id='word_1_210' title='bbox 341 1632 416 1678; x_wconf 81' lang='lat' dir='ltr'>illa</span> <span class='ocrx_word' id='word_1_211' title='bbox 436 1631 538 1677; x_wconf 86' lang='lat' dir='ltr'>villa</span> <span class='ocrx_word' id='word_1_212' title='bbox 553 1668 564 1688; x_wconf 84' lang='lat'><strong>‚</strong></span> <span class='ocrx_word' id='word_1_213' title='bbox 605 1641 649 1676; x_wconf 88' lang='lat' dir='ltr'>et</span> <span class='ocrx_word' id='word_1_214' title='bbox 670 1632 883 1676; x_wconf 88' lang='lat' dir='ltr'>transiens</span> <span class='ocrx_word' id='word_1_215' title='bbox 910 1646 985 1690; x_wconf 90' lang='lat' dir='ltr'>per</span> <span class='ocrx_word' id='word_1_216' title='bbox 1008 1629 1127 1675; x_wconf 80' lang='lat' dir='ltr'>illam</span> <span class='ocrx_word' id='word_1_217' title='bbox 1150 1629 1278 1676; x_wconf 89' lang='lat' dir='ltr'>dicis:</span> <span class='ocrx_word' id='word_1_218' title='bbox 1302 1633 1462 1677; x_wconf 83' lang='lat' dir='ltr'>Beatus</span> 
     </span>
     <span class='ocr_line' id='line_1_22' title="bbox 69 1701 1462 1765; baseline -0.002 -15"><span class='ocrx_word' id='word_1_219' title='bbox 69 1705 195 1765; x_wconf 81' lang='lat' dir='ltr'>cujus</span> <span class='ocrx_word' id='word_1_220' title='bbox 216 1713 280 1750; x_wconf 89' lang='lat' dir='ltr'>est</span> <span class='ocrx_word' id='word_1_221' title='bbox 300 1703 509 1763; x_wconf 88' lang='lat' dir='ltr'>possessio</span> <span class='ocrx_word' id='word_1_222' title='bbox 529 1703 626 1747; x_wconf 89' lang='lat' dir='ltr'>ista.</span> <span class='ocrx_word' id='word_1_223' title='bbox 648 1705 743 1749; x_wconf 88' lang='lat' dir='ltr'>Hoc</span> <span class='ocrx_word' id='word_1_224' title='bbox 765 1701 921 1746; x_wconf 82' lang='lat' dir='ltr'>dicunt</span> <span class='ocrx_word' id='word_1_225' title='bbox 941 1717 1073 1762; x_wconf 84' lang='lat' dir='ltr'>quam</span> <span class='ocrx_word' id='word_1_226' title='bbox 1093 1701 1221 1746; x_wconf 89' lang='lat' dir='ltr'>multi</span> <span class='ocrx_word' id='word_1_227' title='bbox 1243 1702 1320 1762; x_wconf 87' lang='lat' dir='ltr'>qui</span> <span class='ocrx_word' id='word_1_228' title='bbox 1338 1711 1462 1747; x_wconf 85' lang='lat' dir='ltr'>tran-</span> 
     </span>
     <span class='ocr_line' id='line_1_23' title="bbox 70 1771 1463 1835; baseline -0.001 -15"><span class='ocrx_word' id='word_1_229' title='bbox 70 1785 199 1821; x_wconf 90' lang='lat' dir='ltr'>seunt</span> <span class='ocrx_word' id='word_1_230' title='bbox 215 1790 293 1835; x_wconf 89' lang='lat' dir='ltr'>per</span> <span class='ocrx_word' id='word_1_231' title='bbox 313 1773 434 1818; x_wconf 91' lang='lat' dir='ltr'>illam</span> <span class='ocrx_word' id='word_1_232' title='bbox 455 1792 463 1818; x_wconf 91' lang='lat'>:</span> <span class='ocrx_word' id='word_1_233' title='bbox 491 1781 534 1817; x_wconf 86' lang='lat' dir='ltr'>et</span> <span class='ocrx_word' id='word_1_234' title='bbox 556 1782 704 1817; x_wconf 85' lang='lat' dir='ltr'>tamen</span> <span class='ocrx_word' id='word_1_235' title='bbox 720 1787 821 1816; x_wconf 88' lang='lat' dir='ltr'>cum</span> <span class='ocrx_word' id='word_1_236' title='bbox 842 1771 1044 1827; x_wconf 85' lang='lat' dir='ltr'>dixerint,</span> <span class='ocrx_word' id='word_1_237' title='bbox 1070 1781 1113 1816; x_wconf 86' lang='lat' dir='ltr'>et</span> <span class='ocrx_word' id='word_1_238' title='bbox 1135 1781 1363 1817; x_wconf 83' lang='lat' dir='ltr'>transeunt</span> <span class='ocrx_word' id='word_1_239' title='bbox 1384 1789 1463 1833; x_wconf 82' lang='lat' dir='ltr'>per</span> 
     </span>
     <span class='ocr_line' id='line_1_24' title="bbox 70 1842 1464 1905; baseline -0.001 -15"><span class='ocrx_word' id='word_1_240' title='bbox 70 1845 217 1900; x_wconf 84' lang='lat' dir='ltr'>illam,</span> <span class='ocrx_word' id='word_1_241' title='bbox 253 1853 436 1905; x_wconf 86' lang='lat' dir='ltr'>possunt</span> <span class='ocrx_word' id='word_1_242' title='bbox 468 1853 600 1904; x_wconf 80' lang='lat' dir='ltr'>caput.</span> <span class='ocrx_word' id='word_1_243' title='bbox 633 1843 796 1902; x_wconf 81' lang='lat' dir='ltr'>agitare</span> <span class='ocrx_word' id='word_1_244' title='bbox 830 1851 874 1886; x_wconf 89' lang='lat' dir='ltr'>et</span> <span class='ocrx_word' id='word_1_245' title='bbox 895 1842 1137 1901; x_wconf 82' lang='lat' dir='ltr'>suspirare,</span> <span class='ocrx_word' id='word_1_246' title='bbox 1178 1844 1397 1904; x_wconf 85' lang='lat' dir='ltr'>numquid</span> <span class='ocrx_word' id='word_1_247' title='bbox 1419 1854 1464 1890; x_wconf 83' lang='lat' dir='ltr'>et</span> 
     </span>
     <span class='ocr_line' id='line_1_25' title="bbox 71 1912 1464 1979; baseline -0.001 -18"><span class='ocrx_word' id='word_1_248' title='bbox 71 1915 321 1979; x_wconf 81' lang='lat' dir='ltr'>possidere?</span> <span class='ocrx_word' id='word_1_249' title='bbox 341 1918 475 1960; x_wconf 88' lang='lat' dir='ltr'>Sonat</span> <span class='ocrx_word' id='word_1_250' title='bbox 494 1913 722 1974; x_wconf 76' lang='lat' dir='ltr'>cupiditas,</span> <span class='ocrx_word' id='word_1_251' title='bbox 739 1921 863 1957; x_wconf 84' lang='lat' dir='ltr'>sonat</span> <span class='ocrx_word' id='word_1_252' title='bbox 883 1913 1090 1972; x_wconf 83' lang='lat' dir='ltr'>iniquitas</span> <span class='ocrx_word' id='word_1_253' title='bbox 1112 1932 1120 1956; x_wconf 90' lang='lat'><strong>:</strong></span> <span class='ocrx_word' id='word_1_254' title='bbox 1146 1912 1222 1957; x_wconf 82' lang='lat' dir='ltr'>sed</span> <span class='ocrx_word' id='word_1_255' title='bbox 1243 1930 1333 1958; x_wconf 91' lang='lat' dir='ltr'>non</span> <span class='ocrx_word' id='word_1_256' title='bbox 1355 1930 1464 1959; x_wconf 89' lang='lat' dir='ltr'>con-</span> 
     </span>
     <span class='ocr_line' id='line_1_26' title="bbox 73 1984 1463 2050; baseline -0.001 -16"><span class='ocrx_word' id='word_1_257' title='bbox 73 1989 268 2050; x_wconf 88' lang='lat' dir='ltr'>cupiscas</span> <span class='ocrx_word' id='word_1_258' title='bbox 289 2003 381 2032; x_wconf 89' lang='lat' dir='ltr'>rem</span> <span class='ocrx_word' id='word_1_259' title='bbox 397 1985 582 2047; x_wconf 80' lang='lat' dir='ltr'>proximi</span> <span class='ocrx_word' id='word_1_260' title='bbox 603 1985 668 2029; x_wconf 89' lang='lat' dir='ltr'>tui</span> <span class='ocrx_word' id='word_1_261' title='bbox 682 1987 713 2029; x_wconf 79' lang='lat'>³.</span> <span class='ocrx_word' id='word_1_262' title='bbox 730 1987 886 2028; x_wconf 85' lang='lat' dir='ltr'>Beatus</span> <span class='ocrx_word' id='word_1_263' title='bbox 905 1985 1026 2044; x_wconf 86' lang='lat' dir='ltr'>cujus</span> <span class='ocrx_word' id='word_1_264' title='bbox 1041 1992 1104 2028; x_wconf 86' lang='lat' dir='ltr'>est</span> <span class='ocrx_word' id='word_1_265' title='bbox 1120 1984 1193 2028; x_wconf 85' lang='lat' dir='ltr'>illa</span> <span class='ocrx_word' id='word_1_266' title='bbox 1204 1984 1324 2041; x_wconf 78' lang='lat' dir='ltr'>villa,</span> <span class='ocrx_word' id='word_1_267' title='bbox 1340 2003 1390 2031; x_wconf 87' lang='lat' dir='ltr'>cu</span> <span class='ocrx_word' id='word_1_268' title='bbox 1392 1988 1463 2048; x_wconf 89' lang='lat' dir='ltr'>jus</span> 
     </span>
     <span class='ocr_line' id='line_1_27' title="bbox 71 2054 1458 2118; baseline -0.003 -13"><span class='ocrx_word' id='word_1_269' title='bbox 71 2070 136 2106; x_wconf 83' lang='lat' dir='ltr'>est</span> <span class='ocrx_word' id='word_1_270' title='bbox 151 2061 308 2105; x_wconf 90' lang='lat' dir='ltr'>domus</span> <span class='ocrx_word' id='word_1_271' title='bbox 328 2059 424 2114; x_wconf 88' lang='lat' dir='ltr'>ista,</span> <span class='ocrx_word' id='word_1_272' title='bbox 440 2058 562 2118; x_wconf 85' lang='lat' dir='ltr'>cujus</span> <span class='ocrx_word' id='word_1_273' title='bbox 584 2065 649 2101; x_wconf 81' lang='lat' dir='ltr'>est</span> <span class='ocrx_word' id='word_1_274' title='bbox 665 2071 766 2115; x_wconf 82' lang='lat' dir='ltr'>ager</span> <span class='ocrx_word' id='word_1_275' title='bbox 787 2055 881 2100; x_wconf 85' lang='lat' dir='ltr'>iste.</span> <span class='ocrx_word' id='word_1_276' title='bbox 897 2057 1134 2115; x_wconf 87' lang='lat' dir='ltr'>Compesce</span> <span class='ocrx_word' id='word_1_277' title='bbox 1158 2054 1433 2116; x_wconf 86' lang='lat' dir='ltr'>iniquitatem</span> <span class='ocrx_word' id='word_1_278' title='bbox 1446 2093 1458 2114; x_wconf 89' lang='lat'>‚</span> 
     </span>
     <span class='ocr_line' id='line_1_28' title="bbox 71 2125 1466 2187; baseline -0.004 -10"><span class='ocrx_word' id='word_1_279' title='bbox 71 2131 176 2177; x_wconf 84' lang='lat' dir='ltr'>audi</span> <span class='ocrx_word' id='word_1_280' title='bbox 195 2130 422 2177; x_wconf 85' lang='lat' dir='ltr'>veritatem</span> <span class='ocrx_word' id='word_1_281' title='bbox 450 2148 459 2175; x_wconf 90' lang='lat'><strong>:</strong></span> <span class='ocrx_word' id='word_1_282' title='bbox 490 2130 655 2172; x_wconf 78' lang='lat' dir='ltr'>«Beata</span> <span class='ocrx_word' id='word_1_283' title='bbox 674 2142 778 2186; x_wconf 84' lang='lat' dir='ltr'>gens</span> <span class='ocrx_word' id='word_1_284' title='bbox 797 2128 920 2187; x_wconf 86' lang='lat' dir='ltr'>cujus</span> <span class='ocrx_word' id='word_1_285' title='bbox 938 2135 1002 2170; x_wconf 88' lang='lat' dir='ltr'>est</span> <span class='ocrx_word' id='word_1_286' title='bbox 1018 2145 1026 2171; x_wconf 91' lang='lat'><strong>:</strong></span> <span class='ocrx_word' id='word_1_287' title='bbox 1041 2144 1061 2167; x_wconf 88' lang='lat'>»</span> <span class='ocrx_word' id='word_1_288' title='bbox 1080 2125 1227 2180; x_wconf 76' lang='lat' dir='ltr'>Quid?</span> <span class='ocrx_word' id='word_1_289' title='bbox 1248 2129 1346 2171; x_wconf 87' lang='lat' dir='ltr'>Jam</span> <span class='ocrx_word' id='word_1_290' title='bbox 1363 2144 1466 2173; x_wconf 92' lang='lat' dir='ltr'>nos-</span> 
     </span>
     <span class='ocr_line' id='line_1_29' title="bbox 71 2197 1463 2264; baseline -0.002 -16"><span class='ocrx_word' id='word_1_291' title='bbox 71 2204 125 2249; x_wconf 86' lang='lat' dir='ltr'>tis</span> <span class='ocrx_word' id='word_1_292' title='bbox 151 2201 262 2264; x_wconf 89' lang='lat' dir='ltr'>quid</span> <span class='ocrx_word' id='word_1_293' title='bbox 282 2201 477 2247; x_wconf 82' lang='lat' dir='ltr'>dicturus</span> <span class='ocrx_word' id='word_1_294' title='bbox 498 2216 610 2244; x_wconf 89' lang='lat' dir='ltr'>sum.</span> <span class='ocrx_word' id='word_1_295' title='bbox 637 2201 754 2258; x_wconf 84' lang='lat' dir='ltr'>Ergo</span> <span class='ocrx_word' id='word_1_296' title='bbox 776 2197 1016 2242; x_wconf 87' lang='lat' dir='ltr'>desiderate</span> <span class='ocrx_word' id='word_1_297' title='bbox 1033 2206 1083 2242; x_wconf 86' lang='lat' dir='ltr'>ut</span> <span class='ocrx_word' id='word_1_298' title='bbox 1104 2197 1300 2242; x_wconf 81' lang='lat' dir='ltr'>habeatis</span> <span class='ocrx_word' id='word_1_299' title='bbox 1318 2234 1329 2254; x_wconf 82' lang='lat'>,</span> <span class='ocrx_word' id='word_1_300' title='bbox 1356 2208 1463 2245; x_wconf 88' lang='lat' dir='ltr'>tunc</span> 
     </span>
     <span class='ocr_line' id='line_1_30' title="bbox 72 2267 1462 2330; baseline -0.002 -12"><span class='ocrx_word' id='word_1_301' title='bbox 72 2274 251 2318; x_wconf 91' lang='lat' dir='ltr'>demum</span> <span class='ocrx_word' id='word_1_302' title='bbox 271 2271 389 2316; x_wconf 88' lang='lat' dir='ltr'>beati</span> <span class='ocrx_word' id='word_1_303' title='bbox 406 2270 538 2315; x_wconf 89' lang='lat' dir='ltr'>eritis.</span> <span class='ocrx_word' id='word_1_304' title='bbox 558 2273 653 2315; x_wconf 91' lang='lat' dir='ltr'>Hoc</span> <span class='ocrx_word' id='word_1_305' title='bbox 669 2268 762 2314; x_wconf 88' lang='lat' dir='ltr'>solo</span> <span class='ocrx_word' id='word_1_306' title='bbox 781 2268 898 2312; x_wconf 87' lang='lat' dir='ltr'>beati</span> <span class='ocrx_word' id='word_1_307' title='bbox 913 2267 1049 2312; x_wconf 88' lang='lat' dir='ltr'>eritis:</span> <span class='ocrx_word' id='word_1_308' title='bbox 1065 2283 1112 2311; x_wconf 84' lang='lat' dir='ltr'>re</span> <span class='ocrx_word' id='word_1_309' title='bbox 1132 2267 1311 2313; x_wconf 84' lang='lat' dir='ltr'>meliore</span> <span class='ocrx_word' id='word_1_310' title='bbox 1327 2285 1462 2330; x_wconf 86' lang='lat' dir='ltr'>quam</span> 
     </span>
     <span class='ocr_line' id='line_1_31' title="bbox 72 2338 1465 2402; baseline -0.001 -15"><span class='ocrx_word' id='word_1_311' title='bbox 72 2361 149 2390; x_wconf 84' lang='lat' dir='ltr'>vos</span> <span class='ocrx_word' id='word_1_312' title='bbox 169 2345 268 2390; x_wconf 88' lang='lat' dir='ltr'>estis</span> <span class='ocrx_word' id='word_1_313' title='bbox 291 2343 489 2387; x_wconf 88' lang='lat' dir='ltr'>meliores</span> <span class='ocrx_word' id='word_1_314' title='bbox 511 2342 642 2386; x_wconf 87' lang='lat' dir='ltr'>eritis.</span> <span class='ocrx_word' id='word_1_315' title='bbox 669 2344 784 2385; x_wconf 86' lang='lat' dir='ltr'>Deus</span> <span class='ocrx_word' id='word_1_316' title='bbox 804 2348 882 2393; x_wconf 80' lang='lat' dir='ltr'>est,</span> <span class='ocrx_word' id='word_1_317' title='bbox 901 2339 1083 2399; x_wconf 84' lang='lat' dir='ltr'>inquam</span> <span class='ocrx_word' id='word_1_318' title='bbox 1100 2375 1110 2394; x_wconf 90' lang='lat'>,</span> <span class='ocrx_word' id='word_1_319' title='bbox 1135 2338 1290 2384; x_wconf 85' lang='lat' dir='ltr'>melior</span> <span class='ocrx_word' id='word_1_320' title='bbox 1311 2350 1370 2396; x_wconf 71' lang='lat' dir='ltr'>te,</span> <span class='ocrx_word' id='word_1_321' title='bbox 1389 2343 1465 2402; x_wconf 85' lang='lat' dir='ltr'>qui</span> 
     </span>
     <span class='ocr_line' id='line_1_32' title="bbox 75 2411 1460 2473; baseline -0.003 -14"><span class='ocrx_word' id='word_1_322' title='bbox 75 2414 179 2459; x_wconf 86' lang='lat' dir='ltr'>fecit</span> <span class='ocrx_word' id='word_1_323' title='bbox 208 2425 267 2457; x_wconf 84' lang='lat' dir='ltr'>te.</span> <span class='ocrx_word' id='word_1_324' title='bbox 296 2434 316 2457; x_wconf 92' lang='lat'>«</span> <span class='ocrx_word' id='word_1_325' title='bbox 341 2417 472 2459; x_wconf 83' lang='lat' dir='ltr'>Beata</span> <span class='ocrx_word' id='word_1_326' title='bbox 495 2429 599 2472; x_wconf 83' lang='lat' dir='ltr'>gens</span> <span class='ocrx_word' id='word_1_327' title='bbox 621 2414 746 2473; x_wconf 84' lang='lat' dir='ltr'>cujus</span> <span class='ocrx_word' id='word_1_328' title='bbox 767 2420 831 2456; x_wconf 86' lang='lat' dir='ltr'>est</span> <span class='ocrx_word' id='word_1_329' title='bbox 854 2411 1065 2456; x_wconf 88' lang='lat' dir='ltr'>Dominus</span> <span class='ocrx_word' id='word_1_330' title='bbox 1097 2414 1210 2456; x_wconf 87' lang='lat' dir='ltr'>Deus</span> <span class='ocrx_word' id='word_1_331' title='bbox 1242 2428 1408 2457; x_wconf 88' lang='lat' dir='ltr'>eorum.</span> <span class='ocrx_word' id='word_1_332' title='bbox 1439 2432 1460 2455; x_wconf 75' lang='lat' dir='ltr'>n</span> 
     </span>
    </p>
   </div>
   <div class='ocr_carea' id='block_1_3' title="bbox 128 2517 1309 2615">
    <p class='ocr_par' dir='ltr' id='par_1_3' title="bbox 128 2517 1309 2615">
     <span class='ocr_line' id='line_1_33' title="bbox 128 2517 1049 2561; baseline -0.008 -6"><span class='ocrx_word' id='word_1_333' title='bbox 128 2530 136 2546; x_wconf 91' lang='lat'><em>¹</em></span> <span class='ocrx_word' id='word_1_334' title='bbox 153 2523 249 2554; x_wconf 83' lang='lat' dir='ltr'>Rom.</span> <span class='ocrx_word' id='word_1_335' title='bbox 276 2532 332 2561; x_wconf 86' lang='lat' dir='ltr'>xn,</span> <span class='ocrx_word' id='word_1_336' title='bbox 352 2529 384 2551; x_wconf 82' lang='lat'>2.</span> <span class='ocrx_word' id='word_1_337' title='bbox 403 2537 444 2542; x_wconf 83' lang='lat'>··-</span> <span class='ocrx_word' id='word_1_338' title='bbox 461 2526 473 2542; x_wconf 86' lang='lat'><strong>²</strong></span> <span class='ocrx_word' id='word_1_339' title='bbox 489 2518 601 2551; x_wconf 76' lang='lat' dir='ltr'>Matth.</span> <span class='ocrx_word' id='word_1_340' title='bbox 619 2529 651 2560; x_wconf 69' lang='grc' dir='ltr'>ν,</span> <span class='ocrx_word' id='word_1_341' title='bbox 668 2517 721 2550; x_wconf 87' lang='grc'>45.</span> <span class='ocrx_word' id='word_1_342' title='bbox 741 2535 781 2540; x_wconf 88' lang='lat'>—-</span> <span class='ocrx_word' id='word_1_343' title='bbox 802 2518 815 2540; x_wconf 76' lang='lat'>3</span> <span class='ocrx_word' id='word_1_344' title='bbox 832 2520 924 2550; x_wconf 86' lang='lat' dir='ltr'>Deut.</span> <span class='ocrx_word' id='word_1_345' title='bbox 947 2529 979 2557; x_wconf 78' lang='lat' dir='ltr'>v,</span> <span class='ocrx_word' id='word_1_346' title='bbox 997 2526 1049 2549; x_wconf 86' lang='lat'>21.</span> 
     </span>
     <span class='ocr_line' id='line_1_34' title="bbox 268 2575 1309 2615; baseline -0.002 0"><span class='ocrx_word' id='word_1_347' title='bbox 268 2585 389 2615; x_wconf 78' lang='lat' dir='ltr'>cxiv.</span> <span class='ocrx_word' id='word_1_348' title='bbox 1258 2575 1309 2613; x_wconf 78' lang='lat'>32</span> 
     </span>
    </p>
   </div>
  </div>
 </body>
</html>
