1833 3284
368 186 450 223 :398
817 195 848 220 s.
887 193 1117 221 Aucus'rmr
1151 195 1332 222 Errscom

369 278 391 301 »
426 274 517 303 non
540 257 682 302 habeo
713 276 721 300 ;
748 274 768 297 1)
794 259 891 301 Non
919 256 1027 302 dixit
1049 277 1058 302 ;
1092 277 1111 300 «
1136 261 1234 303 Non
1263 274 1357 303 sum
1383 261 1675 304 Samaritanus
1698 278 1707 304 z
1735 278 1755 300 »

367 331 426 376 sic
457 328 642 388 intelligi
672 328 822 374 volens
854 339 1050 373 nostrum
1071 346 1114 373 se
1144 346 1233 375 esse
1260 330 1501 376 custodem.
1536 332 1762 376 Miseratus

368 416 471 460 ergo
504 400 704 455 accessit,
742 400 933 455 curavit,
969 398 1025 444 ad
1051 401 1272 445 stabulum
1303 401 1533 461 perduxit,
1566 401 1763 462 implevit

368 472 481 516 circa
504 487 606 515 eum
628 469 969 515 misericordiam
996 491 1004 515 :
1030 470 1104 515 ille
1121 473 1214 533 jam
1241 481 1387 532 potest
1409 472 1657 527 ambulare,
1682 488 1765 533 po-

368 552 453 587 test
479 552 524 587 et
556 542 724 601 fugere.
751 545 850 595 Quo
872 541 1046 602 fugeret
1078 543 1159 587 nisi
1180 542 1234 588 ad
1258 547 1419 600 Deum,
1449 544 1527 588 ubi
1549 543 1655 589 fecit
1685 544 1765 589 sibi

369 613 553 658 domum
569 612 740 671 refugii.

430 687 508 728 IX.
539 684 688 738 «Quia
712 683 925 728 fortitudo
951 699 1047 728 mea
1072 694 1114 729 et
1139 684 1356 745 refugium
1387 701 1533 730 meum
1557 695 1698 742 estu,
1723 694 1767 731 et

373 773 394 796 »
429 765 608 815 propter
625 770 786 799 nomen
805 764 932 798 tuum
956 754 1046 799 dux
1070 756 1176 799 mihi
1193 757 1300 811 eris,
1329 766 1372 801 et
1389 757 1579 801 enutries
1600 759 1713 800 me1.
1742 774 1763 798 »

370 828 468 871 Non
515 835 691 886 propter
735 826 941 870 meritum
978 841 1127 870 meum
1147 862 1157 881 ,
1195 826 1271 871 sed
1287 863 1298 883 ,
1339 847 1358 870 «
1391 831 1574 888 Propter
1607 843 1769 872 nomen

375 916 395 938 »
431 907 559 942 tuum
577 933 587 952 ,
612 916 632 938 »
658 907 706 942 ut
730 907 778 941 tu
802 897 1053 957 glorificeris
1070 933 1080 953 ,
1106 913 1195 942 11011
1219 898 1320 959 quia
1352 914 1432 958 ego
1456 898 1615 958 dignus
1637 913 1733 943 sum
1756 919 1765 943 ;

375 987 396 1010 «
432 972 527 1013 Dux
551 970 655 1012 mihi
678 969 781 1023 eris,
807 988 826 1010 »
849 985 904 1012 ne
934 969 1129 1012 aberrem
1149 986 1170 1013 a
1192 979 1255 1021 te;
1283 989 1303 1012 «
1327 973 1386 1014 Et
1408 970 1598 1015 enutries
1621 985 1691 1014 me
1706 1005 1717 1025 ,
1744 988 1764 1010 »

372 1048 423 1083 ut
444 1039 614 1083 validus
641 1040 719 1084 sim
743 1039 799 1084 ad
831 1038 1186 1084 manducandum
1217 1056 1381 1096 escam,
1411 1057 1497 1101 qua
1519 1041 1654 1101 pascis
1677 1044 1770 1085 An-

374 1110 509 1170 gelos.
543 1111 622 1156 Hic
654 1112 771 1155 enim
802 1110 915 1156 lacte
944 1127 1022 1156 nos
1056 1112 1259 1167 nutrivit,
1284 1113 1360 1173 qui
1391 1114 1515 1157 nobis
1547 1112 1772 1157 coelestem

373 1183 523 1227 cibum
548 1184 772 1243 promisit3
809 1193 853 1227 et
875 1199 977 1228 usus
1006 1192 1070 1227 est
1092 1193 1288 1228 materna
1313 1184 1622 1229 misericordia.
1653 1185 1774 1229 Sicut

374 1254 491 1298 enim
512 1264 650 1298 mater
666 1253 832 1298 lactans
849 1253 1048 1298 camdem
1071 1270 1234 1310 escam,
1256 1256 1326 1299 cui
1349 1255 1573 1299 sumendae
1589 1254 1774 1299 idoneus

374 1324 517 1369 infans
541 1341 631 1369 non
649 1335 711 1369 est
727 1361 737 1380 ‚
759 1341 836 1385 per
859 1340 1034 1369 carnem
1060 1326 1242 1386 trajicit3
1266 1335 1310 1370 et
1331 1325 1397 1370 lac
1415 1325 1611 1370 infundit
1633 1345 1641 1370 :
1663 1330 1676 1381 (
1690 1326 1774 1370 hoc
1812 1341 1814 1352 *

374 1396 491 1440 enim
515 1396 670 1456 accipit
688 1395 919 1456 parvulus,
946 1396 1068 1456 quod
1089 1405 1347 1456 accepturus
1365 1406 1457 1441 erat
1472 1396 1526 1441 ad
1548 1412 1771 1453 mensan13
1812 1431 1813 1434 η

374 1466 450 1512 sed
471 1467 593 1528 quod
610 1483 686 1528 per
703 1483 879 1512 carnem
901 1468 1112 1529 trajicitur
1129 1469 1333 1528 congruit
1350 1468 1532 1529 parvulo
1549 1489 1557 1513 :
1574 1472 1590 1528 )
1608 1470 1667 1514 sic
1686 1473 1774 1513 Do·
1814 1482 1815 1521 ξ

374 1540 518 1584 minus
536 1540 791 1600 sapientiam
814 1555 936 1584 suam
950 1549 1001 1584 ut
1020 1540 1087 1585 lac
1110 1541 1236 1585 nobis
1255 1540 1432 1597 faceret,
1450 1557 1579 1586 carne
1595 1540 1775 1585 indutus
1814 1558 1815 1563 ¹

375 1611 496 1655 venit
513 1611 567 1656 ad
592 1627 685 1655 nos.
713 1614 829 1670 Ergo
847 1627 1005 1672 corpus
1028 1612 1188 1656 Christi
1210 1611 1433 1673 loquitur:
1463 1632 1482 1655 ‹<
1510 1615 1566 1656 Et
1584 1612 1776 1657 enutries
1814 1611 1822 1654 ³.

377 1699 398 1722 ))
434 1697 520 1725 me.
550 1700 569 1722 ))

435 1754 491 1795 Χ.
508 1772 527 1794 «
541 1751 713 1797 Educes
736 1767 806 1796 me
829 1751 884 1796 de
906 1752 1151 1812 muscipula
1172 1753 1269 1808 ista,
1291 1769 1425 1814 quam
1444 1753 1777 1798 occultaverunt
1816 1770 1817 1817 ]

378 1842 398 1864 »
435 1825 541 1868 mihi
555 1829 587 1868 2.
607 1843 627 1865 n
649 1827 672 1869 J
678 1840 747 1868 am
770 1824 910 1884 passio
926 1825 1195 1882 significatur
1217 1845 1225 1870 ε
1251 1844 1271 1867 «
1291 1825 1464 1870 Educes
1487 1842 1559 1870 me
1581 1826 1636 1870 de
1655 1841 1777 1870 mus-
1816 1869 1817 1873 ,

377 1912 398 1936 »
434 1893 580 1954 cipula
610 1895 690 1939 ista
708 1931 718 1951 ,
749 1910 883 1955 quam
914 1895 1249 1941 occultaverunt
1269 1897 1391 1940 mihi.
1418 1915 1437 1938 >›
1466 1900 1555 1942 Nec
1578 1896 1667 1942 sola
1702 1896 1777 1941 illa
1816 1898 1817 1905 ’

374 1967 514 2025 passio
539 1976 602 2011 est
617 2002 627 2022 ‚
643 1983 729 2027 qua
752 1982 901 2027 passus
920 1976 984 2011 est
1005 1968 1214 2011 Dominus
1230 1976 1378 2012 noster
1401 1971 1525 2013 Jesus
1547 1969 1745 2013 Christus
1764 1987 1772 2012 :
1825 2005 1833 2026 ,1

375 2036 666 2097 muscipulam
681 2052 801 2081 suam
823 2036 1023 2081 diabolus
1044 2038 1230 2082 tetendit
1247 2055 1386 2099 usque
1404 2039 1448 2084 in
1471 2040 1620 2084 finem.
1640 2042 1696 2084 Et
1710 2055 1776 2084 vae
1831 2038 1833 2048 ¹

375 2107 467 2164 illi,
499 2109 575 2169 qui
603 2110 648 2152 in
670 2108 788 2152 illam
813 2108 1104 2169 muscipulam
1127 2109 1245 2154 cadit
1277 2129 1285 2154 :
1316 2110 1434 2155 cadit
1467 2121 1613 2155 autem
1636 2110 1776 2156 omnis
1830 2131 1833 2150 ι

375 2180 454 2240 qui
479 2196 569 2224 non
591 2190 736 2240 sperat
757 2180 802 2224 in
824 2183 964 2224 Deum
981 2216 991 2233 ‚
1017 2181 1093 2241 qui
1116 2197 1206 2225 non
1228 2181 1358 2226 dicit:
1379 2201 1399 2224 «
1418 2185 1468 2226 In
1495 2191 1551 2237 te,
1573 2182 1773 2236 Domine,

379 2268 400 2291 »
437 2251 628 2311 speravi,
657 2267 746 2296 non
780 2250 1027 2295 confundar
1049 2251 1094 2294 in
1119 2262 1355 2307 aeternum,
1382 2261 1425 2296 et
1448 2253 1491 2296 in
1515 2262 1590 2296 tua
1607 2251 1777 2313 justitia

379 2339 400 2362 »
435 2337 540 2366 erue
562 2338 655 2377 me,
680 2331 724 2366 et
746 2322 883 2365 exime
906 2323 1015 2365 me3.
1045 2340 1064 2362 »
1091 2325 1278 2366 Extenta
1301 2331 1364 2367 est
1382 2332 1425 2367 et
1447 2333 1594 2384 parata
1616 2322 1778 2368 musci-

375 2392 482 2453 pula
505 2394 685 2438 inimici.
719 2394 870 2438 Posuit
902 2393 964 2437 ini
981 2393 1226 2453 muscipula
1249 2410 1440 2439 errorem
1464 2404 1508 2440 et
1535 2404 1745 2440 terrorem
1767 2414 1776 2438 :

377 2480 574 2510 errorem
597 2482 686 2526 quo
707 2464 879 2520 illiciat,
903 2474 1110 2510 terrorem
1134 2482 1223 2526 quo
1246 2465 1444 2525 frangat,
1469 2476 1512 2512 et
1533 2467 1688 2527 rapiat.
1714 2469 1778 2509 Tu

431 2557 438 2573 ι
463 2550 688 2592 1131111114.
711 2568 752 2573 —
780 2550 895 2583 911111.
921 2550 950 2582 5.
974 2567 1014 2573 -
1036 2548 1194 2582 ³1bid.2.
