1833 3284
359 213 443 252 330
801 223 833 249 s.
870 223 1101 251 AUGUSTINI
1135 225 1317 252 1⁴:1³1scom

357 289 638 335 habitationis
667 288 817 349 gloriae
843 289 935 334 Dei.
964 292 1015 333 In
1046 289 1206 349 quibus
1235 299 1380 334 autem
1412 288 1583 333 habitat
1617 287 1752 348 gloria

358 362 462 416 Dei,
484 360 564 404 nisi
586 361 662 420 qui
692 361 751 404 sic
773 360 1031 420 gloriantur,
1057 370 1107 404 ut
1125 376 1214 405 non
1235 361 1281 405 in
1299 376 1342 405 se
1360 396 1371 415 ,
1395 359 1471 404 scd
1499 360 1543 403 in
1568 361 1753 406 Domino

358 431 624 491 glorientur?
642 435 758 491 Ergo
781 432 882 493 quia
901 430 1031 475 dilexi
1049 431 1251 477 decorem
1275 431 1404 477 doms
1428 440 1519 476 tuae
1557 467 1568 486 ,
1594 430 1640 475 id
1660 441 1750 488 cst,

357 519 507 548 omnes
524 503 599 564 qui
618 503 678 547 ibi
698 513 799 547 sunt
822 513 866 547 et
888 501 1070 562 gloriam
1090 512 1211 547 tuam
1233 512 1466 564 quaerunt3
1496 500 1571 546 sed
1601 511 1644 546 et
1666 518 1755 548 non

356 574 615 635 praesumpsi
631 574 676 618 in
697 574 875 618 homine
891 609 902 629 ,
930 583 974 618 et
999 590 1089 619 non
1109 575 1306 619 consensi
1328 574 1470 635 impiis
1487 609 1498 629 .,
1520 583 1564 618 et
1580 589 1670 618 non
1687 574 1756 618 in-

357 647 527 702 troibo‚
548 655 592 690 et
613 661 703 691 non
730 645 890 691 sedebo
919 646 965 690 in
990 647 1327 706 congregatione
1355 662 1507 692 eorum
1530 666 1538 692 z
1565 645 1667 707 quia
1695 646 1755 691 ita

357 718 422 762 fui
444 718 490 762 in
522 717 714 762 Ecclesia
741 719 842 774 Dei,
868 716 977 779 quid
1002 718 1109 762 mihi
1143 718 1385 762 retribues?
1420 717 1753 778 Sequiturquid

358 788 712 850 respondeamus.
729 809 746 830 «
764 792 828 835 Ne
843 789 1098 850 comperdas
1116 791 1372 851 cumimpiis
1387 791 1576 835 animam
1593 805 1752 845 meam,

363 881 381 903 »
418 870 462 906 et
480 876 582 906 cum
601 861 704 906 viris
727 861 989 920 sanguinum
1012 862 1147 906 vitam
1175 864 1358 907 meam1.
1391 881 1408 904 »

415 934 544 977 XIII.
577 952 595 974 «
625 936 677 977 In
700 949 890 995 quorum
919 934 1125 978 manibus
1154 934 1406 994 iniquitates
1428 941 1556 988 sunt,
1578 930 1756 977 dextera

362 1025 380 1047 »
416 1020 569 1049 eorum
593 1004 755 1065 repleta
774 1015 838 1049 est
852 1006 1151 1051 muneribus2.
1175 1026 1192 1048 »
1209 1010 1393 1051 Munera
1408 1021 1498 1050 non
1517 1003 1659 1050 solum
1680 1019 1757 1064 pc-

357 1076 486 1121 cunia
511 1085 604 1132 est,
642 1093 732 1122 non
762 1076 904 1122 solum
941 1093 1097 1122 aurum
1125 1087 1168 1122 et
1202 1086 1456 1137 argentum,
1488 1092 1579 1121 non
1614 1075 1757 1120 solum

358 1148 506 1191 exenia
524 1156 648 1206 sunt3
669 1163 812 1209 neque
834 1163 985 1193 omnes
998 1149 1075 1209 qui
1091 1149 1311 1209 accipiunt
1328 1164 1393 1203 ea,
1415 1147 1634 1207 accipiunt
1655 1161 1756 1190 mu-

357 1234 476 1263 nera.
502 1217 753 1279 Aliquando
771 1220 889 1263 enim
908 1219 1184 1279 accipiuntur
1202 1220 1255 1264 ab
1268 1219 1477 1264 Ecclesia.
1494 1216 1625 1271 Quod
1638 1215 1754 1272 dico,

357 1291 511 1334 Petrus
532 1290 719 1350 accepit,
747 1290 958 1336 Dominus
981 1291 1169 1351 accepit,
1194 1289 1362 1335 loculos
1384 1289 1562 1344 habuit,
1584 1304 1634 1333 ea
1656 1303 1757 1349 quae

356 1360 647 1405 mittebantur
679 1363 702 1405 J
709 1360 814 1406 udas
849 1361 1120 1405 auferebat&
1159 1381 1176 1403 »
1211 1361 1297 1406 Sed
1327 1359 1435 1421 quid
1463 1368 1527 1405 est
1562 1359 1758 1419 accipere

357 1435 570 1477 munera?
593 1437 778 1493 Propter
798 1449 982 1479 munera
1005 1433 1184 1479 laudare
1201 1434 1426 1478 hominem
1446 1468 1456 1488 ,
1483 1432 1651 1477 adulari
1672 1432 1756 1476 ho-

358 1504 480 1560 mini,
495 1504 672 1565 palpare
690 1504 957 1549 blandiendo
969 1541 980 1561 ,
995 1504 1192 1565 judicare
1209 1514 1361 1549 contra
1374 1504 1600 1548 veritatem
1622 1518 1756 1563 prop-

358 1586 424 1621 ter
440 1592 637 1622 munera.
664 1581 848 1637 Propter
862 1594 961 1638 quae
980 1579 1190 1621 munera?
1207 1580 1306 1623 Non
1324 1576 1467 1621 solum
1485 1584 1667 1636 propter
1684 1590 1757 1619 au-

358 1664 454 1693 rum
478 1658 521 1693 ct
542 1658 768 1707 argentum
791 1659 835 1694 et
853 1649 1108 1709 hujusmodi
1132 1648 1314 1709 aliquid,
1335 1647 1410 1693 sed
1434 1649 1563 1693 ctiam
1580 1656 1758 1707 propter

357 1719 535 1764 laudem
548 1720 621 1780 qui
631 1719 800 1780 judicat
811 1720 939 1775 male,
951 1737 1110 1765 munus
1125 1721 1296 1780 accipit,
1309 1729 1352 1764 et
1369 1735 1529 1764 munus
1545 1734 1634 1779 quo
1648 1717 1757 1762 nihil

358 1790 545 1836 inanius.
572 1792 718 1836 Patuit
735 1792 851 1835 enim
872 1791 935 1835 illi
959 1807 1112 1836 manus
1136 1790 1190 1835 ad
1216 1790 1520 1850 accipiendum
1538 1789 1757 1850 judicium

359 1859 522 1920 linguae
539 1860 709 1917 alienae,
731 1871 773 1906 et
788 1861 979 1921 perdidit
995 1861 1214 1923 judicium
1229 1862 1506 1907 conscientiae
1520 1876 1624 1905 suae.
1642 1862 1757 1918 Ergo

365 1952 382 1973 «
421 1935 473 1976 In
494 1948 684 1993 quorum
701 1933 903 1977 manibus
916 1933 1168 1994 iniquitates
1182 1942 1306 1988 sunt,
1321 1932 1500 1977 dextera
1523 1947 1675 1977 eorum
1693 1946 1757 1975 re-

366 2023 384 2045 »
419 2002 536 2062 pleta
550 2013 614 2048 est
631 2003 903 2048 muneribus.
928 2025 944 2046 »
966 2003 1154 2060 Videtis,
1179 2003 1354 2059 fratres,
1381 2003 1484 2064 quia
1506 2018 1654 2048 coram
1668 2005 1758 2047 Deo

361 2083 480 2130 sunt,
500 2075 604 2118 etin
621 2090 812 2135 quorum
831 2074 1031 2119 manibus
1047 2091 1137 2120 non
1155 2084 1256 2119 sunt
1269 2075 1537 2135 iniquitates,
1557 2089 1639 2118 nec
1657 2072 1757 2117 dex·

363 2154 453 2189 tera
466 2161 617 2190 eorum
632 2145 794 2205 repleta
807 2154 871 2190 est
885 2146 1158 2201 muneribus,
1171 2147 1324 2206 utique
1339 2161 1485 2190 coram
1494 2148 1600 2199 Deo,
1613 2153 1656 2188 et
1668 2159 1758 2188 non

361 2226 545 2275 possunt
562 2216 643 2260 nisi
664 2220 753 2260 Deo
775 2215 919 2261 dicere
942 2236 950 2261 :
978 2219 1010 2259 T
1016 2232 1043 2259 u
1065 2217 1171 2273 scis;
1196 2232 1284 2260 non
1302 2225 1486 2276 possunt
1509 2216 1590 2260 nisi
1606 2215 1668 2259 illi
1689 2215 1759 2258 di-

363 2302 459 2331 cere
478 2308 486 2332 :
513 2307 529 2327 «
551 2290 614 2332 Ne
637 2287 892 2347 comperdas
915 2303 1016 2331 cuin
1038 2288 1179 2347 impiis
1203 2287 1391 2332 animam
1410 2302 1574 2342 meam,
1596 2296 1638 2330 et
1655 2301 1757 2330 cum

368 2378 385 2399 «
421 2359 521 2402 viris
534 2359 798 2418 sanguinum
818 2360 953 2403 vitam
975 2373 1139 2403 meam:
1165 2379 1180 2400 »
1200 2359 1279 2418 qui
1300 2357 1416 2403 solus
1436 2367 1578 2418 potest
1589 2356 1753 2413 videre,

361 2429 465 2489 quia
488 2445 576 2474 non
599 2430 817 2489 accipiunt
840 2444 1035 2473 munera.
1058 2429 1191 2472 Verbi
1214 2444 1340 2478 causa
1357 2464 1368 2484 ,
1399 2429 1581 2486 contigit
1603 2437 1651 2472 ut
1668 2428 1756 2472 duo

361 2501 558 2546 homines
573 2502 762 2546 habeant
777 2517 949 2546 causam
963 2500 1081 2561 apud
1096 2516 1267 2545 servum
1281 2501 1374 2556 Dei,
1391 2516 1520 2546 nemo
1533 2500 1614 2545 nisi
1634 2514 1756 2544 suam

414 2587 518 2619 ¹1¹sal.
540 2599 613 2629 xxv,
628 2599 661 2630 9.
684 2605 721 2611 —-
744 2595 756 2610 ²
772 2588 854 2621 Ibid.
881 2599 930 2621 ιο.
953 2605 993 2610 -
1015 2586 1028 2609 3
1045 2590 1135 2620 Joan.
1159 2599 1216 2628 xii,
1234 2586 1270 2619 6.
