1833 3284
320 195 404 233 436
761 204 793 229 s.
834 205 1063 230 At‘etis'rim
1097 204 1278 229 Eriseort

318 292 336 313 >›
374 271 501 315 detur
536 271 638 313 milii
670 285 809 313 sermo
842 269 885 312 in
920 268 1141 328 apertione
1174 268 1257 312 oris
1286 268 1419 323 mei',
1451 287 1469 309 »
1496 269 1555 312 sic
1584 268 1706 328 loqui

314 343 454 396 vobis,
474 340 847 401 quemadmodum
871 349 914 383 ct
932 339 1035 382 milii
1056 338 1199 382 dicere
1216 337 1510 397 periculosum
1528 354 1617 383 non
1634 339 1702 391 sit,

315 422 358 456 et
381 411 503 456 vobis
527 410 678 454 audire
699 409 884 454 salutare
908 409 976 453 sit.
1004 412 1176 468 Anceps
1206 409 1321 452 enim
1356 409 1525 452 animus
1547 410 1706 452 liuma-

316 498 420 537 nus,
441 491 484 525 et
507 483 723 526 fluctuans
746 481 859 524 inter
881 477 1198 524 contessionem
1219 479 1483 523 infirmitatis
1505 488 1549 523 et
1570 478 1708 523 auda-

316 554 427 598 ciam
461 551 836 612 praesumptionis,
875 550 1133 610 plerumque
1160 549 1262 593 hinc
1298 558 1428 609 atque
1464 550 1566 593 inde
1600 565 1708 593 con-

317 624 541 678 tunditur⁷
576 632 619 667 et
656 624 715 666 ita
747 620 987 681 impellitur
1023 630 1072 664 ut
1106 620 1145 664 ei
1178 620 1224 664 in
1256 620 1500 681 quamlibet
1542 630 1710 680 partem

317 694 470 740 cadere
504 692 795 753 praecipitium
834 691 900 735 sit.
941 692 982 736 Si
1015 691 1132 735 enim
1172 706 1216 735 se
1248 690 1491 735 infirmitati
1523 691 1710 751 propriae

317 766 437 812 omni
456 781 507 809 ex
530 774 652 824 parte
673 763 916 818 donaverit,
938 762 1043 806 etin
1064 762 1179 806 hanc
1199 762 1505 819 cogitationem
1523 777 1566 806 se
1584 760 1712 806 incli-

317 837 505 891 naverit,
531 845 582 880 ut
610 834 748 889 dicat,
775 834 878 894 quia
905 833 1198 877 misericordia
1228 833 1305 877 Dei
1328 833 1532 877 omnibus
1554 836 1710 893 pecca-

318 909 509 962 toribus,
527 907 574 951 in
602 905 872 967 quibuslibet
902 904 1089 965 pcccatis
1120 904 1517 964 perseverantibus,
1541 913 1712 948 tantum.

317 979 592 1025 credentibus
615 977 716 1038 quia
748 980 861 1020 Deus
891 975 1070 1030 liberat,
1102 974 1217 1020 Deus
1249 975 1455 1034 ignoscit,
1482 975 1541 1019 ita
1559 975 1605 1018 in
1626 975 1713 1019 fine

318 1061 466 1112 parata
489 1060 573 1105 est,
598 1059 649 1093 ut
679 1064 807 1093 nemo
836 1057 984 1108 pereat
1017 1047 1213 1091 fidelium
1236 1047 1488 1107 iniquorum
1517 1067 1526 1092 ;
1558 1046 1603 1091 id
1626 1056 1711 1102 est,

319 1139 449 1167 nemo
472 1131 620 1182 pereat.
642 1136 791 1165 eorum
811 1120 887 1180 qui
906 1119 986 1163 sibi
1008 1119 1182 1163 dicunt:
1204 1118 1386 1172 Quidvis
1409 1118 1587 1173 faciam,
1612 1118 1713 1178 qui-

320 1193 514 1237 buslibet
546 1192 812 1237 facinoribus
846 1201 888 1234 et
921 1190 1094 1248 flagitiis
1128 1190 1352 1249 inquiner⁷
1389 1187 1715 1249 quantumlibet

318 1280 518 1324 peccem„
544 1263 702 1307 liberat
734 1278 804 1306 me
832 1265 946 1306 Deus
968 1260 1261 1305 misericordia
1293 1276 1390 1315 sua⁷
1416 1260 1518 1320 quia
1549 1259 1715 1304 credidi

318 1336 364 1379 in
379 1351 495 1379 eum.
514 1335 599 1388 Qui
622 1348 723 1392 ergo
744 1333 850 1377 dicit
868 1332 1085 1376 neminem
1104 1331 1246 1390 perire
1264 1331 1434 1388 talium7
1452 1331 1715 1389 cogitatione

319 1407 434 1452 mala
452 1406 687 1450 inclinatur
709 1405 755 1448 in
779 1404 1085 1464 impunitatem
1109 1412 1415 1462 peccat0rum3
1441 1411 1484 1446 ct
1505 1405 1620 1446 Deus
1643 1400 1715 1445 ille

314 1480 480 1539 justus⁷
513 1477 584 1521 cui
617 1485 818 1520 cantatur
846 1472 1141 1518 misericordia
1172 1482 1214 1517 et
1234 1472 1473 1533 judicium,
1503 1489 1592 1517 non
1626 1472 1716 1517 sola

320 1546 639 1608 misericordia2
659 1546 734 1590 sed
757 1555 800 1589 et
815 1544 1072 1605 ι1111110111111Ἒ7
1093 1543 1260 1589 invenit
1281 1544 1505 1588 hominem
1527 1543 1640 1587 male
1661 1543 1717 1587 de

321 1636 366 1664 se
390 1626 749 1679 praesumentem,
777 1625 820 1659 et
842 1615 897 1659 ad
919 1615 1143 1658 interitum
1171 1630 1297 1658 suum
1323 1614 1615 1659 misericordia
1640 1614 1718 1658 Dei

321 1691 599 1743 abutentem,
626 1697 669 1731 et
699 1702 872 1730 neccsse
896 1694 959 1729 est
982 1694 1032 1729 ut
1056 1684 1249 1728 damnet.
1287 1684 1397 1728 Talis
1425 1685 1574 1745 itaque
1598 1684 1718 1744 cogi-

324 1761 430 1805 tatio
453 1758 697 1819 prfecipitat
720 1757 942 1800 bominem
969 1775 976 1799 :
1002 1772 1089 1816 qua
1112 1756 1514 1815 quisque-territus⁷
1539 1756 1573 1799 si
1601 1772 1644 1799 se
1671 1755 1718 1798 in

323 1831 550 1878 audaciam
581 1829 817 1891 quamdam
851 1827 1201 1887 praesumptionis
1235 1826 1438 1881 erexerit,
1472 1836 1515 1871 et
1547 1826 1601 1870 de
1630 1827 1717 1870 suis

323 1904 486 1948 viribus
505 1902 762 1962 justitiaque
778 1899 1104 1960 praesumpserit
1124 1908 1166 1942 et
1181 1899 1455 1958 proposuerit
1473 1898 1617 1942 animo
1632 1898 1716 1942 im-

322 1975 442 2036 plere
450 1973 679 2035 justitiam,
692 1982 736 2015 ct
749 1971 893 2015 omnia
906 1987 1005 2031 quae
1017 1970 1333 2030 praecipiuntur
1343 1970 1387 2013 in
1400 1969 1495 2028 lege
1506 1970 1564 2013 ita
1579 1968 1718 2014 faeere

325 2056 374 2090 ut
398 2046 443 2089 in
465 2043 589 2088 nullo
613 2041 809 2087 offendat
833 2050 965 2102 atquc
989 2041 1033 2084 in
1054 2049 1266 2100 potestate
1293 2056 1368 2084 sua
1399 2056 1442 2084 se
1468 2040 1628 2084 habere
1649 2040 1717 2083 vi·-

325 2128 411 2162 tam
430 2131 569 2170 suam,
588 2124 637 2158 ut
655 2113 835 2157 omnino
851 2127 1067 2172 nusquam
1085 2110 1274 2166 labatur,
1291 2126 1508 2172 nusquam
1526 2109 1715 2165 deficiat,

325 2203 543 2248 nusquam
573 2184 759 2240 titubet,
788 2198 1005 2243 nusquam
1028 2181 1207 2241 caliget,
1237 2181 1407 2241 sibique
1431 2182 1513 2225 hoc
1536 2181 1715 2236 tribuat,

325 2267 369 2302 ct
401 2256 648 2318 potentatui
680 2253 917 2299 voluntatis
950 2269 1040 2296 suae
1067 2272 1075 2296 :
1101 2252 1230 2295 etiam
1265 2252 1300 2295 si
1330 2251 1442 2296 forte
1476 2251 1720 2312 impleverit

328 2330 476 2374 omnia
497 2344 596 2389 quae
616 2329 733 2387 justa
754 2324 961 2370 videntur
983 2339 1128 2368 coram
1156 2322 1295 2367 oculis
1316 2324 1567 2379 hominum,
1592 2323 1650 2367 ita
1669 2331 1719 2367 ut

327 2399 437 2444 nihil
459 2399 706 2444 inveniatur
735 2397 780 2441 in
809 2396 898 2440 vita
920 2397 1032 2456 ejus,
1058 2394 1179 2456 quod
1212 2396 1346 2455 possit
1378 2394 1638 2455 reprehendi
1661 2395 1716 2439 ab

327 2470 598 2525 hominibus,
616 2470 752 2529 ipsam
775 2467 1157 2528 praesumptionem
1173 2466 1543 2527 jactationemque
1563 2481 1716 2526 super-

377 2563 385 2579 ¹
401 2555 516 2599 Ephes.
532 2566 578 2597 vl,
601 2566 651 2597 ¹9-
680 2571 720 2576 —
740 2561 754 2576 2
768 2553 851 2586 Psal.
865 2565 892 2585 c.
915 2564 942 2584 1.
