1833 3284
446 250 686 278 ENAnmtrro
720 252 764 277 nv
798 250 1000 277 PsALMUM
1036 252 1093 275 ιν.
1378 238 1456 275 135

76 320 271 376 coeptum
286 351 296 371 ,
316 317 374 360 Et
394 313 504 359 dixit
525 315 732 359 Dominus
751 313 806 359 ad
823 313 947 358 illum
968 333 976 358 :
998 332 1017 355 «
1031 316 1088 358 Et
1102 313 1267 358 factum
1286 322 1348 358 est
1363 328 1459 359 ver·

79 404 100 428 »
134 387 241 431 bum
270 385 444 431 Domini
471 385 525 430 ad
549 385 739 430 illum¹.»
766 389 874 440 Quae
889 386 1094 446 junctura
1115 386 1456 446 conjunctionis,

75 467 177 503 cum
209 456 423 502 sententia
452 471 543 501 non
569 456 855 516 praecesserit,
883 456 953 501 cui
975 471 1161 516 sequens
1183 466 1456 513 annectatur,

74 527 334 573 mirabiliter
347 525 538 572 fortassis
554 526 768 585 insinuat,
788 526 1075 588 prolationem
1092 527 1282 572 veritatis
1295 527 1341 572 in
1354 543 1460 573 voce

74 614 176 643 cum
198 615 244 643 ea
269 597 448 653 visione,
469 614 568 658 quae
589 599 640 642 fit
660 598 705 642 in
720 597 866 654 corde,
887 613 977 642 esse
994 598 1288 659 conjunctam.
1310 600 1461 651 Quan-

73 685 206 731 quam
236 669 306 714 hic
328 669 414 714 dici
433 670 590 729 possit,
617 669 737 730 quod
759 669 952 730 superior
976 670 1189 714 sententia
1204 704 1215 725 ,
1243 688 1262 712 α
1277 671 1332 715 Ut
1353 669 1460 731 quid

75 753 97 782 ·»
131 739 308 798 diligitis
323 740 580 794 vanitatem,
606 750 649 784 et
666 741 858 801 quaeritis
876 741 1175 797 mendacium,
1191 759 1211 782 »
1242 740 1300 784 ita
1322 740 1461 801 posita

73 821 158 868 est,
183 828 233 857 ac
254 812 289 856 si
306 811 548 857 diceretur:
567 811 712 858 Nolite
734 811 911 870 diligere
931 813 1184 867 vanitatem,
1206 821 1248 857 et
1266 828 1461 873 quaerere

71 882 367 928 mendacium.
383 885 481 937 Quo
503 884 561 928 ita
581 883 736 943 posito,
757 882 991 927 rectissima
1013 881 1235 927 locutione
1248 883 1460 944 sequitur,

76 972 97 996 (ι
120 955 178 998 Et
198 955 350 999 scitote
361 956 571 1015 quoniam
589 952 887 999 admirabilem
906 951 1006 998 fecit
1023 953 1234 998 Dominus
1255 956 1459 999 Sanctum

77 1037 96 1067 5›
131 1040 276 1069 suum.
307 1045 324 1068 »
359 1026 443 1071 Sed
465 1025 771 1086 interpositum
809 1044 826 1065 «
853 1023 1119 1085 Diapsalma,
1147 1043 1164 1066 ›>
1189 1033 1310 1069 vetat
1336 1025 1462 1069 istam

69 1110 172 1140 cum
187 1097 408 1156 superiore
429 1095 650 1157 conjungi.
679 1096 775 1142 Sive
797 1096 912 1140 enim
935 1095 1160 1140 hebraeum
1177 1095 1364 1140 verbum
1384 1096 1459 1151 sit,

70 1167 182 1212 sicut
204 1168 385 1229 quidam
406 1165 584 1223 volunt,
606 1183 695 1228 quo
718 1166 985 1227 significatur
1003 1166 1125 1211 Fiat:
1151 1166 1240 1211 sive
1252 1181 1458 1225 graecum,

69 1232 159 1303 quo
180 1240 450 1300 significatur
464 1237 743 1284 intervallum
758 1236 994 1298 psallendi,
1014 1246 1064 1280 ut
1080 1237 1247 1282 Psalma
1266 1238 1320 1282 sit
1340 1237 1461 1299 quod

68 1310 283 1373 psallitur,
300 1310 545 1370 Diapsalma
566 1325 670 1354 vero
691 1307 996 1368 interpositum
1018 1308 1067 1353 in
1079 1307 1305 1369 psallendo
1327 1309 1459 1354 silen-

67 1383 179 1427 tium
200 1401 209 1428 :
234 1390 286 1427 ut
305 1380 679 1443 quemadmodum
701 1379 970 1440 Sympsalma
984 1380 1144 1425 dicitur
1159 1396 1316 1425 vocum
1331 1387 1464 1442 copu-

67 1452 172 1498 latio
199 1453 246 1496 in
278 1451 517 1507 cantando,
541 1452 601 1496 ita
633 1451 875 1511 Diapsalma
903 1450 1135 1512 disjunctio
1165 1467 1314 1495 earum
1332 1487 1343 1507 ,
1382 1452 1461 1497 ubi

67 1522 270 1584 quaedam
292 1522 462 1584 requies
484 1521 711 1583 disjunctae
734 1523 1071 1567 continuationis
1090 1522 1356 1568 ostenditur:
1373 1523 1460 1569 sive

68 1610 172 1654 ergo
194 1593 320 1649 illud,
346 1593 434 1638 sive
455 1594 556 1649 hoc,
577 1594 664 1638 sive
683 1592 803 1639 aliud
822 1593 985 1655 aliquid
1008 1595 1078 1650 sit,
1097 1603 1212 1639 certe
1230 1593 1341 1639 illud
1357 1610 1461 1655 pro-

66 1665 214 1723 babile
235 1673 322 1720 est,
345 1679 436 1710 non
463 1660 579 1709 recte
600 1665 847 1710 continuari
869 1675 913 1710 et
935 1665 1145 1726 conjungi
1166 1681 1356 1723 sensum,
1381 1666 1459 1712 ubi

66 1735 313 1796 Diapsalma
335 1735 642 1796 interponitur.

125 1810 180 1853 V.
204 1827 224 1850 «
243 1808 454 1853 Dominus
477 1807 678 1853 exaudiet
692 1823 778 1864 me,
799 1807 907 1853 dum
929 1807 1173 1854 clamavero
1190 1807 1246 1852 ad
1268 1813 1413 1853 eum2.
1433 1827 1454 1851 »

67 1876 149 1924 Hic·
177 1895 256 1924 nos
279 1878 505 1924 admoneri
522 1877 674 1932 credo,
701 1888 752 1923 ut
774 1894 931 1938 magna
959 1879 1203 1924 intentione
1225 1879 1390 1935 cordis,
1411 1878 1458 1925 id

66 1959 151 2005 est,
178 1950 350 2011 interno
372 1959 416 1993 et
440 1950 697 2009 incorporeo
724 1949 914 1994 clamore
939 1950 1148 1994 auxilium
1176 1949 1458 2010 imploremus

65 2019 158 2065 Dei.
178 2021 396 2073 Quoniam
425 2020 536 2063 sicut
557 2019 867 2077 gratulandum
894 2029 958 2064 est
988 2020 1043 2064 de
1071 2019 1390 2065 illuminatione
1413 2021 1458 2064 in

64 2090 147 2134 hac
167 2090 276 2145 vita,
301 2089 361 2134 ita
385 2089 598 2135 orandum
626 2105 705 2149 pro
728 2090 879 2150 requie
900 2099 997 2150 post
1018 2090 1132 2135 hanc
1156 2091 1302 2135 vitam.
1338 2093 1457 2145 Qua-

63 2170 242 2221 propter
260 2170 334 2223 aut
350 2175 401 2204 ex
417 2176 600 2221 persona
616 2159 755 2204 fidelis
777 2160 1112 2221 evangelizantis
1124 2196 1135 2216 ,
1153 2170 1230 2206 aut
1248 2177 1298 2205 ex
1320 2162 1452 2221 ipsius

63 2231 254 2287 Domini,
271 2231 329 2276 sic
354 2231 656 2291 accipiendum
679 2240 764 2287 est,
790 2247 838 2276 ac
860 2232 893 2276 si
915 2232 1084 2277 dictum
1106 2232 1218 2286 sitq«
1241 2232 1452 2278 Dominus

63 2301 264 2346 exaudiet
282 2317 382 2357 vos,
408 2302 516 2346 dum
543 2300 828 2347 clamaveritis
850 2302 905 2346 ad
928 2318 1046 2347 eum.
1074 2322 1094 2344 »

84 2383 90 2387 “
123 2374 198 2418 VI.
221 2373 518 2429 «Irascimini,
535 2382 578 2417 et
595 2372 730 2418 nolite
743 2375 962 2434 peccaress.
983 2374 1289 2419 »Occurrebat
1309 2376 1447 2432 enim,

64 2444 172 2498 Quis
193 2454 257 2490 est
277 2445 437 2505 dignus
459 2445 667 2501 exaudiri,
682 2455 758 2490 aut
775 2444 999 2507 quomodo
1012 2463 1103 2491 non
1121 2445 1280 2492 frustra
1295 2447 1457 2493 clamat

64 2524 268 2575 peccator
286 2515 343 2561 ad
363 2516 632 2562 Dominum?
648 2511 780 2575 Ergo,
804 2536 825 2560 «
845 2518 1100 2576 Irascimini,
1125 2519 1286 2579 inquit,
1311 2528 1355 2564 et
1375 2535 1457 2564 no-

113 2601 245 2635 thech.
264 2613 289 2644 1,
308 2602 338 2635 3.
355 2619 397 2625 -
418 2608 430 2624 ²
471 2602 553 2635 Psal.
574 2613 617 2644 iv,
636 2601 668 2644 4.
689 2619 730 2627 —-
753 2601 861 2636 3Ibid.
884 2603 915 2635 5.
