1833 3284
386 297 731 327 ANNOTATIONUM
763 299 809 326 ΙΝ
842 299 939 336 JOB,
976 298 1115 325 nima.
1393 288 1449 326 99

64 360 112 406 id
124 362 263 418 valet,
285 371 336 408 ut
351 371 563 424 tanquam
579 364 625 408 in
635 363 850 424 polymito
863 379 913 408 ea
935 372 1000 407 est
1019 362 1202 407 varietas
1223 362 1420 407 colorum
1435 398 1447 419 ,

60 448 150 493 qua
171 448 262 478 non
289 434 490 479 turbetur
511 434 643 480 decus
664 434 843 479 unitatis
861 455 872 491 3
896 434 956 478 sic
977 433 1023 477 in
1050 432 1258 477 fratribus
1280 433 1337 478 ita
1363 433 1450 478 sint

62 502 177 547 dona
189 503 372 561 divers-a,
393 514 443 550 ut
458 504 580 550 nulla
597 504 771 549 invidiae
784 494 1069 564 discrepantia
1084 503 1331 547 cohaereant
1348 503 1446 559 sibi,

62 574 318 620 sufferentes
345 576 531 621 invicem
557 577 603 620 in
629 575 883 632 dilectione,
909 574 1133 620 studentes
1155 591 1323 620 servare
1344 575 1448 619 uni-

61 653 198 689 tatem
219 646 394 705 spiritus
410 647 456 691 in
472 646 648 691 vinculo
665 646 780 707 pacis
795 649 825 690 ¹.
851 665 869 687 «
882 646 1089 707 Aut-quis
1102 655 1166 691 est
1185 646 1263 707 qui
1284 660 1445 690 nume-

66 734 86 757 »
120 724 186 759 ret
216 716 356 763 nubes
375 718 640 777 sapientia2?
678 718 808 764 Novit
840 719 957 762 enim
986 717 1196 763 Dominus
1230 717 1308 778 qui
1338 726 1443 761 sunt

67 803 86 827 »
119 786 211 847 ejus
225 788 257 831 ³.
288 787 395 841 Quis
421 797 566 833 autem
593 790 676 834 hoc
712 788 964 844 hominum,
1000 789 1166 849 inquit,
1192 788 1344 833 novit?
1385 789 1442 831 Et

66 874 86 897 »
120 871 283 916 organa
302 858 403 903 coeli
418 859 466 903 in
488 868 647 904 terram
663 859 921 905 declinavit4
934 860 952 903 P
965 879 981 901 »
1009 858 1196 917 Angelos
1218 858 1416 903 coelestes
1431 893 1443 913 ,

61 941 140 986 peu:
159 943 270 988 quos
286 927 446 973 divinae
461 945 588 975 voces
606 930 823 975 enuntiari
844 929 998 974 solent.
1016 932 1115 975 Non
1137 930 1253 974 enim
1275 927 1448 974 cecide-

62 1006 168 1042 runt
187 998 299 1044 sicut
317 998 392 1044 ille
413 1016 527 1045 unus
541 1037 552 1055 ,
578 1001 654 1046 sed
675 1002 789 1045 flexu
822 999 1084 1046 obedjentiae
1112 999 1318 1045 declinati
1350 1008 1452 1044 sunt

62 1067 109 1111 in
130 1077 290 1114 terram
323 1090 332 1114 :
363 1073 548 1116 maxime
569 1087 671 1116 cum
693 1081 737 1116 et
766 1072 857 1131 ipse
880 1071 1092 1116 Dominus
1114 1080 1224 1115 esset
1253 1071 1299 1114 in
1320 1080 1450 1115 terra.

63 1139 172 1182 Nam
194 1141 471 1199 Evangelista
502 1142 647 1202 inquit
669 1161 678 1187 ;
707 1145 798 1186 «Et
823 1141 978 1199 Angeli
1004 1142 1309 1186 ministrabant
1330 1142 1412 1186 ei⁵.
1432 1160 1450 1183 »

69 1226 87 1248 «
123 1209 316 1254 Diffusus
329 1219 394 1255 est
407 1220 553 1256 autem
574 1212 685 1256 sicut
700 1222 814 1257 terra
834 1212 956 1267 cinis,
981 1222 1024 1256 et
1045 1211 1331 1270 agglutinavit
1352 1227 1456 1255 eum

69 1299 88 1320 »
123 1280 235 1325 sicut
260 1280 481 1341 lapidibus
508 1284 698 1328 eibumfl.
722 1304 740 1326 ›>
769 1283 936 1328 Diffusa
959 1293 1022 1328 est
1046 1283 1133 1327 late
1157 1294 1288 1344 atque
1313 1283 1457 1328 abun-

63 1347 219 1394 danter
238 1351 460 1397 humilitas
479 1353 772 1413 poenitentiae,
799 1354 854 1398 ad
875 1354 959 1399 hoc
983 1363 1032 1398 ut
1050 1354 1261 1399 Dominus
1283 1353 1362 1415 qui
1386 1369 1459 1398 su*

64 1420 210 1479 perbis
233 1423 413 1478 resistit,
437 1424 677 1469 humilibus
699 1435 845 1469 autem
862 1424 939 1469 dat
960 1426 1142 1483 gratiam
1161 1427 1194 1480 ⁷,
1219 1426 1459 1471 cohaereret

64 1491 124 1535 eis
138 1501 349 1553 tanquam
368 1494 536 1554 glutine
548 1496 782 1552 charitatis,
798 1497 930 1541 homo
943 1496 1211 1553 hominibus,
1229 1507 1279 1542 ut
1290 1497 1457 1542 media—

63 1569 135 1606 tor
153 1572 263 1607 esset
283 1564 362 1608 Dei
383 1574 427 1608 et
446 1566 674 1610 hominum
687 1568 720 1622 ⁸,
741 1582 785 1610 se
805 1567 948 1627 ipsum
969 1566 1053 1611 illis
1075 1566 1182 1612 dans
1209 1568 1360 1612 cibum
1380 1583 1459 1628 per

65 1643 386 1679 sacramentum
406 1637 598 1696 corporis
614 1645 657 1681 et
676 1637 898 1696 sanguinis
920 1637 1009 1692 sui,
1035 1636 1168 1682 stulta
1185 1638 1340 1682 mundi
1365 1647 1459 1682 tan-

65 1718 200 1763 quam
227 1702 393 1764 lapides
421 1705 610 1766 eligens,
643 1716 694 1750 ut
721 1706 964 1752 confundat
986 1708 1247 1767 sapientes9.
1285 1708 1462 1766 Angelis

0 1813 1 1839 3
66 1773 184 1817 enim
211 1774 336 1819 cibus
357 1777 478 1820 estin
497 1787 715 1837 quantum
733 1786 795 1821 est
819 1777 1015 1821 Verbum
1041 1778 1118 1821 Dei
1142 1777 1260 1837 apud
1283 1781 1423 1822 Deum
1446 1797 1455 1822 :

0 1865 1 1894 ᾗ
66 1837 285 1903 lapidibus
299 1856 445 1891 autem
458 1856 508 1891 ut
525 1848 650 1892 cibus
667 1857 777 1892 esset
797 1867 804 1893 :
835 1867 852 1888 «
870 1848 1066 1892 Verbum
1080 1864 1181 1892 caro
1195 1848 1361 1892 factum
1379 1859 1457 1905 est,

73 1933 92 1956 »
111 1923 156 1959 et
166 1915 379 1964 habitavit
394 1917 440 1961 in
453 1917 579 1962 nobis
594 1920 644 1961 1⁰.
668 1939 685 1959 »
701 1921 818 1976 Ergo
834 1917 1178 1976 agglutinabitur
1191 1918 1459 1975 hominibus,

66 1984 342 2043 praecedente
361 1988 638 2046 poenitentia,
654 1997 865 2046 tauquam
879 1988 986 2031 cinis
1010 1987 1285 2032 diffundatur
1301 1989 1463 2034 faciens

65 2055 107 2098 ei
127 2055 259 2099 viam.
279 2056 391 2100 Hinc
411 2056 485 2100 ille
510 2058 585 2117 qui
604 2057 778 2101 dicebat
805 2076 813 2101 ε
837 2076 853 2097 α
882 2058 1028 2101 Facite
1051 2073 1155 2116 ergo
1177 2056 1345 2102 fructus
1367 2059 1464 2118 dig-

76 2145 94 2166 »
129 2141 208 2169 nos
224 2126 519 2185 poenitentiae,
540 2138 584 2171 et
601 2143 656 2171 ne
677 2126 868 2171 dixeritis
891 2127 1037 2171 vobis:
1061 2131 1234 2173 Patrem
1250 2129 1463 2174 habemus

71 2216 95 2238 i»
130 2197 353 2242 Abraham
373 2217 383 2242 ι
407 2208 562 2258 potens
579 2208 644 2243 cst
663 2198 781 2242 enim
803 2201 918 2242 Deus
939 2198 996 2242 de
1016 2197 1236 2257 lapidibus
1258 2201 1464 2247 suscitare

78 2286 96 2308 »
130 2266 242 2311 filios
259 2268 503 2312 Abrahaess.
515 2289 532 2311 »
548 2269 721 2322 Quibus
734 2268 953 2328 lapidibus
969 2284 1070 2312 eum
1087 2278 1298 2330 tanquam
1314 2271 1463 2316 cibum

74 2337 438 2396 agglutinandum
473 2355 563 2385 esse
595 2340 844 2385 nuntiabat.
878 2341 921 2384 Si
959 2349 1107 2386 autem
1135 2356 1225 2385 non
1254 2343 1463 2402 praecedit

68 2406 297 2453 vhumilitas
326 2409 594 2469 poenitendi,
619 2426 711 2455 non
738 2409 1097 2470 agglutinabitur,
1128 2412 1273 2465 «Quia
1298 2413 1466 2459 excelsa

123 2519 133 2537 ¹
166 2513 352 2557 Ephes.1v‚
379 2515 411 2547 3.
439 2533 482 2538 -
507 2522 521 2539 2
542 2516 615 2549 Job.
637 2528 773 2558 xxxvm,
801 2527 854 2559 17.
886 2533 929 2539 -
956 2513 970 2538 3
991 2526 1012 2550 2
1033 2518 1114 2550 Tim.
1140 2529 1184 2559 ιι,
1212 2529 1265 2562 19.
1285 2519 1363 2550 —4
1387 2522 1462 2554 Job.

75 2579 210 2612 xxxvui,
231 2570 283 2612 37.
301 2587 343 2594 —
360 2569 377 2595 5
390 2572 507 2605 Matth.
527 2584 573 2615 iv,
595 2584 646 2605 11.
672 2590 710 2596 -
724 2571 739 2596 ⁶
753 2572 827 2605 Job.
847 2583 988 2614 xxxvm,
1009 2573 1065 2606 38.
1086 2591 1128 2596 —
1143 2581 1157 2606 7
1178 2586 1189 2605 1
1207 2577 1295 2608 Petr.
1319 2588 1353 2614 v,
1372 2578 1403 2610 5.
1421 2595 1464 2601 —

78 2622 94 2646 ¹³
115 2636 128 2656 1
147 2625 229 2658 Tim.
250 2636 287 2668 11,
302 2625 334 2659 5.
350 2644 392 2650 -
411 2634 427 2659 9
448 2639 460 2659 1
480 2629 551 2660 Cor.
568 2639 591 2669 1,
610 2637 664 2670 27.
686 2645 728 2651 —-
749 2634 779 2651 ¹⁰
797 2630 887 2660 Joan.
904 2639 927 2669 1,
953 2627 1004 2669 14.
1026 2645 1066 2651 —
1088 2635 1114 2651 ¹¹
1137 2630 1251 2662 Matth.
1267 2643 1313 2672 ιιι,
1331 2634 1365 2673 8,
1383 2645 1417 2675 9.

1213 2685 1252 2723 7.
