1833 3284
345 258 586 285 ENAnfiAzrio
620 261 633 285 ι
667 261 711 286 lN
745 260 947 286 PSALMUM
980 259 1111 285 xxxu.
1342 247 1422 285 467

44 338 94 366 ea
115 321 439 382 quac-timeant,
458 321 565 366 alius
583 322 736 383 aliquis
757 322 885 381 fecit,
904 324 980 367 sed
1000 323 1091 382 ipse
1108 322 1230 377 dixit,
1251 331 1294 366 et
1314 321 1429 366 facta

43 401 162 436 sunt.
198 411 218 434 α
250 394 347 451 Ipse
377 392 602 437 mandavit
634 403 678 438 et
711 403 853 438 creata
882 403 999 438 sunt.
1034 411 1054 435 »
1080 396 1177 453 Ipse
1209 392 1434 438 mandavit

42 462 190 508 Verbo
206 478 285 507 suo
298 498 309 518 ,
333 472 377 507 et
397 473 540 508 creata
562 473 679 508 sunt.

101 535 159 577 X.
188 553 209 576 «
234 533 444 578 Dominus
466 533 642 594 dissipat
669 533 848 579 consilia
880 533 1100 594 gentium1
1131 554 1140 578 2
1172 551 1192 575 »
1225 549 1316 578 non
1338 535 1428 594 ejus

42 619 227 662 regnum
243 639 254 659 ,
279 604 355 649 sed
381 620 459 649 sua
479 605 773 666 quaerentium
796 620 943 664 regna.
979 625 999 647 «
1028 604 1251 665 Reprobat
1282 613 1430 648 autem

46 693 66 717 »
102 675 383 734 cogitationes
400 675 666 736 populorum
686 696 695 721 z
718 695 737 717 »
761 674 1077 720 beatitudinem
1096 686 1312 720 terrenam
1329 691 1431 720 con-

42 746 374 806 cupiscentium.
398 766 419 790 «
437 750 494 791 Et
509 747 714 807 reprobat
736 747 914 792 consilia
930 747 1207 808 principum:
1230 766 1250 789 ³>
1269 747 1430 792 talibus

43 816 215 877 populis
237 817 452 862 dominari
471 819 778 878 quaerentium.

101 889 183 932 XI.
214 906 234 930 ι(
258 887 502 933 Consilium
525 905 630 933 vero
662 889 835 933 Domini
872 898 1020 933 manet
1051 890 1097 932 in
1126 892 1379 933 aeternum2.
1407 906 1430 930 ³>

44 958 285 1004 Consilium
307 975 410 1005 vero
433 960 628 1015 Domini,
654 976 742 1021 quo
766 960 944 1004 beatum
966 976 1057 1005 non
1081 958 1185 1005 facit
1212 961 1294 1004 nisi
1324 959 1432 1004 sub-

44 1029 186 1073 ditum
203 1030 306 1084 sibi,
330 1040 480 1074 manet
499 1031 545 1075 in
564 1041 793 1075 aeternum.
824 1050 844 1073 «
869 1031 1163 1089 Cogitationes
1185 1030 1326 1075 cordis
1343 1031 1434 1091 ejus

50 1120 68 1141 >2
103 1100 149 1143 in
171 1100 328 1145 saecula
352 1101 627 1145 saeculorum.
651 1119 670 1142 »
692 1101 985 1159 Cogitationes
1004 1102 1224 1161 sapientiae
1242 1103 1332 1162 ejus
1345 1117 1436 1146 non

45 1179 149 1215 sunt
167 1170 423 1227 mutabiles,
444 1171 520 1216 sed
539 1182 762 1216 manentes
784 1174 830 1215 in
850 1173 1060 1217 saeculum
1089 1171 1252 1217 saeculi.

103 1244 208 1286 XII.
240 1261 260 1284 «
285 1245 416 1286 Beata
449 1258 553 1301 gens
581 1244 703 1303 cujus
731 1252 795 1287 est
817 1244 1029 1287 Dominus
1056 1246 1169 1287 Deus
1191 1244 1383 1287 eorumss.
1412 1260 1434 1284 »

48 1313 143 1357 Una
164 1327 267 1370 gens
284 1312 412 1357 beata
427 1322 508 1370 est,
527 1313 750 1374 pertinens
767 1312 822 1358 ad
838 1314 1057 1359 coelestem
1084 1314 1320 1369 civitatem,
1336 1329 1437 1374 quae

47 1384 129 1429 sibi
144 1385 376 1435 Dominum
394 1386 566 1431 nonnisi
583 1388 722 1430 Deum
741 1402 869 1430 suum
885 1385 1029 1444 elegit.
1052 1405 1073 1428 (t
1093 1384 1286 1444 Populus
1303 1400 1438 1446 quem

50 1475 72 1499 »
105 1456 237 1516 elegit
257 1456 468 1502 Dominus
499 1457 545 1501 in
566 1456 866 1501 haereditatem
886 1456 983 1501 sibi.
1012 1475 1033 1498 n
1057 1459 1209 1517 Neque
1229 1457 1325 1501 haec
1347 1474 1371 1501 a
1394 1473 1439 1502 se

46 1527 138 1588 ipsa
158 1528 231 1572 Dei
256 1543 439 1572 munere
466 1527 603 1573 electa
625 1538 710 1584 est,
735 1537 786 1573 ut
806 1527 1068 1589 possidendo
1090 1543 1201 1585 eam,
1223 1528 1437 1574 incultam

47 1608 92 1643 et
111 1600 311 1644 miseram
332 1615 421 1644 esse
444 1616 535 1644 non
555 1600 682 1644 sinat.

105 1672 234 1714 XIII.
264 1689 284 1712 «
308 1673 371 1715 De
393 1669 508 1715 coelo
538 1670 725 1749 respexit
745 1671 979 1726 Dominus,
1004 1669 1114 1714 vidit
1145 1683 1296 1715 omnes
1325 1670 1438 1716 filios

51 1759 73 1783 »
106 1741 376 1786 hominum4.
406 1760 427 1783 »
451 1745 516 1786 De
543 1742 687 1785 anima
708 1743 825 1801 justa
853 1741 1186 1786 misericorditer
1206 1742 1318 1786 vidit
1346 1745 1436 1787 Do-

48 1812 194 1857 minus
209 1827 374 1867 omnes,
394 1812 472 1873 qui
488 1812 534 1855 in
550 1827 710 1856 novam
729 1813 864 1856 vitam
884 1812 1048 1856 renasci
1069 1811 1241 1856 volunt.

107 1886 186 1928 IX.
222 1902 244 1926 «
272 1886 337 1928 De
356 1891 600 1942 praeparato
626 1882 879 1927 habitaculo
910 1898 1004 1927 suo
1038 1900 1059 1923 >›
1094 1885 1158 1926 De
1185 1866 1440 1928 habitaculo

49 1954 334 2014 susceptionis
359 1954 481 2014 quod
502 1954 760 2013 praeparavit
781 1954 874 1997 sibi.
905 1973 924 1995 «
948 1953 1156 2012 Respexit
1184 1968 1314 2012 super
1345 1969 1440 1997 om-

53 2045 75 2069 »
109 2041 185 2070 nes
211 2025 288 2087 qui
309 2025 558 2069 inhabitant
578 2027 778 2069 terram-²³.
807 2043 828 2066 »
853 2023 1189 2069 Misericorditer
1209 2024 1320 2068 vidit
1342 2040 1441 2069 om-

50 2111 128 2142 nes
149 2096 228 2156 qui
248 2095 498 2140 inhabitant
517 2110 690 2139 carnem
705 2131 715 2150 ,
741 2104 790 2139 ut
806 2094 952 2154 praesit
966 2093 1051 2139 ilh's
1071 2094 1117 2138 in
1133 2094 1326 2153 regendo
1347 2110 1436 2140 eos.

110 2169 209 2212 XV.
239 2185 260 2209 «
292 2166 378 2220 Qui
399 2165 524 2210 finxit
545 2165 798 2225 singillatim
818 2166 950 2210 corda
972 2167 1165 2210 eorum⁶.
1190 2183 1210 2207 »
1236 2166 1322 2219 Qui
1344 2182 1442 2211 cor-

53 2236 181 2282 dibus
198 2252 351 2281 eorum
361 2235 477 2281 dona
490 2236 666 2296 propria
678 2235 925 2296 spiritaliter
939 2236 1109 2291 tribuit,
1127 2245 1178 2280 ut
1195 2251 1276 2281 nec
1289 2245 1436 2282 totum

53 2323 212 2368 corpus
223 2306 392 2362 oculus,
402 2322 484 2351 nec
495 2316 639 2351 totum
652 2307 862 2358 auditus⁷3
878 2306 953 2350 sed
966 2306 1074 2350 alius
1086 2306 1161 2362 sic,
1175 2306 1281 2351 alius
1292 2317 1440 2352 autem

55 2379 114 2423 sic
139 2379 473 2438 incorporentur
503 2377 691 2422 Christo.
732 2397 753 2420 «
789 2377 874 2431 Qui
901 2376 1107 2436 intelligit
1137 2378 1283 2422 omnia
1309 2393 1442 2438 opera

58 2468 81 2493 »
100 2466 268 2496 eorum.
290 2468 312 2492 »
330 2449 462 2510 Apud
479 2449 605 2494 illum
620 2449 840 2495 intellecta
852 2458 954 2494 sunt
966 2449 1110 2494 omnia
1123 2465 1254 2509 opera
1266 2465 1434 2495 eorum.

105 2555 116 2572 ·
134 2547 217 2581 Psai.
236 2557 340 2589 mu,
362 2524 475 2579 10.ss
493 2543 1107 2580 ubid.11.-³1bid.12.-41b÷e1.
1129 2544 1181 2578 1&
1196 2544 1275 2576 .-.⁵
1289 2546 1372 2581 Ibid.
1385 2547 1438 2590 14.

60 2621 102 2628 —
117 2602 133 2628 6
152 2603 236 2637 ibid.
259 2602 311 2635 15.
331 2618 373 2625 —-
391 2609 405 2636 7
428 2613 441 2635 1
457 2604 530 2636 Cor.
550 2612 609 2643 ιιι,
627 2612 678 2643 ¹7·

1215 2657 1279 2697 30.
