1833 3284
355 238 598 268 ENAnnAtrio
631 242 663 268 11
696 241 740 267 m
775 238 977 267 PsALMUM
1012 240 1132 266 xxxi.
1353 228 1437 265 339

7 299 10 304 ’
47 304 268 350 luminans
283 339 295 361 ,
325 320 404 350 nos
429 304 686 363 illuminati3
705 303 915 348 Dominus
937 301 1128 358 salvam,
1153 316 1232 346 nos
1254 300 1442 347 salvati:

3 371 11 424 ‘J
47 391 82 421 si
95 391 199 435 ergo
219 375 294 420 ille
311 375 586 432 illuminans,
612 391 689 420 nos
706 373 961 429 illuminati,
983 382 1025 417 et
1046 372 1120 416 ille
1144 371 1235 417 salv
1237 387 1336 428 ans,
1361 387 1441 417 nos

3 457 10 513 j
48 446 220 504 salvati,
245 457 404 508 praeter
424 448 568 508 ipsum
590 463 668 492 nos
684 446 876 491 tenebrae
895 454 938 489 et
950 408 1196 488 infirmitas.
1218 444 1441 489 Habentes

10 514 15 526 ²
47 528 195 563 autem
224 519 270 563 in
297 520 391 579 ipso
413 534 535 578 spem
557 526 719 562 certam
738 525 782 560 et
803 516 932 560 fixam
960 524 1004 559 et
1030 530 1201 570 veram,
1227 514 1361 575 quem
1379 514 1439 558 ti-

7 642 9 650 ⁴
46 589 295 634 mebimus?
331 590 542 635 Dominus
569 587 829 633 illuminatio
863 596 966 642 tua,
997 586 1208 630 Dominus
1242 584 1441 630 salutaris

7 653 10 689 ἶ
47 669 164 706 tuus.
182 662 334 707 Inveni
356 662 662 722 potentiorem,
688 669 731 704 et
752 660 870 704 time.
895 657 963 703 Ad
976 657 1323 718 potentissimum
1342 673 1439 702 om-

8 729 11 735 ’
46 732 192 789 nium,
213 731 268 777 ad
282 733 630 793 omnipotentem
649 732 709 776 sic
726 730 944 791 pertineo,
971 739 1021 774 ut
1042 738 1087 774 et
1099 727 1318 773 illuminet
1333 745 1403 773 me
1423 764 1436 786 ‚

46 812 92 849 et
115 803 251 849 salvet
270 820 363 856 me;
391 820 472 850 nec
494 805 626 849 timeo
648 802 838 864 aliquem
866 810 1025 862 praeter
1044 802 1204 861 ipsum.
1245 820 1263 842 «
1288 801 1440 846 Domi-

51 893 71 918 »
107 891 189 920 nus
223 885 444 936 protector
467 876 567 920 vitae
598 891 733 931 meae,
766 891 790 919 a
813 889 902 935 quo
925 873 1186 933 trepidabo?
1212 887 1230 915 »

10 944 11 949 ¹
107 950 184 993 IV.
215 967 232 988 «
249 951 361 993 Dum
379 949 736 1009 appropinquant
752 961 882 1007 super
899 961 969 990 me
987 954 1209 998 nocentes,
1236 953 1286 989 ut
1309 943 1443 990 edant

10 1035 11 1042 ¹
52 1040 71 1062 »
106 1035 255 1064 carnes
285 1036 402 1065 meas
429 1039 439 1064 ι
464 1020 541 1081 qui
564 1018 779 1064 tribulant
806 1034 876 1062 me
899 1017 1061 1062 inimici
1085 1016 1191 1072 mei,
1216 1017 1296 1076 ipsi
1318 1016 1442 1061 infir-

51 1110 70 1133 »
105 1090 210 1135 mati
234 1100 336 1135 sunt
353 1126 364 1144 ‚
389 1100 433 1135 et
453 1090 751 1136 ceciderunt1.
774 1109 792 1131 »
825 1092 979 1149 Itaque
1002 1104 1105 1147 ergo
1128 1087 1236 1148 quid
1259 1088 1439 1144 timebo,

10 1163 11 1220 J
47 1170 124 1206 aut
144 1177 277 1222 quem
295 1162 491 1206 timebo?
518 1164 612 1221 Ego
636 1176 768 1222 quem
796 1159 1027 1219 trepidabo
1044 1195 1054 1215 ‚
1082 1168 1157 1203 aut
1173 1159 1284 1220 quid
1306 1160 1441 1219 trepi-

10 1222 12 1286 2
47 1231 192 1278 dabo?
209 1234 295 1287 Qui
312 1249 381 1277 me
391 1243 730 1294 persequuntur,
750 1233 830 1292 ipsi
845 1232 1139 1286 infirmantur,
1157 1231 1239 1291 ipsi
1256 1231 1436 1276 cadunt.

10 1357 13 1367 1
47 1305 192 1357 Quare
224 1313 367 1349 autem
400 1305 754 1365 persequuntur?
791 1306 889 1348 «Ut
920 1302 1052 1347 edant
1079 1318 1230 1347 carnes
1261 1318 1394 1347 meas.
1419 1323 1437 1344 »

47 1379 156 1431 Quae
189 1386 291 1422 sunt
321 1393 470 1422 carnes
508 1379 648 1422 meae?
674 1375 879 1422 Carnales
908 1376 1091 1420 affectus
1115 1376 1214 1419 mei.
1253 1375 1442 1420 Saeviant

11 1481 14 1504 ς
45 1447 371 1509 persequendo,
406 1446 517 1492 nihil
546 1449 592 1492 in
614 1464 684 1492 me
716 1447 901 1491 moritur
921 1446 1002 1490 nisi
1033 1444 1232 1490 mortale.
1264 1445 1360 1490 Erit
1392 1446 1440 1490 in

45 1534 118 1563 me
156 1518 346 1580 aliquid,
387 1535 476 1580 quo
504 1528 754 1580 persecutor
780 1518 1007 1579 pervenire
1041 1533 1132 1562 non
1158 1517 1321 1577 possit,
1360 1517 1439 1561 ubi

11 1580 14 1605 ⁴
45 1591 215 1635 habitat
242 1594 357 1637 Deus
378 1607 516 1636 meus.
542 1590 813 1636 Manducent
834 1607 983 1636 carnes
1006 1606 1122 1635 meas
1150 1610 1158 1636 ε
1184 1590 1315 1635 finitis
1339 1606 1437 1635 car-

13 1691 15 1695 ‹
46 1661 176 1706 nibus
199 1662 372 1722 spiritus
386 1678 482 1718 ero⁷
497 1671 540 1706 et
556 1661 771 1722 spiritalis.
795 1664 853 1707 Et
869 1660 1050 1723 quidem
1065 1670 1232 1706 tantam
1254 1661 1439 1706 salutem

12 1767 15 1794 3
46 1733 154 1778 mihi
177 1733 394 1794 promittit
412 1733 624 1779 Dominus
658 1749 801 1789 meus,
832 1743 883 1778 ut
916 1734 1047 1777 etiam
1079 1733 1212 1778 modo
1240 1734 1317 1779 ista
1339 1750 1438 1779 caro

13 1842 15 1844 v
46 1804 239 1850 mortalis
253 1840 264 1862 ‚
294 1821 394 1866 quae
414 1804 589 1850 videtur
611 1805 801 1865 permitti
823 1805 1026 1848 manibus
1048 1806 1406 1865 persequentium
1424 1841 1436 1862 ‚

47 1891 138 1920 non
150 1885 300 1937 pereat
315 1877 361 1920 in
377 1885 587 1920 aeternum
601 1897 612 1933 3
627 1874 703 1920 sed
718 1875 840 1936 quod
857 1874 1204 1919 demonstratum
1224 1885 1286 1920 est
1307 1877 1352 1920 in
1372 1892 1440 1922 ca-

47 1948 136 2008 pite
157 1963 255 1992 meo
283 1956 557 2005 resurgente,
586 1948 670 1991 hoc
693 1947 838 1991 omnia
859 1947 1056 1990 membra
1077 1956 1266 2006 sperent.
1293 1950 1435 2001 Quem

14 2055 15 2059 ,
47 2019 198 2063 timeat
228 2019 371 2063 anima
391 2034 515 2074 mea,
550 2033 684 2078 quam
718 2018 935 2062 inhabitat
956 2019 1097 2062 DeusP
1119 2019 1262 2071 Quem
1286 2019 1438 2064 timeat

13 2093 16 2103 ²
46 2104 147 2134 caro
167 2105 262 2133 mea
275 2125 286 2145 ‚
307 2105 409 2134 cum
430 2087 809 2148 corruptibilehoc
826 2087 1017 2132 induerit
1035 2087 1437 2148 incorruptionem?

45 2159 189 2205 Vultis
221 2175 344 2204 nosse
373 2159 475 2221 quia
505 2174 654 2203 carnes
681 2158 746 2202 illi
767 2157 1057 2213 manducant,
1083 2158 1159 2218 qui
1180 2174 1259 2202 nos
1286 2175 1434 2219 perse-

14 2239 15 2262 ῑ
47 2240 260 2292 quuntur,
285 2246 366 2275 nec
398 2230 479 2290 ipsi
508 2238 654 2274 autem
681 2229 800 2274 carni
837 2238 997 2273 nostrae
1026 2227 1314 2273 metuendum
1347 2233 1437 2276 est?

36 2319 69 2344 .«
108 2301 354 2346 Seminatur
375 2316 532 2360 corpus
555 2299 762 2355 animale,
788 2309 935 2359 surget
955 2315 1112 2359 corpus
1145 2299 1336 2359 spiritale
1349 2304 1382 2345 2.
1412 2320 1432 2343 n

13 2382 17 2408 f
48 2374 221 2426 Quanta
243 2380 389 2416 autem
409 2369 568 2415 fiducia
590 2370 722 2414 debet
734 2385 823 2415 esse
844 2372 889 2414 in
911 2386 962 2415 eo
980 2405 991 2425 ‚
1016 2370 1093 2431 qui
1114 2371 1236 2416 novit
1256 2371 1400 2416 dicere
1430 2393 1440 2419 ε

14 2443 15 2452 ’
52 2461 71 2485 «
106 2444 316 2489 Dominus
344 2441 606 2486 illuminatio
632 2457 751 2497 mea,
778 2451 822 2485 et
847 2440 1045 2486 salutaris
1064 2456 1202 2497 meus,
1227 2458 1360 2502 quem
1382 2444 1438 2488 ti-

13 2524 15 2576 ]
53 2533 73 2558 »
105 2515 266 2560 mebo?
287 2513 498 2561 Dominus
515 2522 736 2574 protector
755 2513 858 2558 vitae
874 2528 984 2558 meae
999 2548 1011 2568 ‚
1031 2529 1056 2558 a
1073 2528 1162 2573 quo
1180 2514 1437 2574 trepidabo?

99 2605 108 2622 ¹
133 2598 212 2632 Psal.
232 2609 321 2640 xxv,
339 2597 372 2640 4.
393 2614 435 2621 -
453 2604 467 2621 ²
489 2609 502 2630 1
525 2599 600 2631 Cor.
617 2608 671 2638 xv,
692 2595 748 2639 44.

1181 2654 1233 2692 22
