1833 3284
343 276 425 314 518
792 286 825 314 s.
863 289 1093 315 Aecnsnm
1124 288 1305 316 E1²1scor1

344 366 501 410 eorpus
533 365 683 405 suum,
721 352 779 395 ait
808 371 815 396 :
843 354 969 395 «Hoc
1007 361 1069 396 est
1099 367 1256 412 corpus
1277 353 1468 396 memn‘.
1496 370 1520 393 n
1546 350 1733 395 Ferebat

345 423 463 466 enim
481 421 591 465 illud
615 438 771 481 corpus
794 423 838 465 in
861 422 1060 466 manibus
1079 424 1180 466 suis.
1210 427 1305 483 Ipsa
1327 433 1390 467 est
1406 421 1627 467 humilitas
1646 425 1735 466 Do-

344 492 451 536 mini
476 493 610 536 nostri
634 496 737 537 Jesu
760 494 950 548 Christi,
977 494 1066 552 ipsa
1088 494 1277 538 multum
1300 493 1633 539 commendatur
1653 493 1736 537 ho-

345 563 551 607 minibus.
579 563 648 608 Ad
666 564 802 624 ipsam
831 580 908 608 nos
926 565 1141 619 hortatur,
1168 565 1320 609 fratres
1335 600 1346 620 ‚
1372 574 1422 609 ut
1441 565 1638 609 vivamus
1654 599 1666 619 ‚
1688 562 1736 608 id

346 643 432 689 est,
457 634 749 678 humilitatem
774 635 865 694 ejus
880 634 1100 678 imitemur
1116 655 1124 679 :
1140 644 1191 679 ut
1212 635 1504 695 percutiamus
1519 633 1689 679 Goliam
1699 636 1733 688 ²,

346 713 390 748 et
411 714 608 749 tenentes
637 706 860 750 Christum
888 706 1111 750 vincamus
1139 706 1402 765 superbiam.
1442 704 1739 750 «Procidebat

351 793 373 815 ι)
409 776 525 818 enim
560 774 614 819 ad
642 776 749 819 ostia
774 777 950 835 portae3.
984 797 998 813 ι»
1025 776 1142 829 Quid
1163 785 1247 831 est,
1278 795 1295 815 «
1315 775 1604 820 Procidebat?
1626 795 1643 816 »
1669 773 1740 819 Ad

347 846 641 890 humilitatem
658 863 700 890 se
720 848 807 906 ipse
819 848 1063 907 dejiciebat.
1083 847 1197 901 Quid
1210 857 1288 903 est,
1308 848 1408 892 «Ad
1421 848 1528 892 ostia
1539 848 1705 907 portae?
1715 864 1735 888 »

349 917 418 962 Ad
445 918 619 962 initium
648 917 749 962 fidei
782 934 871 979 quo
904 918 1009 962 salvi
1034 919 1263 963 efficimur.
1293 922 1431 964 Nemo
1451 919 1567 963 enim
1588 908 1741 977 incipit

348 990 429 1034 nisi
450 989 504 1033 ab
525 989 648 1033 initio
672 988 772 1033 fidei
789 1025 799 1044 ‚
826 989 936 1034 sicut
962 989 1122 1034 dicitur
1143 990 1186 1033 in
1209 991 1398 1035 Canticis
1414 989 1697 1035 Canticorum
1728 1005 1738 1033 ε

352 1081 374 1104 «
409 1061 566 1105 Venies
590 1070 633 1104 et
654 1061 913 1120 pertransies
941 1062 996 1105 ab
1019 1061 1143 1106 initio
1166 1061 1268 1105 fidei
1283 1063 1314 1105 4.
1339 1080 1359 1102 »
1388 1061 1571 1106 Venturi
1594 1075 1742 1104 sumus

350 1133 463 1178 facie
485 1134 540 1177 ad
562 1133 717 1177 faciem
757 1153 765 1177 :
792 1133 903 1177 sicut
927 1134 1138 1193 scriptum
1170 1142 1233 1177 est
1260 1152 1269 1178 ε
1311 1152 1328 1173 «
1345 1132 1639 1187 Dilectissimi,
1664 1130 1742 1176 filii

353 1222 375 1245 »
410 1205 489 1248 Dei
518 1219 689 1259 sumus⁷
721 1213 764 1248 et
794 1203 991 1248 nondum
1016 1205 1216 1264 apparuit
1238 1203 1347 1265 quid
1369 1204 1557 1262 erimus3
1583 1204 1743 1248 scimus

351 1293 371 1316 »
408 1275 509 1335 quia
531 1290 631 1318 cum
655 1275 928 1334 apparuerit,
949 1275 1105 1319 similes
1129 1276 1165 1319 ei
1188 1276 1370 1330 erimus,
1391 1275 1600 1336 quoniam
1619 1274 1744 1320 vide-

352 1363 373 1387 »
408 1344 552 1389 bimus
572 1361 671 1389 eum
695 1346 821 1390 sicuti
835 1349 937 1390 est⁵.
962 1368 978 1387 »
1005 1346 1261 1390 Videbimus
1282 1365 1291 1390 ε
1309 1346 1518 1407 quando?
1537 1348 1650 1391 Cum
1664 1346 1744 1390 ista

350 1417 617 1461 transierint.
654 1416 769 1460 Audi
804 1417 934 1460 etiam
963 1417 1148 1460 Paulum
1177 1416 1423 1476 apostolum
1450 1437 1458 1461 :
1498 1415 1744 1460 «Videmus

356 1508 374 1528 »
411 1503 530 1531 nunc
548 1503 624 1546 per
654 1486 881 1547 speculum
911 1487 955 1531 in
990 1488 1242 1546 aenigmate,
1269 1497 1376 1531 tunc
1394 1497 1541 1531 autem
1564 1485 1672 1531 facie
1690 1487 1745 1531 ad

353 1575 374 1599 »
410 1558 609 1601 faeiemss.
639 1576 658 1598 ι)
701 1561 951 1618 Antequam
982 1574 1085 1617 ergo
1116 1558 1340 1602 videamus
1370 1558 1480 1603 facie
1509 1557 1565 1602 ad
1590 1557 1745 1602 faciem

353 1629 547 1673 Verbum
568 1665 578 1684 ‚
604 1628 725 1690 quod
747 1628 900 1673 vident
913 1629 1089 1688 Angeli,
1114 1646 1222 1690 opus
1246 1631 1370 1674 nobis
1390 1639 1454 1674 est
1468 1630 1612 1674 adhuc
1628 1629 1745 1674 ostiis

352 1710 492 1761 portae
507 1737 517 1757 ‚
545 1701 601 1745 ad
622 1717 722 1762 quae
746 1701 934 1761 procidit
953 1702 1162 1746 Dominus
1177 1738 1187 1758 ‚
1209 1702 1445 1747 humilians
1467 1717 1512 1746 se
1529 1717 1668 1763 usque
1691 1701 1747 1746 ad

351 1782 541 1817 mortem
557 1775 586 1816 ⁷.

411 1846 492 1887 XI.
529 1842 645 1896 Quid
668 1852 732 1887 est
748 1844 831 1888 hoc
846 1879 857 1897 ‚
884 1863 904 1885 «
925 1843 1078 1889 Salivae
1101 1843 1392 1889 decurrebant
1411 1859 1540 1905 super
1562 1844 1747 1888 barbam

355 1932 376 1956 »
412 1916 530 1975 ejus?
551 1933 570 1955 »
594 1918 645 1958 In
668 1915 751 1958 hoc
775 1915 916 1969 enim,
947 1934 966 1956 ι(
986 1917 1240 1960 Immutavit
1257 1916 1432 1960 vultum
1449 1931 1578 1960 suum
1599 1930 1746 1961 coram

358 2005 375 2026 »
412 1984 690 2039 Abimelech‚
715 1984 786 2029 vel
808 1985 958 2040 Aeliis,
983 1995 1025 2029 et
1041 1985 1205 2031 dimisit
1229 2002 1330 2031 eum
1359 1996 1400 2030 et
1428 1987 1577 2030 abiitss.
1601 2005 1621 2027 »
1647 1988 1748 2031 Non

352 2055 646 2114 intelligentes
668 2056 843 2099 dimisit.
876 2055 946 2101 Ad
967 2072 1076 2116 quos
1099 2057 1232 2101 abiit?
1254 2056 1323 2101 Ad
1341 2067 1505 2116 gentes.
1531 2060 1646 2115 Ergo
1668 2072 1747 2101 nos

352 2127 650 2186 intelligamus
672 2127 792 2187 quod
815 2128 894 2187 ipsi
915 2143 1004 2172 non
1028 2137 1281 2187 potuerunt.
1298 2129 1599 2174 Decurrebant
1617 2144 1748 2188 super

353 2199 532 2243 barbam
553 2198 691 2243 David
707 2198 850 2243 salivae
878 2219 886 2244 :
911 2199 1018 2261 quid
1040 2210 1141 2244 sunt
1161 2200 1305 2245 salivae
1326 2203 1344 2245 Ρ
1365 2201 1498 2255 Quasi
1519 2201 1652 2245 verba
1674 2201 1747 2244 in-

353 2269 523 2315 fantilia
562 2286 570 2310 t
605 2270 750 2314 salivae,
778 2271 893 2313 enim
924 2280 1107 2315 currunt
1139 2270 1392 2316 infantibus.
1436 2274 1591 2317 Nonne
1625 2279 1749 2315 erant

353 2351 565 2401 tanquam
586 2341 800 2386 infantilia
819 2342 974 2397 verba⁷
1006 2342 1300 2388 «Manducate
1322 2359 1495 2388 carnem
1515 2360 1678 2399 meam,
1704 2351 1748 2387 et

358 2433 375 2454 »
412 2413 549 2457 bibite
583 2414 839 2472 sanguinem
868 2415 1068 2458 meums’?
1096 2435 1113 2456 n
1150 2415 1234 2459 Sed
1264 2415 1344 2459 ista
1374 2413 1595 2460 infantilia
1612 2414 1746 2461 verba

403 2533 410 2548 ¹
437 2526 548 2557 matth.
579 2537 672 2568 xxvi,
692 2526 746 2558 26.
768 2544 811 2549 —
839 2534 851 2548 ²
878 2539 889 2558 1
915 2530 990 2569 Reg.
1022 2539 1106 2567 xvir,
1128 2527 1182 2569 49.
1216 2546 1258 2551 ——
1279 2526 1455 2571 31d.xx1,
1481 2529 1530 2561 13.
1558 2546 1599 2552 —
1617 2528 1633 2559 4
1651 2532 1744 2563 Cant.

353 2592 400 2621 lv,
421 2581 557 2622 &juxta
580 2593 652 2612 Lxx.
674 2599 715 2604 —
732 2576 747 2603 5
771 2594 781 2613 1
803 2584 896 2613 Joan.
918 2594 962 2623 iu,
977 2585 1021 2614 l2,
1052 2600 1085 2604 —
1100 2581 1115 2605 6
1138 2595 1148 2614 1
1171 2585 1243 2616 Cor.
1266 2595 1337 2626 xm,
1365 2593 1414 2617 12.
1436 2602 1479 2607 —
1495 2592 1509 2617 7
1529 2585 1640 2628 Philip.
1657 2597 1690 2627 n,
1707 2586 1739 2618 8.

355 2653 397 2659 —
415 2636 429 2657 ⁸
452 2649 462 2668 1
487 2640 563 2679 Pieg.
585 2648 653 2670 xxi.
679 2638 727 2669 13.
746 2655 787 2660 —-
803 2638 1061 2679 031a1111.xw1,
1092 2640 1145 2670 QG.
