1833 3284
318 263 399 299 152
751 272 784 299 S.
822 271 1053 300 AUGUSTINI
1085 273 1268 300 EPISCOPI

311 355 410 399 quse
433 354 565 398 poena
582 348 758 383 maneat
784 338 938 398 impios
954 373 964 392 ‚
985 337 1163 398 quando
1177 339 1320 399 justus
1341 338 1412 382 vix
1433 336 1576 382 salvus
1592 338 1701 396 erit3

311 421 354 455 et
370 409 492 470 quod
509 410 739 469 praemium
753 410 858 470 justi
883 410 1082 469 adepturi
1105 410 1205 465 sint,
1223 411 1299 471 qui
1316 409 1701 464 vocativenerunt‚

310 492 354 526 et
383 482 523 525 donee
544 480 888 540 perducerentur
909 480 1092 525 viriliter
1121 481 1266 525 omnia
1298 480 1624 535 sustinuerunt,
1649 480 1704 524 ab

311 568 362 595 eo
395 550 516 610 quod
548 551 758 611 scriptum
786 560 879 598 est:
912 569 930 591 «
956 551 1110 597 Judica
1138 551 1257 608 illos,
1292 554 1424 607 Deus,
1456 571 1472 592 »
1496 566 1636 612 usque
1659 551 1703 594 in

315 624 445 667 finem
471 622 644 667 Psalmi.

311 803 363 818 ΜΝ
370 803 433 818 XM!
438 803 470 818 *vx
474 803 554 818 *1581OE
557 803 643 817 ῚΛΊΜΊ
646 803 714 818 ΝΙἋ
721 802 857 819 Μῐὶννὶ
862 803 929 818 m
933 802 1138 819 ι’νῑὶΜΜἏΜ
1144 803 1209 820 m
1214 803 1280 820 WX!
1286 803 1352 820 mx
1357 803 1490 820 tvuwvt
1496 803 1633 819 ΜΛἏΊ
1637 803 1706 818 ⁴Wv=

822 924 1209 974 ENARRATIO

745 1087 807 1124 IN
855 1085 1156 1128 PSALMUM
1202 1086 1279 1125 VI.

426 1245 477 1286 In
499 1243 630 1285 finem
645 1277 656 1297 ,
681 1242 724 1286 in
742 1242 918 1300 hymnis
931 1241 987 1286 de
1009 1250 1185 1297 octavo,
1210 1240 1407 1286 Psalmus
1426 1239 1606 1285 David¹.

380 1403 415 1444 I.
447 1419 464 1440 «
485 1403 549 1443 DE
567 1409 744 1459 octavo,
776 1420 793 1441 »
814 1400 884 1444 hie
903 1400 1077 1444 videtur
1092 1399 1329 1444 obscurum
1342 1402 1375 1443 ².
1402 1401 1544 1456 (Nam
1559 1407 1713 1442 caetera

318 1471 363 1514 in
385 1471 468 1514 hoe
497 1470 626 1515 titulo
648 1470 941 1515 manifestiora
974 1472 1121 1528 sunt.)
1149 1469 1301 1513 Visum
1331 1478 1395 1513 est
1428 1478 1574 1513 autem
1604 1484 1717 1513 non-

320 1542 451 1586 nullis
482 1542 598 1586 diem
623 1542 778 1602 judieii
805 1541 1072 1599 significare,
1108 1540 1152 1585 id
1185 1550 1274 1596 est,
1311 1549 1484 1600 tempus
1507 1539 1716 1584 adventus

320 1615 495 1658 Domini
517 1615 667 1669 nostri,
687 1630 776 1674 quo
792 1622 1003 1658 venturus
1017 1622 1082 1657 est
1094 1613 1292 1673 judicare
1304 1613 1425 1657 vivos
1442 1621 1485 1656 et
1502 1621 1712 1656 mortuos.

320 1687 404 1739 Qui
440 1685 674 1740 adventus,
712 1685 974 1745 computatis
997 1685 1119 1729 annis
1153 1685 1207 1729 ab
1230 1683 1371 1729 Adam
1390 1719 1400 1739 ‚
1427 1693 1525 1744 post
1552 1692 1716 1743 septem

322 1772 537 1801 annorum
567 1756 704 1800 millia
738 1756 912 1800 futurus
942 1755 1134 1799 ereditur
1168 1775 1177 1801 2
1215 1765 1265 1799 ut
1297 1765 1463 1814 septem
1502 1769 1717 1799 annorum

322 1827 455 1871 millia
474 1837 683 1887 tanquam
702 1836 866 1886 septem
880 1827 970 1871 dies
985 1836 1221 1880 transeant,
1242 1825 1400 1870 deinde
1414 1825 1525 1870 illud
1546 1835 1719 1885 tempus

322 1908 530 1958 tanquam
552 1897 641 1941 dies
658 1906 857 1952 octavus,
877 1896 1093 1941 adveniat.
1123 1896 1208 1942 Sed
1230 1896 1439 1957 quoniam
1464 1896 1632 1940 dietum
1656 1905 1720 1940 est

323 1987 346 2014 a
370 1969 580 2013 Domino:
612 1988 628 2008 «
655 1971 754 2013 Non
776 1977 839 2012 est
860 1977 1054 2012 vestrum
1077 1968 1184 2012 seire
1210 1977 1405 2027 tempora
1425 2002 1436 2021 ,
1463 1983 1562 2026 quae
1593 1970 1720 2010 Pater

329 2061 346 2081 »
382 2040 528 2098 posuit
549 2039 595 2082 in
610 2054 686 2082 sua
702 2040 940 2098 potestate3
968 2057 976 2083 ε
1009 2058 1025 2080 »
1053 2046 1111 2094 et,
1140 2043 1231 2082 «De
1253 2036 1324 2081 die
1344 2052 1448 2082 vero
1465 2046 1507 2080 et
1521 2036 1595 2080 illa
1613 2037 1719 2081 hora

330 2131 347 2150 »
384 2125 514 2154 nemo
536 2111 631 2163 seit,
653 2124 796 2169 neque
812 2108 1028 2167 Angelus,
1050 2124 1194 2169 neque
1207 2109 1370 2163 Virtus,
1397 2123 1541 2168 neque
1565 2108 1717 2164 Filius,

332 2201 349 2222 »
386 2181 466 2224 nisi
499 2180 614 2225 solus
638 2181 820 2224 Pater4:
858 2200 874 2220 »
913 2189 956 2223 et
981 2179 1092 2223 illud
1114 2179 1235 2240 quod
1264 2180 1475 2239 scriptum
1496 2188 1585 2234 est,
1621 2188 1721 2223 tan-

325 2266 458 2310 quam
494 2250 635 2294 furem
664 2251 813 2294 venire
843 2249 959 2293 diem
983 2250 1202 2305 Domini⁵,
1233 2251 1333 2294 satis
1358 2259 1506 2309 aperte
1530 2250 1722 2295 ostendit

326 2322 547 2365 neminem
567 2321 649 2365 sibi
666 2330 865 2380 oportere
887 2335 1088 2379 arrogare
1105 2320 1328 2364 seientiam
1345 2319 1461 2363 illius
1483 2321 1690 2379 temporis
1705 2356 1717 2376 ‚

324 2392 651 2451 computatione
669 2390 813 2451 aliqua
836 2406 1066 2435 annorum.
1091 2390 1134 2435 Si
1155 2391 1271 2434 enim
1289 2400 1387 2450 post
1400 2400 1565 2450 septem
1585 2390 1720 2435 millia

322 2462 624 2506 annot-umille
644 2461 734 2506 dies
757 2471 968 2506 venturus
990 2470 1075 2517 est,
1103 2461 1243 2505 omnis
1268 2462 1400 2507 homo
1417 2471 1560 2522 potest
1590 2462 1714 2506 annis

371 2579 378 2594 ¹
400 2571 480 2604 Psal.
501 2584 545 2614 w,
568 2583 596 2604 1.
621 2589 663 2595 —
687 2579 700 2595 2
720 2572 799 2604 Vide
816 2575 852 2605 D.
873 2572 1021 2615 Guillon,
1038 2577 1104 2605 tom
1125 2584 1195 2615 xm,
1213 2585 1245 2617 p.
1271 2573 1432 2617 405-506.
1450 2591 1492 2598 -—
1513 2571 1611 2606 3Act.
1632 2584 1656 2615 ι,
1679 2584 1709 2615 7.

327 2646 368 2652 —
384 2628 400 2653 6
415 2630 529 2662 Manh.
549 2641 635 2670 xxiv,
654 2629 708 2662 36.
729 2647 771 2653 --
785 2628 800 2653 5
824 2641 835 2663 1
857 2629 967 2662 Thess.
993 2641 1027 2670 v,
1052 2638 1085 2663 2.
