1833 3284
406 254 647 284 ENAnnATlo
679 258 724 285 m
757 255 959 286 PsALMUM
993 258 1090 284 vm.
1355 246 1434 287 191

52 319 282 368 tinendum
303 329 390 376 est,
415 321 518 381 quia
546 322 686 366 omnis
707 321 823 366 filius
843 321 1032 367 hominis
1047 321 1182 367 homo
1212 341 1220 366 ε
1245 322 1444 383 quamvis

52 406 144 441 non
174 391 314 436 omnis
350 392 483 436 homo
515 391 630 436 filius
670 393 857 438 hominis
892 392 1026 453 possit
1058 391 1257 452 intelligi.
1302 393 1444 443 Adam

51 461 215 522 quippe
245 462 401 518 homo,
431 461 507 506 sed
532 478 623 507 non
656 463 770 508 filius
796 463 1000 508 hominis.
1038 464 1313 523 Quapropter
1341 463 1446 509 hinc

45 533 136 593 jam
152 531 254 576 licet
274 533 497 577 attendere
511 541 642 593 atque
660 532 920 590 discernere,
935 532 1045 594 quid
1059 533 1145 578 hoc
1161 533 1206 578 in
1219 533 1317 580 loco
1329 534 1445 581 inter

51 602 276 647 hominem
297 613 340 647 et
361 602 503 647 filium
523 603 711 648 hominis
729 603 859 649 distet
881 624 889 650 :
914 613 966 648 ut
991 604 1068 664 qui
1088 613 1268 664 portant
1287 604 1444 663 imagi-

52 687 154 720 nem
176 673 337 718 terreni
351 674 554 730 hominis,
571 674 647 734 qui
668 690 758 719 non
771 685 836 719 est
857 675 972 720 filius
989 674 1192 730 hominis,
1212 674 1443 725 hominum

52 744 228 796 nomine
263 744 586 803 significentur3
618 745 693 805 qui
721 754 867 790 autem
889 755 1068 805 portant
1088 745 1322 805 imaginem
1350 761 1442 791 coe-

51 812 169 867 lestis
199 814 431 871 hominis¹,
474 814 551 859 filii
581 816 809 861 hominum
828 817 976 876 potius
1013 816 1289 876 appellentur
1321 832 1329 857 :
1363 815 1443 862 Ille

53 885 167 936 enim
191 895 234 930 et
254 894 378 931 vetus
394 887 527 941 homo
550 883 725 943 dieitur,
740 888 818 932 iste
840 897 985 932 autem
1005 890 1193 932 novus‘2:
1213 887 1290 932 sed
1304 903 1445 933 novus

54 972 105 1001 ex
124 966 269 1010 vetere
301 958 508 1014 nascitur,
533 959 742 1019 quoniam
770 958 970 1019 spiritalis
993 959 1262 1018 regeneratio
1297 969 1443 1004 muta-

53 1028 172 1073 tione
192 1029 294 1074 vitae
314 1038 495 1074 terrenae
516 1039 648 1091 atque
663 1029 879 1075 saecularis
901 1031 1160 1088 inchoatur3
1185 1039 1229 1075 et
1248 1030 1349 1076 ideo
1362 1031 1444 1075 iste

53 1099 167 1145 filius
187 1101 376 1146 hominis
392 1112 686 1162 nuncupatur.
714 1105 856 1147 Homo
882 1103 1015 1162 igitur
1035 1103 1120 1147 hoc
1140 1102 1239 1148 loco
1266 1112 1331 1147 est
1353 1112 1445 1147 ter-

53 1186 198 1226 renus,
223 1171 337 1217 filius
355 1182 501 1217 autem
517 1173 703 1217 hominis
725 1173 912 1217 coelestis
933 1193 941 1217 z
964 1182 1007 1217 et
1023 1172 1096 1217 ille
1118 1173 1249 1233 longe
1270 1174 1445 1234 sejunc-

55 1249 124 1285 tus
146 1257 169 1285 a
191 1244 302 1297 Deo,
337 1242 408 1286 hic
441 1251 587 1287 autem
618 1258 804 1302 praesens
827 1247 917 1288 Deo
944 1263 953 1288 ι
990 1252 1034 1287 et
1066 1253 1297 1304 propterea
1328 1242 1446 1288 illius

55 1326 223 1356 memor
249 1322 339 1369 est,
364 1322 574 1373 tanquam
602 1313 648 1356 in
668 1313 911 1374 longinquo
932 1314 1086 1374 positi3
1110 1315 1230 1359 hunc
1257 1330 1360 1359 vero
1381 1314 1447 1359 vi-

53 1382 176 1438 sitat,
201 1398 333 1443 quem
349 1399 538 1443 praesens
560 1383 747 1429 illustrat
762 1384 891 1429 vultu
912 1401 1005 1429 suo.
1037 1404 1057 1427 «
1075 1388 1223 1443 Longe
1246 1395 1311 1429 est
1331 1385 1446 1430 enim

60 1471 80 1495 »
116 1469 140 1497 a
162 1454 462 1513 peccatoribus
490 1454 657 1499 salus³2
685 1473 705 1496 »
742 1464 808 1511 ct,
843 1474 863 1497 «
891 1456 1118 1514 Signatum
1151 1465 1214 1500 est
1245 1456 1292 1500 in
1320 1455 1447 1500 nobis

59 1543 80 1567 >2
114 1524 266 1569 lumen
289 1524 438 1570 vultus
467 1526 552 1581 tui,
587 1526 815 1571 Domine-4.
845 1545 865 1569 »
895 1527 961 1572 Sic
983 1526 1028 1571 in
1058 1525 1143 1571 alio
1166 1525 1338 1571 Psalmo
1366 1527 1449 1572 ho-

56 1596 193 1640 mines
208 1597 416 1656 jumentis
433 1597 684 1652 associatos,
705 1612 795 1641 non
817 1612 894 1656 per
914 1606 1173 1657 praesentem
1193 1597 1448 1642 interiorem

56 1665 450 1723 illuminationem,
485 1667 562 1712 sed
588 1683 665 1727 per
700 1667 1108 1727 multiplicationem
1140 1667 1447 1713 misericordiae

57 1736 156 1792 Dei,
181 1753 269 1798 qua
290 1740 384 1798 ejus
410 1738 582 1782 bonitas
602 1753 741 1798 usque
768 1738 824 1782 ad
854 1737 1002 1781 infima
1024 1737 1284 1794 intenditur,
1309 1737 1450 1783 salvos

59 1808 151 1852 fieri
172 1809 278 1853 dicit
297 1824 399 1854 cum
416 1809 515 1870 ipsis
539 1809 748 1870 jumentis
768 1830 779 1867 3
802 1809 1011 1869 quoniam
1040 1809 1282 1854 carnalium
1303 1809 1449 1854 homi-

58 1894 166 1923 num
188 1881 302 1924 salus
325 1879 507 1925 carnalis
542 1889 634 1936 est,
666 1889 875 1940 tanquam
897 1895 1106 1940 pecorum
1127 1900 1135 1924 z
1165 1879 1280 1925 filios
1302 1890 1451 1925 autem

58 1951 289 1995 hominum
300 1952 531 2011 sejungens
549 1951 604 1994 ab
621 1951 680 1995 eis
693 1967 802 2011 quos
820 1952 1017 1996 homines
1032 1951 1276 2011 pecudibus
1287 1952 1448 2012 junxit,

59 2021 190 2080 longe
223 2020 466 2066 sublimiori
499 2021 655 2076 modo,
693 2021 826 2080 ipsius
851 2022 1043 2066 veritatis
1064 2021 1354 2067 illustratione
1372 2058 1383 2078 ,
1408 2031 1453 2068 et

59 2091 251 2151 quadam
271 2090 412 2135 vitalis
433 2090 564 2138 sontis
592 2090 903 2146 inundatione,
929 2091 1078 2136 beatos
1108 2092 1202 2136 fieri
1219 2093 1447 2152 praedicat.

62 2161 132 2207 Sic
159 2161 276 2208 enim
296 2160 430 2206 dicit:
458 2180 479 2204 «
505 2161 713 2206 Homines
734 2170 778 2205 et
795 2162 995 2222 jumenta
1017 2159 1156 2207 salvos
1184 2160 1336 2218 facies,
1363 2166 1454 2209 Do-

65 2250 85 2275 »
119 2232 266 2288 mine,
297 2233 410 2277 sicut
444 2231 731 2292 multiplicata
764 2241 828 2276 est
856 2232 1150 2277 misericordia
1178 2242 1280 2289 tua,
1318 2237 1450 2279 Deus.

65 2321 87 2349 »
122 2302 221 2347 Filii
255 2312 403 2350 autem
432 2302 664 2347 hominum
696 2303 742 2346 in
774 2303 1044 2362 protectione
1079 2303 1247 2348 alarum
1278 2313 1456 2349 tuarum

62 2391 86 2416 2)
120 2374 374 2433 sperabunt.
416 2373 760 2418 Inebriabuntur
785 2374 840 2418 ab
863 2374 1064 2418 ubertate
1086 2373 1242 2419 domus
1274 2384 1387 2432 tuae,
1413 2383 1458 2420 et

67 2463 88 2486 »
123 2453 316 2489 torrente
337 2443 590 2498 deliciarum
612 2454 789 2490 tuarum
802 2445 974 2504 potabis
990 2460 1078 2490 eos,
1102 2445 1322 2500 Quoniam
1338 2445 1458 2506 apud

116 2547 125 2563 ¹
147 2552 160 2571 1
187 2542 261 2573 Cor.
277 2551 332 2582 xv,
355 2539 409 2583 49.
429 2557 470 2562 -
490 2547 502 2562 ²
518 2540 633 2583 Ephesi.
655 2551 700 2582 iv,
719 2549 761 2573 22
780 2545 813 2572 et
832 2539 886 2582 24.
908 2558 949 2563 —
969 2538 982 2563 3
997 2541 1077 2573 Psal.
1097 2551 1207 2583 cxviii,
1227 2541 1300 2574 155.
1317 2540 1388 2572 -4
1407 2542 1455 2574 Id.

66 2606 110 2637 v,
131 2607 162 2639 7.
