1833 3284
373 209 716 244 ΑΝΝΟΤΑΉΟΝῸΜ
748 212 794 238 IN
826 211 919 250 son,
955 212 1094 239 mmm.
1376 200 1431 239 43

48 278 217 331 minum
249 292 340 321 non
370 276 592 327 consecuti
631 285 733 320 sunt
765 277 810 320 in
841 275 1213 327 tribulationibus.
1255 296 1271 317 «
1314 278 1434 322 Licet

51 367 71 392 »
94 363 305 399 numerus
321 347 538 393 mensium
559 348 649 407 ejus
671 346 922 391 dimidiatus
944 347 998 391 sit
1020 366 1028 391 :
1059 368 1075 388 »
1097 348 1294 407 quamvis
1318 350 1432 407 praess

45 429 212 470 sentem
226 419 414 471 ,coluerit
436 423 590 475 Deum,
607 428 753 463 tamen
779 419 881 479 quia
894 435 984 463 non
1001 428 1044 463 et
1062 418 1210 463 futura
1227 419 1429 479 speravit,

46 490 168 551 quod
189 499 253 534 est
265 489 420 550 plenus
441 489 657 535 mensium
673 505 895 539 numerus.
923 508 940 529 «
959 493 1056 549 Ipse
1068 490 1184 534 enim
1200 490 1434 535 homicidia

47 578 68 602 >›
91 559 260 620 judicat
275 563 306 605 ¹.
338 580 355 611 »
374 560 485 614 Quia
506 560 628 620 impii
648 576 748 605 cum
766 560 1335 620 persuaserintimpietatem
1357 576 1435 620 per

46 631 324 677 dilectionem
346 631 587 681 carna-lium
609 633 882 692 impietatum
898 668 908 688 ,
935 631 1085 678 futuro
1102 632 1262 677 saeculo
1280 633 1434 693 utique

45 701 270 751 occidunt.
292 705 390 753 Non
423 712 571 749 tamen
596 702 700 747 talia
726 702 961 747 homicidia
985 702 1187 763 judicant
1207 703 1406 747 homines
1421 739 1432 758 ,

44 773 122 823 sed
147 773 264 823 solus
294 776 425 822 Deus.
468 791 486 813 «
524 774 604 818 Hic
636 773 846 819 morietur
876 773 922 817 in
954 774 1113 818 robore
1150 773 1436 833 simplicitatis

48 862 69 886 »
87 847 218 889 suae2.
243 864 262 887 »
290 844 476 893 Videtur
504 845 659 905 exequi
693 844 863 890 occulta
885 843 1119 890 homicidia
1135 879 1146 899 ,
1167 860 1437 889 commemo-

44 924 147 964 rans
158 914 331 974 largum
348 931 487 960 unum
499 950 510 970 ‚
530 924 574 959 et
590 914 723 960 alium
742 931 935 968 avarum,
956 916 1059 976 quia
1075 915 1270 959 homines
1293 915 1436 959 abun-

43 986 223 1041 dantes,
247 995 292 1030 et
312 985 422 1046 largi
440 995 651 1046 putantur
673 997 718 1031 et
745 987 866 1032 boni.
907 1006 926 1028 «
953 987 1162 1031 Intestina
1195 987 1286 1046 ejus
1306 986 1437 1046 plena

45 1048 68 1101 ii
91 1067 195 1105 sunt
211 1057 337 1118 adipe
361 1075 373 1103 .·
401 1076 420 1100 »
443 1059 578 1104 habet
597 1059 808 1104 laetitiam.
832 1079 852 1102 «
877 1062 934 1104 Et
955 1057 1149 1103 medulla
1171 1074 1323 1103 eorum
1348 1058 1437 1103 dif-

46 1147 66 1171 »
92 1128 295 1177 funditur
307 1131 321 1155 3
342 1149 352 1174 ;
375 1147 395 1171 »
411 1130 717 1176 intestinorum
733 1148 744 1181 3
761 1131 863 1191 quia
879 1146 969 1175 non
987 1139 1107 1175 tenet
1124 1130 1238 1175 intra
1251 1146 1296 1174 se
1320 1130 1436 1174 bona

42 1216 141 1256 sua,
163 1200 239 1246 sed
253 1200 469 1261 impendit
489 1201 564 1246 illa
585 1201 654 1246 vel
671 1202 716 1245 in
735 1217 800 1258 se,
825 1202 895 1246 vel
917 1203 961 1246 in
984 1201 1089 1246 aliis.
1123 1221 1142 1244 «
1169 1205 1323 1262 Itaque
1347 1202 1436 1247 scio

45 1288 67 1312 »
89 1287 164 1317 vos
182 1270 388 1319 audacter
408 1272 514 1318 mihi
538 1272 748 1317 insistere.
773 1292 793 1314 »
820 1275 916 1317 Non
934 1273 1050 1317 enim
1078 1272 1349 1317 considerate
1365 1272 1437 1317 di-

42 1342 150 1387 citis.
177 1361 198 1385 «
223 1343 334 1396 Quia
355 1341 526 1389 dicitis:
556 1343 640 1388 Ubi
664 1353 728 1388 est
749 1343 906 1388 domu-s
929 1344 1193 1404 principis4?
1221 1363 1239 1385 »
1264 1343 1336 1388 vel
1353 1344 1435 1388 im-

42 1414 216 1474 piorum
240 1413 310 1459 vel
343 1414 546 1474 superbi3
579 1414 683 1475 quia
701 1415 912 1474 putabam
943 1416 1014 1459 hic
1035 1416 1094 1459 eis
1116 1415 1262 1459 offerri
1294 1415 1432 1471 bona,

41 1499 142 1531 cum
163 1485 362 1545 plerique
389 1486 519 1530 etiam
540 1483 660 1545 pleni
687 1485 753 1530 his
781 1486 915 1529 vitam
945 1485 1139 1530 finierint
1170 1501 1250 1545 per
1283 1502 1332 1530 ea
1351 1502 1435 1546 pu-

41 1555 207 1612 niendi.
233 1575 253 1598 «
274 1559 332 1601 Et
353 1556 430 1600 ubi
452 1565 516 1600 est
527 1556 727 1601 velamen
747 1557 792 1600 in
815 1555 1108 1601 tabernaculis
1131 1556 1393 1616 impiorum?
1410 1576 1430 1600 »

41 1626 197 1670 honor.
228 1645 249 1668 «
273 1628 541 1685 Interrogate
564 1641 635 1671 eos
657 1627 732 1687 qui
758 1635 983 1671 transeunt
1010 1642 1087 1686 per
1103 1627 1248 1670 viam5
1276 1647 1286 1671 2
1310 1645 1330 1669 »
1357 1628 1433 1688 qui

42 1712 132 1742 non
152 1695 427 1742 delectantur
447 1697 541 1753 via,
574 1697 651 1742 sed
673 1707 902 1742 transeunt
929 1713 1007 1758 per
1035 1713 1145 1742 eam.
1172 1717 1192 1740 «
1223 1701 1281 1742 Et
1313 1699 1432 1757 signa

45 1785 66 1809 »
91 1782 242 1812 eorum
263 1784 354 1813 non
374 1768 629 1827 ignorabitis
648 1788 657 1813 z
676 1787 696 1811 »
722 1768 793 1814 vel
814 1769 1049 1829 impiorum
1067 1786 1166 1830 quac
1189 1769 1297 1813 dant
1315 1779 1434 1814 tran-

41 1847 231 1893 seuntes,
251 1838 443 1883 dicentes
459 1838 568 1900 quid
587 1839 626 1883 ei
638 1838 839 1883 futurum
856 1839 932 1898 sit3
953 1839 1058 1884 vela
1074 1840 1236 1901 quibus
1253 1856 1435 1900 cognos-

24 1917 198 1953 *cantur
218 1909 356 1968 impii.
383 1928 403 1951 «
428 1910 532 1963 Quis
555 1910 835 1955 annuntiabit
852 1926 996 1955 coram
1023 1927 1074 1955 eo
1100 1911 1214 1955 viam
1242 1913 1389 1972 ejus⁶9
1409 1931 1428 1954 »

42 1980 201 2025 Coram
223 1979 358 2038 impio
381 1980 494 2023 viam
517 1995 640 2024 suam
672 1995 825 2035 nemo,
851 1981 932 2024 nisi
960 1982 1170 2026 Dominus
1203 1982 1435 2027 annuntiat

43 2048 315 2104 fiducialiter,
328 2050 427 2110 quia
442 2050 533 2110 ipse
545 2051 583 2094 ei
595 2051 843 2111 respondet.
858 2054 914 2095 Et
927 2061 1071 2096 tamen
1087 2071 1107 2094 «
1125 2055 1181 2096 Et
1193 2052 1283 2112 ipse
1292 2053 1434 2098 Domi-

46 2138 66 2163 »
84 2136 166 2164 nus
177 2119 224 2164 in
242 2119 492 2180 sepulcrum
509 2119 725 2165 deductus
744 2124 871 2166 est7.»
893 2125 958 2167 Ita
980 2138 1143 2167 merces
1158 2123 1328 2183 pietatis
1342 2139 1430 2170 non

42 2191 114 2236 hic
131 2190 344 2251 speranda
367 2201 443 2235 est.
455 2211 475 2233 «
494 2194 552 2236 Et
564 2207 694 2252 super
713 2208 916 2237 acervum
928 2193 1165 2252 vigilavit.»
1187 2197 1300 2238 Ante
1318 2195 1433 2239 enim

43 2262 133 2322 ipse
165 2262 418 2318 resfflrexit‚
448 2279 581 2323 quam
609 2279 786 2309 acervus
819 2275 1061 2323 resurgeret
1092 2266 1428 2325 resurgentium.

48 2352 69 2377 «
93 2333 249 2378 Dulces
265 2332 447 2378 fuerunt
474 2335 512 2378 ei
532 2333 697 2394 lapides
731 2336 965 2380 torrentis8
993 2355 1002 2380 ;
1036 2354 1056 2377 »
1089 2352 1199 2396 quos
1222 2337 1433 2381 saeculum

44 2419 135 2449 non
150 2403 378 2459 subvertit,
397 2404 443 2448 id
459 2414 537 2461 est,
556 2405 797 2465 Discipulos
813 2422 927 2451 suos,
947 2425 966 2448 «
982 2409 1039 2451 Et
1055 2416 1153 2467 post
1173 2423 1274 2452 eum
1292 2408 1435 2453 omnis

93 2507 102 2523 ¹
123 2500 197 2532 Job.
218 2511 287 2542 xxi,
305 2510 360 2534 22.
380 2518 422 2524 —-
437 2508 450 2524 ²
464 2501 546 2533 Ibid.
563 2502 616 2534 23.
644 2519 686 2525 --
705 2500 719 2524 3
739 2502 821 2534 Ibid.
847 2502 902 2545 24.
919 2520 961 2525 -—-
981 2501 1096 2536 41bid.
1117 2512 1172 2546 27,
1193 2503 1246 2537 28.
1263 2522 1305 2527 ——
1320 2502 1335 2528 5
1349 2505 1429 2537 Ibid.

46 2563 101 2598 29.
119 2573 159 2580 -
177 2554 192 2578 6
211 2555 290 2589 Ibid.
308 2555 361 2589 31.
377 2574 419 2580 —
434 2565 447 2589 7
467 2557 547 2589 Ibid.
564 2557 617 2590 32.
638 2575 680 2581 ——-
699 2557 811 2590 81bid.
830 2558 884 2591 33.
