1833 3284
199 247 441 280 ENARRATIO
473 252 504 278 11
536 252 582 279 nv
613 248 816 280 PsALMUM
849 250 1019 288 xxxm,
1053 246 1179 275 SERM.
1216 247 1263 273 11.
1349 233 1428 272 521

49 323 191 375 potest
211 315 297 377 dici
312 351 324 371 ‚
349 315 486 360 Patris
507 317 592 361 mei
614 332 825 376 regnum3
857 314 959 375 quia
979 322 1102 373 pater
1122 311 1255 372 ipsius
1276 325 1434 355 secun-

49 385 157 429 dum
177 401 351 430 carnem
366 420 378 441 ‚
402 387 568 445 David3
593 397 636 432 et
658 385 841 446 regnum
864 384 1001 429 David
1028 392 1119 427 erat
1139 384 1184 427 in
1205 390 1332 441 gente
1355 383 1436 424 Ju-

49 454 263 511 daeorum.
285 458 444 501 Coram
465 472 600 516 regno
617 472 717 515 ergo
739 456 876 501 Patris
895 455 961 499 sui
983 474 991 499 :
1021 474 1041 496 «
1060 454 1247 499 Mutavit
1261 451 1436 497 vultum

54 546 72 567 »
107 542 235 570 suum
251 561 262 582 ‚
287 536 331 571 et
352 527 514 572 dimisit
536 544 635 572 eum
653 564 663 584 ‚
689 536 732 572 et
752 527 884 584 abiit3
909 544 930 566 »
955 525 1057 586 quia
1079 533 1171 568 erat
1194 523 1256 567 ibi
1278 522 1436 568 sacrifi-

48 596 165 641 cium
187 597 430 642 secundum
446 599 645 643 ordinem
659 602 819 653 Aaron,
836 607 878 641 et
896 607 1043 657 postea
1064 596 1155 656 ipse
1177 595 1231 639 de
1255 609 1436 653 corpore

48 677 92 712 et
125 668 336 727 sanguine
374 685 452 715 suo
479 670 669 715 instituit
690 669 948 714 sacrificium
971 667 1215 713 secundum
1237 665 1435 711 ordinem

47 739 385 785 Melchisedech.
415 742 604 787 Mutavit
625 757 727 801 ergo
748 741 922 802 vultum
942 755 1069 784 suum
1095 739 1142 782 in
1165 736 1406 782 sacerdotio
1421 771 1433 791 ,

48 818 92 853 et
125 809 289 854 dimisit
325 820 499 869 gentem
530 813 812 867 Judaeorum,
839 820 883 855 et
914 810 1033 854 venit
1055 808 1110 853 ad
1132 818 1293 867 gentes.
1320 805 1438 860 Quid

48 888 113 924 est
133 895 235 939 ergo
252 901 264 938 3
285 900 305 922 «
321 881 571 926 Affectabat
584 884 596 908 ¹
613 884 630 926 P
648 901 668 923 »
685 881 862 926 Affectu
883 880 1037 940 plenus
1052 888 1156 922 erat.
1184 876 1300 931 Quid
1320 876 1438 920 enim

48 959 137 995 tam
171 951 351 1011 plenum
391 953 550 998 affectu
569 989 579 1008 ‚
611 969 743 1014 quam
770 951 1060 997 misericordia
1099 949 1272 995 Domini
1303 948 1437 992 nostri

48 1023 153 1066 Jesu
181 1023 370 1078 Christi,
397 1024 473 1083 qui
501 1024 651 1068 videns
676 1023 974 1068 infirmitatem
997 1030 1187 1065 nostram
1204 1054 1214 1074 ‚
1240 1028 1291 1062 ut
1312 1034 1390 1062 nos
1413 1033 1438 1061 a

47 1093 310 1152 sempiterna
344 1103 484 1138 morte
522 1093 753 1150 liberaret,
792 1091 1078 1152 temporalem
1109 1099 1294 1134 mortem
1335 1103 1438 1132 cum

46 1172 167 1208 tanta
180 1164 338 1225 injuria
351 1165 704 1226 contumeliaque
720 1165 931 1224 suscepit?
947 1166 1033 1207 «Et
1046 1159 1372 1221 tympanizabat
1385 1178 1394 1204 ε
1414 1177 1433 1200 »

47 1234 150 1294 quia
169 1244 433 1295 tympanum
463 1251 552 1280 non
580 1237 630 1279 fit
659 1235 738 1279 nisi
759 1250 859 1279 cum
883 1234 1051 1278 corium
1071 1233 1118 1275 in
1139 1231 1259 1290 ligno
1289 1240 1438 1274 exten-

47 1305 167 1349 ditur
182 1326 192 1363 3
210 1315 253 1350 et
274 1306 601 1366 tympanizabat
622 1305 760 1350 David
783 1305 1026 1365 significans
1045 1302 1165 1363 quod
1181 1302 1439 1359 crucifigen-

47 1374 130 1421 dus
152 1386 263 1421 esset
289 1377 501 1422 Christus.
544 1397 563 1419 «
591 1377 934 1437 Tympanizabat
964 1384 1109 1420 autem
1131 1373 1185 1418 ad
1207 1374 1313 1418 ostia
1336 1372 1439 1417 civi-

50 1464 71 1487 »
106 1446 219 1490 tatis.
246 1465 267 1488 »
296 1449 404 1500 Quae
425 1456 527 1491 sunt
550 1447 659 1491 ostia
681 1447 885 1501 civitatis,
912 1446 992 1490 nisi
1016 1444 1146 1490 corda
1169 1452 1313 1488 nostra
1337 1458 1438 1502 quae

47 1516 339 1562 clauseramus
376 1527 526 1562 contra
560 1518 783 1563 Christum
804 1553 814 1572 ,
850 1518 926 1578 qui
961 1517 1016 1560 de
1051 1526 1262 1575 tympano
1298 1514 1438 1558 crucis

47 1589 218 1647 aperuit
250 1587 382 1633 corda
423 1588 713 1633 mortalium?
745 1608 764 1630 «
796 1592 853 1633 Et
887 1587 1109 1632 ferebatur
1146 1587 1192 1630 in
1234 1585 1438 1629 manibus

50 1677 69 1700 »
106 1659 207 1703 suis.
235 1678 255 1700 n
288 1659 519 1713 Quomodo
540 1660 766 1704 ferebatur
783 1660 829 1703 in
850 1660 1051 1703 manibus
1075 1659 1185 1702 suis?
1208 1657 1318 1710 Quia
1336 1671 1435 1701 cum

47 1729 374 1774 commendaret
406 1730 549 1790 ipsum
571 1746 729 1790 corpus
757 1746 885 1774 suum
919 1739 962 1773 et
990 1729 1246 1788 sanguinem
1278 1742 1404 1771 suum
1422 1761 1433 1781 ‚

48 1799 214 1859 accepit
233 1799 279 1843 in
296 1815 452 1844 manus
477 1816 573 1844 suas
592 1800 713 1861 quod
731 1809 895 1844 norunt
910 1799 1058 1843 fideles
1075 1819 1085 1856 3
1103 1807 1146 1842 et
1167 1798 1257 1857 ipse
1279 1812 1323 1840 se
1340 1812 1439 1856 por-

46 1869 169 1914 tabat
205 1869 399 1928 quodam
434 1870 567 1914 modo
583 1905 594 1924 ‚
637 1886 738 1914 cum
772 1869 960 1923 diceret,
1002 1888 1022 1910 α
1058 1870 1152 1912 Ηο6
1184 1877 1248 1911 est
1281 1882 1438 1926 corpus

49 1958 71 1981 ³)
107 1941 296 1983 meum2.
317 1942 375 1984 Et
396 1940 651 1999 procidebat
673 1939 728 1983 ad
759 1940 866 1984 ostia
894 1939 1062 1998 portae³
1088 1957 1096 1981 :
1124 1956 1144 1979 >›
1170 1936 1216 1980 id
1239 1946 1325 1992 est,
1354 1937 1440 1980 hu-

47 2010 229 2054 miliavit
245 2026 303 2054 se.
331 2013 424 2055 Hoc
446 2020 509 2055 est
531 2011 647 2054 enim
661 2010 887 2070 procidere
904 2024 1043 2069 usque
1061 2009 1117 2053 ad
1137 2008 1312 2051 initium
1335 2007 1438 2051 fidei

47 2089 222 2125 nostrae.
254 2081 426 2125 Ostium
453 2080 568 2124 enim
599 2090 737 2140 portae
770 2080 944 2124 initium
974 2078 1104 2133 fidei,
1140 2077 1259 2122 unde
1286 2078 1438 2137 incipit

32 2151 256 2207 Ecclesia,
283 2160 326 2195 et
341 2152 541 2211 pervenit
560 2168 699 2212 usque
722 2152 777 2196 ad
797 2152 984 2211 speciem
1006 2170 1015 2196 ε
1040 2160 1091 2195 ut
1107 2165 1207 2194 cum
1230 2149 1368 2194 credit
1389 2164 1438 2194 ea

47 2238 148 2283 quae
168 2238 258 2267 non
278 2222 419 2277 videt,
439 2232 658 2267 mereatur
674 2222 840 2283 perfrui
865 2239 964 2266 cum
987 2221 1097 2266 facie
1119 2221 1175 2265 ad
1196 2219 1350 2265 faciem
1374 2221 1437 2265 vi-

49 2292 152 2336 dere
173 2292 371 2352 coeperit.
397 2292 465 2337 Sic
488 2308 532 2337 se
555 2293 687 2337 habet
708 2292 861 2338 titulus
884 2292 1041 2336 Psalmi
1060 2313 1070 2350 3
1095 2292 1283 2335 breviter
1309 2291 1436 2335 audi-

51 2362 189 2407 vimus
209 2380 220 2414 ;
245 2363 472 2407 audiamus
489 2365 580 2424 jam
607 2364 698 2423 ipsa
728 2363 860 2409 verba
883 2362 1126 2407 affectantis
1149 2371 1192 2406 et
1214 2362 1438 2421 tympani-

50 2433 185 2477 zantis
203 2433 258 2477 ad
274 2443 446 2493 portam
467 2433 667 2478 civitatis.

112 2505 192 2547 III.
222 2522 243 2545 (ι
265 2506 520 2547 BENEDICAM
541 2504 778 2548 Dominum
804 2504 850 2547 in
875 2503 994 2547 omni
1020 2511 1216 2562 tempore
1233 2537 1243 2557 ,
1269 2516 1438 2561 semper

99 2594 109 2609 ¹
139 2599 151 2618 1
177 2590 254 2629 Reg.
277 2599 343 2629 xxi,
372 2589 423 2629 13,
440 2593 504 2620 etc.
529 2606 570 2611 —
598 2595 611 2611 ²
636 2588 750 2620 Match.
771 2599 857 2629 xxvn,
876 2587 931 2619 26.
951 2604 993 2610 -·
1015 2585 1029 2610 3
1050 2599 1062 2619 1
1083 2589 1160 2628 ch.
1179 2598 1244 2628 xxi,
1271 2586 1321 2618 13.
