1833 3284
504 152 512 178 1

338 213 422 251 170
778 221 813 251 s.
849 222 1082 251 Atreusnm
1114 224 1297 251 muscom

333 279 575 333 videiidnm
597 297 661 332 est
682 303 737 332 ne
759 289 904 347 potius
920 287 991 332 ille
1009 286 1228 348 perfectus
1251 289 1319 343 sit,
1345 288 1541 348 quicum
1562 288 1730 349 lapida-

334 369 470 414 retur,
496 358 606 403 dixit
634 378 644 403 :
672 360 904 414 «Domine,
931 374 984 403 ne
1006 368 1169 404 statuas
1191 358 1274 404 illis
1297 359 1381 403 hoc
1402 362 1690 418 peccatum1?
1709 381 1727 403 »

333 433 404 474 Α11
427 438 471 472 et
509 428 590 473 iste
619 444 710 473 non
737 429 941 473 adversus
966 429 1164 473 homines
1186 430 1280 474 haec
1302 439 1522 489 precatur,
1547 429 1625 474 sed
1659 429 1733 475 ad-

333 516 480 545 versus
503 499 732 545 diabolum
754 509 797 545 et
815 499 991 559 angelos
1015 502 1129 561 ejus,
1149 517 1337 561 quorum
1357 500 1560 561 possessio
1582 516 1733 561 pecca-

333 581 448 616 tores
480 580 612 631 atque
643 571 766 631 impii
792 571 990 616 homines
1017 573 1145 616 sunt?
1167 574 1265 617 Non
1290 587 1393 631 ergo
1429 571 1632 625 saeviens,
1658 571 1735 616 sed

334 643 576 687 misericors
599 642 804 687 adversus
833 658 935 686 eum
957 651 1077 697 orat,
1101 643 1297 703 quisquis
1319 651 1414 687 orat
1434 651 1485 686 ut
1506 642 1546 686 ei
1566 642 1736 687 aufera-

334 723 408 758 tur
424 714 505 758 ista
527 713 736 772 possessio
754 748 765 768 ,
795 713 851 757 ab
868 712 945 758 illo
965 713 1152 758 Domino
1175 713 1252 774 qui
1263 713 1474 773 justificat
1500 712 1686 773 impium
1699 716 1731 758 ².

334 786 450 829 Cum
482 783 602 827 enim
619 783 883 843 justificatur
915 783 1097 843 impius,
1129 799 1181 827 ex
1201 783 1335 843 impio
1355 783 1404 827 fit
1419 784 1562 843 justus
1583 804 1594 842 3
1621 792 1665 827 et
1685 799 1737 828 ex

333 855 601 914 possessione
624 853 812 910 diaboli,
839 855 996 912 migrat
1022 853 1068 898 in
1088 852 1305 914 templum
1329 854 1422 898 Dei.
1447 856 1505 898 Et
1527 854 1737 915 quoniam

334 941 469 986 poena
486 935 577 982 est,
598 935 650 970 ut
672 926 831 986 cuique
850 924 1073 970 auferatur
1094 925 1304 985 possessio
1317 960 1328 981 ,
1348 925 1394 969 in
1412 940 1500 985 qua
1521 925 1737 970 dominari

335 995 577 1048 desiderat,
598 996 712 1041 hanc
727 1011 907 1056 poenam
920 995 1147 1040 dicitiram
1168 996 1248 1041 Dei
1261 994 1465 1040 adversus
1488 995 1734 1052 diabolum,

334 1077 386 1112 ut
406 1066 577 1112 desinat
603 1067 822 1127 possidere
836 1083 946 1128 quos
967 1066 1174 1128 possidet.
1208 1086 1228 1109 «
1248 1070 1438 1126 Exurge,
1465 1068 1665 1122 Domine,
1690 1066 1737 1112 111

337 1156 358 1180 »
379 1137 442 1182 ira
465 1147 554 1182 tua.
579 1140 770 1196 Exurge,
789 1156 808 1179 »
830 1138 900 1182 1110
916 1153 1076 1198 appare
1098 1137 1222 1193 ch‘xit,
1242 1138 1445 1182 humanis
1466 1137 1671 1182 videlicet
1692 1147 1737 1182 et

335 1208 576 1253 latentibus
609 1209 781 1263 verbis,
813 1209 937 1269 quasi
959 1212 1074 1253 Deus
1110 1207 1320 1265 dormiat,
1345 1224 1448 1253 cum
1480 1209 1526 1253 in
1562 1209 1736 1253 secretis

334 1281 422 1326 suis
452 1281 700 1341 incognitus
736 1280 857 1325 latet.
900 1301 920 1323 «
945 1280 1149 1326 Exaltare
1185 1281 1232 1325 in
1259 1281 1422 1325 sinibus
1455 1280 1736 1326 inimicorum

337 1370 358 1394 »
384 1367 600 1396 meorum.
630 1371 650 1394 »
684 1352 814 1396 Fines
845 1351 955 1396 dixit
984 1352 1120 1411 ipsam
1153 1352 1488 1411 possessionem,
1531 1352 1606 1396 ubi
1639 1352 1737 1397 vult

336 1426 477 1467 Deum
495 1422 672 1467 exaltari
694 1423 856 1483 potius,
882 1423 929 1467 id
950 1432 1029 1478 est,
1048 1423 1254 1468 honorari
1276 1437 1320 1468 et
1337 1423 1584 1481 glorificari,
1603 1439 1737 1484 quam

338 1493 588 1549 diabolum,
610 1492 719 1538 dum
742 1493 863 1555 impii
879 1494 1176 1554 justificantur
1194 1502 1238 1538 et
1258 1493 1444 1538 laudant
1466 1496 1624 1538 Deum.
1647 1497 1738 1538 «Et

338 1582 359 1606 »
367 1579 544 1624 exurge,
558 1565 742 1611 Domine
752 1568 866 1610 Deus
877 1580 1014 1620 meus,
1030 1565 1075 1608 in
1085 1574 1306 1625 praecepto
1320 1565 1442 1626 quod
1450 1564 1685 1610 mandasti³
1694 1585 1703 1610 :
1712 1583 1733 1607 »

336 1636 384 1680 id
417 1645 505 1692 est,
540 1636 642 1697 quia
664 1636 961 1681 humilitatem
982 1637 1249 1697 praecepisti,
1274 1637 1453 1682 humilis
1479 1652 1662 1697 appare,
1692 1647 1737 1682 et

335 1716 386 1751 tu
408 1707 526 1767 prior
546 1706 679 1767 imple
701 1707 824 1768 quod
842 1707 1082 1767 praecepisti
1100 1743 1110 1763 ,
1133 1717 1182 1751 ut
1198 1706 1399 1767 exemplo
1418 1717 1494 1751 tuo
1512 1707 1737 1753 vincentes

336 1778 613 1838 superbiam,
641 1794 730 1822 non
752 1777 1056 1838 possideantur
1077 1794 1101 1822 a
1117 1777 1311 1834 diabolo,
1337 1779 1414 1839 qui
1436 1778 1640 1823 adversus
1664 1788 1738 1824 tua

336 1858 555 1909 praecepta
577 1849 827 1909 superbiam
850 1849 1060 1909 persuasit
1076 1884 1088 1905 ,
1125 1848 1272 1893 dicens
1298 1869 1306 1895 :
1337 1869 1358 1892 «
1381 1849 1668 1906 Manducate,
1694 1859 1738 1895 et

340 1938 360 1961 »
382 1920 632 1979 aperientur
661 1920 781 1964 vobis
799 1919 941 1975 oculi,
968 1919 1144 1964 eteritis
1172 1930 1383 1981 tanquam
1399 1920 1503 1964 dii4.
1533 1938 1555 1962 »

396 1993 473 2036 vl.
507 2010 525 2032 «
558 1994 614 2035 Et
639 1990 915 2049 congregatio
951 1989 1219 2051 populorum
1254 1990 1546 2036 circumdabit
1580 2000 1624 2036 te
1651 1993 1682 2035 ⁵.
1714 2010 1732 2033 »

335 2060 505 2120 Duplex
527 2060 775 2106 intellectus
791 2070 869 2106 est.
891 2062 1183 2120 Congregatio
1208 2062 1324 2105 enim
1348 2060 1629 2122 populorum,
1645 2061 1736 2107 sive

337 2131 635 2188 credentium,
666 2132 754 2177 sive
784 2133 1139 2192 persequentium
1171 2141 1314 2192 potest
1348 2133 1507 2192 accipi,
1544 2148 1736 2192 quorum

335 2212 576 2263 utrumque
599 2202 752 2248 eadem
780 2202 956 2248 Domini
985 2203 1120 2247 nostri
1151 2201 1400 2246 humilitate
1432 2202 1599 2247 factum
1627 2212 1690 2248 est
1722 2222 1731 2248 ;

337 2289 471 2334 quam
488 2283 772 2318 contemnens
795 2274 1151 2333 persequentium
1173 2273 1430 2331 multitudo,
1446 2273 1736 2319 circumdedit

337 2360 465 2402 eum,
489 2345 544 2389 de
566 2361 654 2405 qua
679 2344 846 2389 dictum
869 2354 933 2389 est
953 2364 961 2388 :
987 2364 1004 2385 «
1033 2348 1176 2398 Quare
1199 2343 1473 2389 fremuerunt
1492 2354 1663 2404 gentes,
1689 2355 1734 2392 et

342 2435 360 2456 »
386 2415 536 2475 populi
569 2414 765 2460 meditati
787 2425 890 2459 sunt
910 2415 1110 2460 inaniafi?
1137 2436 1154 2457 »
1174 2416 1460 2462 Credentium
1487 2426 1636 2461 autem
1653 2431 1731 2476 per

386 2519 395 2537 ¹
417 2514 487 2544 Act.
510 2524 569 2555 vn,
592 2524 643 2555 19.
675 2529 717 2535 —
738 2520 750 2535 ²
777 2515 869 2545 Rom.
885 2521 938 2555 .1v,
957 2512 991 2548 5.
1015 2529 1058 2536 —-
1080 2511 1093 2537 ³
1111 2513 1192 2547 Psal.
1225 2524 1279 2556 vn,
1307 2524 1339 2556 7.
1359 2512 1432 2544 -4
1452 2516 1532 2548 Gen.
1552 2525 1603 2556 111,
1621 2512 1653 2548 5.
1685 2529 1728 2537 -·

340 2566 355 2594 ⁵
373 2568 455 2603 PsaJ.
468 2580 532 2612 vn,
548 2568 581 2602 8.
597 2586 640 2593 -
657 2567 673 2593 ⁶
688 2569 735 2603 Id.
750 2580 790 2611 11,
813 2581 842 2603 1.
