1833 3284
190 275 433 305 Ermum-rm
465 279 497 304 11
528 279 574 305 IN
606 276 810 305 PSALMUM
842 278 1006 319 xxxrrr,
1042 278 1170 307 surm,
1206 282 1254 307 11.
1346 267 1429 305 533

42 355 194 386 muero
207 345 363 397 Deum,
379 355 469 386 non
486 342 659 386 habebo
670 342 789 386 unde
799 343 957 388 vivam.
979 363 995 383 «
1016 344 1182 388 Timete
1194 343 1432 388 Dominum

45 434 62 456 n
76 422 225 458 omnes
239 413 374 458 sancti
384 414 491 473 ejus,
513 414 720 474 quoniam
739 414 848 458 nihil
862 415 982 459 deest
1001 416 1258 460 timentibus
1274 430 1388 459 eum.
1404 407 1425 456 ἑ)

39 484 220 544 Copiam
243 483 458 543 promittit
481 483 670 544 trepido,
696 493 739 528 et
761 484 981 530 dubitanti
1004 502 1058 529 ne
1080 487 1113 530 si
1131 485 1242 530 forte
1265 487 1428 529 timue-

38 555 95 600 rit
116 546 349 600 Dominum
372 554 571 600 deserant
591 555 716 600 illum
739 557 972 615 superflua.
995 556 1204 600 Paseebat
1225 565 1268 600 te
1283 555 1429 600 Domi-

36 642 119 671 nus
136 636 492 672 contemnentem
514 642 574 682 se,
595 636 639 671 et
655 626 822 671 deseret
834 637 877 672 te
895 628 1120 672 timentem
1137 626 1424 682 sePAttende‚

37 706 80 742 et
103 696 193 742 noli
216 698 381 743 dicere:
408 697 488 742 Ille
511 697 630 743 dives
652 707 740 753 est,
767 707 809 742 et
829 713 908 757 ego
930 714 1096 758 pauper
1117 714 1214 743 sum
1239 717 1248 742 :
1269 712 1348 756 ego
1369 697 1429 741 ti-

36 784 134 814 meo
156 768 390 814 Dominum
408 803 420 823 ,
444 767 518 813 ille
539 785 628 814 non
656 769 852 814 timendo
873 779 1088 830 quantum
1110 769 1357 830 acquisivit,
1383 777 1427 813 et

36 855 115 898 ego
138 838 332 884 timendo
353 838 498 884 nudus
516 840 633 883 suml
659 839 814 884 Videte
836 839 944 900 quid
966 840 1161 900 sequitur
1188 859 1196 884 :
1227 859 1246 881 «
1264 839 1425 883 Divites

39 931 58 954 »
93 919 307 969 eguerunt·
337 920 381 955 et
408 911 673 965 esurierunt,
706 910 976 971 inquirentes
1005 920 1149 954 autem
1188 910 1424 954 Dominum

39 1001 57 1023 ›>
92 997 182 1025 non
204 981 458 1026 minuentur
480 981 598 1026 omni
621 981 738 1026 bono
753 984 783 1025 ¹.
814 999 832 1022 »
862 982 904 1026 Si
923 980 977 1025 ad
998 981 1184 1026 litteram
1206 980 1390 1040 accipias
1407 1015 1418 1035 ‚

32 1050 207 1096 videtur
235 1060 278 1095 te
307 1050 470 1096 fallere.
506 1051 698 1111 Respicis
725 1052 841 1095 enim
874 1050 1035 1096 multos
1069 1051 1223 1095 divites
1250 1051 1423 1111 iniquos

32 1122 142 1167 mori
164 1123 210 1166 in
233 1122 391 1166 divitiis
424 1122 510 1167 suis
527 1158 537 1178 ,
571 1138 658 1166 non
683 1122 818 1167 factos
842 1121 972 1167 fuisse
995 1138 1220 1182 pauperes,
1240 1137 1340 1166 cum
1358 1121 1425 1165 vi-

32 1202 169 1252 vunt,
193 1192 311 1238 vides
333 1192 430 1237 illos
453 1209 671 1237 senescere
689 1229 699 1247 ,
724 1192 905 1253 perduci
924 1192 979 1237 ad
1000 1192 1206 1236 ultimum
1233 1193 1333 1236 vita:
1354 1192 1426 1236 in-

32 1274 98 1309 ter
118 1281 296 1324 magnas
313 1267 458 1324 copias
477 1265 743 1319 divitiarum,
772 1264 982 1309 celebrari
1000 1265 1057 1308 eis
1075 1279 1280 1324 pompam
1298 1263 1424 1308 fune-

33 1336 88 1380 ris
110 1336 155 1380 in
177 1335 342 1394 magnis
365 1335 650 1379 effusionibus
672 1371 682 1390 ,
714 1335 893 1394 perduci
923 1351 1063 1395 usque
1096 1334 1150 1378 ad
1172 1333 1422 1394 sepulcrum

30 1406 209 1451 divitem
228 1442 239 1462 ,
264 1407 340 1466 qui
365 1415 408 1450 et
430 1406 639 1466 expiravit
658 1407 703 1450 in
725 1406 847 1450 lectis
871 1406 1097 1460 eburneis,
1123 1406 1423 1450 circumflente

29 1476 192 1521 familia
213 1492 391 1521 suorum
410 1497 420 1530 ς
451 1486 494 1520 et
516 1475 621 1520 dicis
650 1476 696 1520 in
718 1476 862 1520 animo
880 1485 958 1520 tuo
977 1511 987 1531 ,
1018 1477 1050 1520 si
1073 1476 1185 1520 forte
1207 1475 1321 1519 nosti
1344 1475 1425 1520 ali-

30 1563 117 1608 qua
140 1557 183 1592 et
215 1557 392 1607 peccata
414 1556 457 1591 et
482 1547 640 1592 seelera
661 1548 794 1607 ipsius
818 1568 826 1593 :
857 1551 951 1606 Ego
984 1548 1085 1592 novi
1108 1556 1270 1607 quanta
1307 1545 1423 1591 fece-

31 1619 85 1662 rit
100 1618 181 1662 iste
201 1619 361 1676 horno,
386 1633 485 1663 ecce
513 1618 677 1673 senuit,
702 1627 902 1662 mortuus
930 1628 992 1662 est
1014 1619 1059 1661 in
1081 1618 1195 1662 lecto
1217 1633 1295 1661 suo
1310 1652 1320 1671 ,
1342 1617 1423 1661 de-

30 1689 200 1734 ducunt
221 1689 346 1734 illum
366 1689 431 1733 sui
453 1724 463 1744 ,
495 1704 656 1748 pompa
679 1698 798 1733 tanta
833 1688 997 1733 funeris
1020 1688 1267 1733 celebratur
1295 1707 1304 1733 ε
1340 1702 1420 1745 ego

29 1761 131 1804 novi
154 1776 253 1820 quae
273 1759 449 1817 fecerit,
479 1758 646 1818 deceplt
669 1774 739 1802 me
765 1760 1008 1819 Scriptura,
1045 1768 1089 1803 et
1121 1757 1305 1813 fefellit,
1343 1758 1421 1801 ubi

30 1830 161 1875 audio
182 1839 226 1874 et
247 1840 391 1885 canto,
413 1829 606 1873 «Divites
624 1839 839 1887 eguerunt
852 1838 894 1873 et
911 1829 1170 1873 esurierunt.
1194 1847 1213 1870 »
1233 1827 1422 1882 Quando

30 1902 108 1945 iste
129 1902 253 1960 inops
271 1901 385 1945 fuit?
406 1899 584 1960 quando
615 1900 817 1944 esurivit?
846 1919 865 1941 «
883 1900 1157 1960 Inquirentes
1175 1909 1320 1943 autem
1339 1902 1423 1943 Do-

33 1992 52 2013 »
87 1973 256 2016 minum
280 1988 367 2016 non
391 1972 645 2015 minuentur
666 1971 786 2015 omni
819 1972 950 2015 bono.
974 1990 995 2012 »
1032 1972 1236 2025 Quotidie
1269 1970 1325 2014 ad
1348 1971 1423 2015 lia-

29 2042 194 2087 silicam
233 2058 387 2102 surgo,
408 2041 604 2102 quotidie
624 2042 871 2100 genuflecto
889 2076 900 2095 ,
926 2041 1122 2102 quotidie
1143 2042 1316 2102 inquiro
1334 2044 1424 2086 Do-

28 2114 215 2168 minum,
237 2123 280 2157 et
292 2112 401 2157 nihil
415 2113 520 2157 boni
535 2113 677 2156 habeo
697 2112 800 2158 :iste
822 2112 1145 2173 noninquisivit
1162 2112 1419 2168 Dominum,

29 2192 73 2227 et
88 2183 202 2227 inter
222 2193 343 2227 tanta
365 2183 481 2228 bona
499 2181 733 2227 defunctus
755 2183 842 2227 est!
863 2183 930 2227 Sic
949 2183 1212 2242 cogitantem
1237 2183 1423 2228 suffocat

28 2255 209 2315 laqueus
231 2253 438 2299 scandali.
470 2257 625 2298 Escam
649 2255 765 2297 enim
789 2253 1016 2298 mortalem
1040 2255 1198 2314 quaerit
1214 2254 1259 2297 in
1282 2263 1418 2309 terra,

29 2335 72 2369 et
99 2341 245 2369 veram
276 2324 520 2369 mercedem
547 2341 636 2369 non
658 2326 816 2385 quaerit
837 2326 881 2368 in
900 2324 1014 2369 coelo
1031 2360 1041 2379 ,
1069 2334 1111 2368 et
1133 2325 1264 2368 mittit
1291 2334 1424 2384 caput

29 2397 74 2440 in
102 2394 309 2456 laqueum
343 2395 531 2450 diaboli,
564 2396 924 2454 constringuntur
956 2395 994 2438 ei
1030 2395 1175 2439 fauces
1193 2431 1203 2450 ,
1232 2404 1274 2438 et
1302 2404 1424 2439 tenet

31 2466 230 2510 diabolus
253 2465 308 2510 ad
323 2465 705 2521 malefaciendum,
724 2475 774 2510 ut
792 2467 850 2510 sic
872 2466 1065 2510 imitetur
1082 2465 1207 2510 illum
1221 2465 1418 2521 divitem,

31 2552 161 2597 quem
179 2536 299 2582 videt
320 2537 367 2581 in
390 2546 510 2582 tanta
531 2538 655 2596 copia
677 2536 954 2582 defunctum.

80 2630 87 2645 ¹
110 2622 188 2655 Psal.
211 2633 322 2664 xxxin,
343 2634 392 2655 ιι.
