1833 3284
375 177 458 214 288
808 184 842 208 s.
878 179 1109 208 AUGUSTINI
1142 181 1323 209 EPISCOPI

376 270 396 292 »
421 249 614 295 Ecclesia
635 261 792 307 magna
814 246 1058 290 confitebor
1083 245 1177 290 tibi.
1201 264 1222 288 »
1250 249 1301 290 In
1322 246 1515 291 Ecclesia
1537 247 1652 292 orbis
1671 256 1760 292 ter-

374 336 520 365 rarum
543 319 785 364 confitebor
813 316 909 362 tibi.
940 335 960 358 «
986 318 1098 361 Vota
1120 331 1217 361 mea
1232 316 1416 361 reddam
1439 333 1583 362 coram
1602 318 1762 363 timen-

377 411 397 432 »
422 392 538 435 tibus
556 404 672 434 eum.
693 407 714 430 )›
739 390 1016 433 Sacramenta
1047 387 1236 447 corporis
1254 397 1297 432 et
1320 387 1540 447 sanguinis
1559 389 1644 433 mei
1664 388 1765 434 red-

376 462 477 507 dam
495 477 641 506 coram
659 459 914 504 timentibus
938 474 1054 502 eum.

434 535 620 577 XXVII.
660 551 680 574 (ι
705 531 851 575 Edent
873 544 1084 590 pauperes
1105 565 1115 585 ,
1141 538 1184 573 et
1204 530 1554 575 saturabuntur1.
1579 548 1600 572 »
1621 529 1768 576 Edent

376 603 563 648 humiles
587 612 629 646 et
644 609 961 660 contemptores
978 599 1125 645 saeculi
1140 636 1150 655 ‚
1176 610 1220 645 et
1240 601 1545 645 imitabuntur.
1568 604 1632 646 Ita
1651 602 1768 646 enim

378 691 458 720 nec
481 675 650 735 copiam
668 674 799 733 hujus
822 672 970 717 saeeuli
988 672 1299 732 concupiscent
1315 708 1325 728 ,
1347 688 1427 717 nec
1445 672 1664 717 timebunt
1679 672 1770 718 ino-

378 747 509 806 piam.
536 765 556 787 «
568 748 625 789 Et
637 744 884 789 laudabunt
899 744 1133 788 Dominum
1144 744 1219 803 qui
1237 744 1468 804 requirunt
1484 759 1600 788 eum.
1620 746 1639 786 »v
1660 746 1771 790 Nam

378 818 472 862 laus
495 817 669 862 Domini
687 825 751 861 est
773 816 985 860 eructatio
1012 816 1246 860 saturitatis
1265 815 1395 860 illius.
1421 835 1441 858 «
1461 816 1620 860 Vivent
1641 815 1773 861 corda

382 908 402 930 >›
430 904 581 933 corum
604 889 650 932 in
673 887 883 932 sacculum
903 886 1065 931 saeculi.
1091 905 1111 928 υ
1146 889 1257 932 Nam
1279 887 1403 931 cibus
1425 885 1499 930 ille
1523 886 1663 931 cordis
1690 896 1769 932 est.
1824 899 1825 925 1

437 963 646 1004 XXVIII.
702 978 721 1001 «
747 958 1249 1014 Commeinorabuntur‚
1290 967 1334 1002 et
1370 967 1682 1004 convertentur
1720 961 1776 1003 ad
1824 986 1825 989 =

383 1050 403 1072 »
426 1031 662 1075 Dominum
686 1029 878 1074 universi
899 1030 1006 1073 fines
1030 1032 1195 1073 terrae2.
1224 1048 1244 1070 »
1272 1029 1774 1088 Commemorabuntur3
1824 1087 1825 1090 Ἰ

383 1102 598 1147 exciderat
622 1102 737 1145 enim
762 1105 875 1145 Dcus
899 1101 1102 1161 gentibus
1130 1099 1372 1145 mortaliter
1393 1101 1504 1145 natis
1525 1110 1568 1145 et
1588 1101 1633 1144 in
1656 1110 1775 1145 exte»
1824 1127 1826 1135 ι

383 1175 495 1218 riora
517 1172 799 1217 tendentibus
816 1194 827 1230 3
848 1181 891 1216 et
906 1182 1010 1216 tunc
1028 1181 1339 1217 convertentur
1355 1172 1411 1216 ad
1428 1172 1665 1217 Dominum
1682 1172 1778 1216 uni-
1824 1197 1826 1205 t

383 1246 494 1291 versi
522 1247 629 1289 fines
659 1253 800 1288 terrae.
832 1263 851 1287 «
876 1247 934 1289 Et
957 1244 1200 1289 adorabunt
1230 1244 1276 1287 in
1300 1253 1537 1304 conspectu
1560 1246 1652 1305 ejus
1674 1244 1777 1288 uni-
1826 1281 1827 1285 ,

386 1336 406 1359 »
444 1332 578 1361 versae
604 1316 756 1376 patriae
780 1316 991 1375 gentium.
1022 1334 1042 1357 >›
1079 1318 1136 1360 Et
1159 1315 1406 1361 adorabunt
1428 1316 1475 1360 in
1504 1315 1777 1360 conscientiis
1825 1351 1827 1366 2

385 1388 471 1432 suis
494 1388 707 1432 universae
728 1387 878 1447 patriae
903 1387 1114 1446 gentium.

443 1462 610 1504 XXIX.
651 1479 670 1500 «
692 1458 909 1513 Quoniam
932 1459 1106 1504 Domini
1135 1467 1198 1503 est
1226 1474 1430 1518 regumn,
1457 1468 1500 1503 et
1522 1459 1611 1520 ipse
1635 1459 1779 1504 domi·
1826 1495 1827 1526 3

392 1552 409 1573 »
432 1531 610 1574 nabitur
629 1530 866 1590 gentiun1³.
895 1549 914 1572 »
941 1531 1159 1584 Quoniam
1182 1530 1351 1574 Domini
1373 1539 1436 1575 est
1464 1546 1665 1590 regnum,
1691 1546 1780 1575 non
1826 1533 1827 1564 ἕ

386 1601 675 1661 superborum
693 1601 922 1646 hominum
952 1621 960 1646 :
987 1611 1029 1645 ct
1048 1602 1139 1661 ipse
1161 1600 1460 1646 dominabitur
1479 1602 1689 1661 gentium.

446 1675 589 1717 XXX.
629 1692 649 1715 «
671 1672 1051 1717 Manducaverunt
1072 1682 1115 1716 et
1145 1672 1437 1718 adoraverunt
1460 1689 1609 1718 omnes
1631 1673 1783 1717 divites
1827 1688 1829 1710 ι

393 1762 413 1785 »
439 1744 609 1787 terrae4.
625 1762 646 1784 n
673 1742 1054 1787 Manducaverunt
1069 1759 1225 1803 corpus
1247 1744 1503 1789 humilitatis
1527 1744 1699 1790 Domini
1716 1743 1784 1787 sui

389 1814 519 1858 etiam
539 1813 694 1857 divites
714 1823 856 1867 terrae,
878 1829 958 1857 nec
971 1813 1083 1857 sicut
1099 1829 1310 1873 pauperes
1329 1814 1508 1859 saturati
1530 1824 1632 1859 sunt
1645 1828 1784 1874 usque

391 1883 446 1928 ad
476 1883 785 1939 imitationem⁷
816 1883 892 1928 sed
915 1892 1061 1928 tamen
1084 1883 1390 1929 adoraverunt.
1433 1904 1453 1927 «
1474 1888 1526 1929 In
1548 1893 1785 1944 conspectu

394 1974 414 1997 »
442 1956 534 2015 ejus
566 1955 797 2015 procident
829 1955 1019 2000 universi
1051 1956 1126 2015 qui
1158 1955 1432 2000 descendunt
1462 1957 1507 2000 in
1530 1958 1731 2001 terram5.
1759 1973 1780 1997 »

395 2024 519 2070 Solus
543 2025 659 2069 enim
680 2025 802 2070 videt
817 2025 1038 2086 quomodo
1056 2025 1287 2085 procidant
1303 2027 1512 2082 universi,
1534 2027 1609 2087 qui
1631 2025 1786 2071 cocles-

395 2105 483 2140 tem
507 2097 879 2141 conversationem
898 2096 1144 2141 deserentes
1160 2132 1170 2152 ‚
1190 2097 1236 2141 in
1258 2106 1371 2141 terra
1393 2096 1561 2156 eligunt
1577 2097 1693 2142 beati
1714 2113 1787 2157 ap·
1827 2119 1830 2155 3

394 2183 545 2227 parere
568 2168 842 2223 hominibus,
865 2183 955 2211 non
972 2167 1223 2211 videntibus
1243 2167 1415 2212 ruinam
1438 2183 1605 2212 eorum.

420 2283 424 2288 ,
452 2241 618 2283 XXXI.
659 2259 679 2281 «
705 2242 763 2283 Et
793 2239 935 2283 anima
956 2253 1052 2282 mea
1080 2239 1159 2298 ipsi
1180 2238 1297 2283 vivet
1315 2240 1347 2282 ⁰.
1371 2256 1392 2280 ³>
1424 2242 1482 2284 Et
1511 2240 1653 2284 anima
1690 2254 1787 2284 mea

395 2326 494 2369 qua-3
521 2310 566 2353 in
586 2320 844 2371 contemptu
866 2308 1012 2355 saeculi
1030 2311 1159 2371 hujus
1184 2316 1307 2371 quasi
1324 2311 1434 2355 mori
1455 2311 1625 2356 videtur
1646 2312 1788 2356 homi-
1827 2337 1831 2348 ·

396 2380 542 2436 nibus,
570 2397 657 2426 non
687 2381 790 2437 sibi,
817 2381 892 2426 sed
913 2381 994 2441 ipsi
1016 2381 1147 2426 vivet.
1178 2385 1266 2426 «Et
1286 2397 1434 2426 semen
1462 2397 1607 2427 meum
1630 2383 1788 2428 serviet
1827 2419 1831 2430 ,,

445 2484 453 2499 ¹
475 2477 557 2509 Psat.
578 2489 652 2517 xxi,
667 2487 721 2521 27.
745 2496 786 2501 —
807 2486 819 2501 2
847 2478 929 2512 Ibid.
952 2481 1005 2511 28.
1026 2495 1069 2501 —
1089 2476 1103 2501 3
1117 2479 1198 2511 ibid.
1220 2489 1273 2522 29.
1293 2496 1335 2502 —
1349 2477 1365 2504 6
1383 2479 1534 2513 1bid 3o.
1550 2497 1593 2504 ·-
1610 2478 1626 2504 5
1642 2480 1722 2513 Ibid.
1743 2495 1799 2508 ---
1827 2494 1830 2499 ·

398 2531 412 2556 ὓ
427 2533 507 2566 Ibid.
525 2533 579 2565 31.
