1833 3284
425 261 666 292 ENARnAno
700 265 745 293 [Ν
777 263 980 293 PsALMUM
1012 265 1105 292 xix.
1356 255 1440 306 279

54 327 170 374 fudit
191 329 294 373 inde
318 328 526 388 Spiritum
548 336 744 373 sanctum
763 345 892 389 super
913 328 1137 375 credentes
1158 330 1204 373 in
1225 345 1269 374 se
1285 332 1314 374 ¹.
1341 348 1360 372 «
1387 333 1439 375 In

57 417 77 442 »
98 398 394 458 potentatibus
407 397 521 443 salus
543 399 730 444 dexterae
749 401 857 460 ejus.
872 418 892 441 »
906 403 1161 444 Potentatus
1183 400 1319 444 nostri
1337 410 1440 445 sunt

0 497 1 523 ἢ
53 467 166 514 salus
179 467 336 515 favoris
348 470 439 529 ejus
451 504 462 525 ,
483 485 583 514 cum
597 470 726 515 etiam
742 470 796 514 de
812 469 1093 515 tribulatione
1111 470 1186 514 dat
1209 470 1436 527 auxilium,
1458 488 1470 492 ·

53 549 104 585 ut
132 539 309 601 quando
328 540 615 597 infirmamur,
643 551 748 586 tunc
770 551 968 602 potentes
990 543 1163 587 simus2.
1196 544 1307 588 Nam
1328 559 1441 588 vana

53 610 167 657 salus
187 612 460 668 hominum3,
489 628 588 672 quae
605 628 696 657 non
717 611 903 657 dexterae
917 648 928 669 ,
952 613 1028 657 sed
1047 613 1228 657 sinistrae
1248 614 1339 674 ejus
1360 623 1438 658 est.

54 684 146 726 Hac
167 682 284 726 enim
306 680 576 727 extolluntur
596 682 641 728 in
663 695 865 741 magnam
886 683 1151 743 superbiam,
1176 683 1442 744 quicumque

52 762 281 813 peccantes
299 752 595 813 temporaliter
617 752 721 799 salvi
744 751 848 798 facti
869 764 985 798 sunt.

112 826 234 868 VIII.
264 824 355 868 «Hi
376 824 422 868 in
443 824 641 869 curribus
663 833 707 868 et
727 824 773 869 hi
799 825 846 869 in
863 825 999 885 equis.
1027 838 1049 866 »
1071 824 1127 868 Hi
1143 823 1328 869 volubili
1345 840 1443 870 suc-

53 895 242 941 cessione
270 896 577 956 temporalium
602 897 822 942 bonorum
852 897 1102 952 trahuntur,
1129 896 1238 940 ethi
1266 897 1444 956 superbi

51 965 347 1027 praeferuntur
362 967 619 1023 honoribus,
637 976 768 1028 atque
782 967 830 1011 in
845 967 912 1011 his
926 965 1138 1011 exultant.
1160 969 1278 1012 «Nos
1296 976 1440 1011 autem

55 1055 76 1080 »
109 1038 156 1082 in
177 1038 355 1083 nomine
369 1039 543 1085 Domini
560 1039 638 1084 Dei
654 1039 790 1084 nostri
809 1038 1102 1083 exultabimus
1115 1039 1146 1082 4.
1161 1041 1279 1084 »Nos
1298 1048 1441 1083 autem

51 1124 174 1170 spem
193 1110 375 1169 figentes
394 1111 441 1155 in
459 1111 646 1166 aeternis,
667 1125 810 1171 neque
829 1109 1009 1168 gloriam
1029 1118 1222 1154 nostram
1239 1126 1443 1171 quaeren-

54 1189 116 1225 tes
129 1215 141 1236 ,
166 1180 212 1224 in
233 1181 411 1226 nomine
432 1182 606 1226 Domini
628 1182 706 1225 Dei
726 1181 863 1226 nostri
883 1180 1186 1225 exultabimus.

111 1254 190 1297 IX.
220 1270 241 1294 «
262 1253 348 1312 Ipsi
370 1251 550 1312 obligati
579 1261 702 1307 sunt,
729 1261 771 1296 et
795 1251 1089 1297 ceciderunt5.
1113 1270 1133 1293 »
1160 1254 1218 1297 Et
1243 1251 1342 1297 ideo
1363 1253 1442 1313 ipsi

51 1322 361 1383 temporalium
400 1338 546 1367 rerum
581 1322 820 1384 cupiditate
862 1323 1041 1382 obligati
1080 1332 1182 1368 sunt
1195 1359 1206 1379 ,
1243 1324 1447 1369 timentes

51 1409 228 1453 parcere
250 1394 437 1439 Domino
453 1429 464 1450 ,
490 1409 545 1438 ne
567 1410 591 1438 a
617 1394 824 1439 Romanis
842 1394 1076 1454 perderent
1093 1394 1240 1439 locum
1254 1395 1269 1420 ⁰
1292 1414 1301 1439 ι
1323 1404 1365 1438 et
1384 1395 1443 1438 ir-

50 1474 225 1509 ruentes
238 1465 283 1509 in
304 1464 496 1525 lapidem
513 1465 763 1510 offensionis
785 1473 828 1509 et
848 1474 1015 1524 petram
1034 1464 1224 1509 scandali
1235 1467 1249 1491 ⁷
1253 1502 1268 1522 ,
1293 1465 1348 1510 de
1369 1482 1443 1526 spe.

25 1563 27 1565 -
51 1535 217 1580 coelesti
248 1535 501 1580 ceciderunt
528 1555 537 1581 ;
560 1536 720 1595 quibus
754 1536 922 1580 caecitas
952 1550 1002 1579 ex
1024 1545 1145 1595 parte
1168 1535 1300 1580 Israel
1328 1535 1440 1582 facta

51 1616 114 1651 est
127 1608 160 1662 8,
181 1607 483 1666 ignorantibus
504 1607 581 1652 Dei
596 1608 832 1667 justitiam,
858 1615 901 1651 et
922 1622 1043 1652 suam
1065 1606 1315 1652 volentibus
1335 1623 1443 1652 con-

49 1679 274 1724 stituere9.
306 1698 326 1721 «
349 1682 436 1725 Nos
459 1695 561 1724 vero
588 1679 872 1735 surreximus,
900 1688 943 1724 et
965 1679 1096 1724 erecti
1116 1695 1282 1724 sumus.
1310 1697 1331 1721 n
1356 1683 1443 1727 Nos

50 1766 154 1795 vero
178 1759 229 1795 ut
257 1750 447 1810 populus
472 1750 679 1795 Gentium
699 1750 907 1806 intraret,
936 1750 992 1794 de
1020 1749 1239 1810 lapidibus
1268 1751 1442 1796 excitati

52 1819 130 1865 filii
141 1820 427 1878 Abrahamw,
447 1821 523 1883 qui
541 1837 631 1866 non
652 1821 926 1866 sectabamur
942 1821 1172 1882 justitiam,
1195 1822 1443 1882 apprehen-

51 1891 196 1937 dimus
212 1908 308 1938 eam
322 1895 374 1949 1¹,
400 1902 445 1938 et
460 1893 754 1937 surreximus.
780 1908 861 1938 nec
883 1892 1049 1938 viribus
1067 1893 1249 1949 nostris,
1269 1892 1345 1938 sed
1365 1909 1444 1955 per

49 1960 184 2006 fidem
205 1963 428 2024 justificati
444 1963 576 2008 erecti
594 1978 759 2008 sumus

107 2036 164 2078 X.
194 2053 215 2077 «
240 2036 447 2091 Domine,
472 2034 641 2080 salvum
661 2034 730 2080 fac
761 2048 938 2093 regem:
966 2052 988 2076 »
1014 2044 1065 2080 ut
1085 2035 1177 2095 ipse
1206 2033 1283 2096 qui
1312 2035 1439 2081 nobis

47 2104 276 2164 praeliandi
304 2106 552 2166 exemplum
581 2106 778 2167 passione
806 2106 1091 2162 monstravit,
1124 2106 1281 2151 offerat
1309 2107 1442 2152 etiam

47 2175 252 2221 sacrificia
273 2186 441 2232 nostra,
467 2176 665 2222 sacerdos
686 2177 896 2222 excitatus
920 2193 942 2222 a
961 2177 1144 2222 mortuis
1161 2212 1172 2233 ,
1194 2186 1238 2222 et
1257 2177 1302 2222 in
1324 2178 1439 2224 coelo

47 2246 324 2311 constitutus.
341 2249 430 2291 «Et
441 2247 600 2308 exaudi
614 2263 692 2293 nos
706 2248 752 2292 in
763 2247 834 2292 die
845 2263 931 2308 qua
945 2248 1286 2293 invocaverimus
1298 2252 1397 2294 tem.
1413 2268 1433 2291 »

45 2319 145 2371 Quo
156 2318 248 2378 jam
268 2333 348 2378 pro
370 2319 496 2364 nobis
513 2319 746 2375 offerente,
767 2319 922 2365 exaudi
944 2336 1022 2366 nos
1040 2321 1085 2365 in
1107 2320 1178 2366 die
1201 2337 1287 2382 qua
1306 2322 1434 2368 invo-

11 2413 14 2416 <
45 2402 285 2434 caverlmus
307 2398 365 2434 te.

94 2509 104 2526 ¹
123 2504 197 2536 Act.
216 2514 249 2535 11.
270 2520 312 2526 —
333 2509 345 2525 ²
371 2514 383 2534 1
403 2505 475 2536 Cor.
495 2515 539 2536 xu
555 2528 564 2545 ‚
587 2515 638 2537 10.
659 2521 700 2528 —-
721 2502 735 2528 3
756 2505 836 2537 Psal.
870 2516 932 2547 mx,
955 2505 1006 2538 13.
1039 2523 1080 2529 -—-
1113 2505 1129 2536 4
1164 2508 1211 2540 Id.
1244 2518 1310 2549 xlx,
1330 2508 1364 2540 8.
1387 2524 1430 2531 --

44 2555 159 2591 ⁵1bid.
178 2569 212 2601 9.
233 2575 274 2581 —
291 2555 546 2602 6J0an.x1,48.
566 2576 605 2582 -
623 2567 637 2593 7
657 2562 748 2593 Rom.
768 2572 813 2602 lx,
835 2560 886 2592 32.
901 2578 942 2583 -—-
961 2559 1101 2603 81d.x1‚
1115 2563 1169 2595 25.
1191 2580 1232 2586 —
1255 2570 1270 2595 9
1289 2564 1384 2604 1d.x,
1401 2563 1432 2596 ἢ.

45 2630 87 2637 —
104 2621 134 2638 ¹⁰
153 2614 265 2647 Matth.
285 2627 333 2655 m,
353 2627 385 2657 ς).
410 2632 450 2637 -
473 2623 500 2640 ¹1
517 2618 607 2648 Rom.
625 2627 668 2658 tx,
691 2616 739 2649 3ο.
775 2624 856 2640 -12
876 2617 956 2648 psat.
978 2629 1045 2659 xm,
1068 2629 1119 2650 10.
