1833 3284
7 573 11 602 l

388 274 629 302 EnAuaAa-io
663 278 694 301 ιι
729 277 770 302 m
809 275 1011 302 1¹sA1,:»1t;x1
1045 274 1159 300 xxxi.
1391 261 1467 299 451

85 337 176 395 ipsa
194 339 395 397 superbia
414 340 578 399 grande
594 340 759 384 crimen
773 350 886 385 erat:
907 350 950 384 et
964 349 1110 384 tamen
1128 354 1226 384 ecce
1243 338 1316 383 illa
1333 338 1479 394 omnia

85 405 277 452 dicebat.
304 409 410 462 Quis
431 410 608 454 tandem
633 411 724 455 sine
746 413 956 470 peccato?
976 411 1082 464 Quis
1109 410 1365 469 gloriabitur
1384 425 1477 454 cas-

82 486 180 522 tum
196 494 242 522 se
262 479 424 524 habere
438 496 528 536 cor,
549 490 624 525 aut
648 481 744 542 quis
764 480 1019 540 gloriabitur
1037 481 1250 524 mundum
1274 496 1317 524 se
1339 495 1428 524 esse
1452 495 1476 523 a

81 550 271 607 peccatis
286 551 336 595 ¹?
359 550 561 596 Habebat
583 567 686 611 ergo
713 550 786 595 ille
809 560 983 612 peccata
1004 572 1015 609 3
1050 549 1126 595 sed
1153 566 1379 610 perversus
1395 586 1406 605 ‚
1432 558 1477 593 et

83 620 279 665 nesciens
306 638 394 682 quo
424 623 632 676 venisset,
665 632 756 667 erat
786 632 996 684 tanquam
1024 623 1069 666 in
1099 622 1285 667 statione
1318 621 1476 665 medici

83 690 301 735 curandus
317 727 328 747 ‚
364 701 408 736 et
425 708 527 737 sana
549 693 744 737 membra
768 693 1056 748 ostendebat,
1080 691 1262 737 vulnera
1280 691 1471 751 tegebat.

83 763 200 807 Deus
233 771 350 820 tegat
381 763 590 822 vulnem3
623 763 714 809 noli
742 774 804 808 tu.
837 767 948 810 Nam
974 765 1008 808 si
1040 773 1088 808 tu
1119 773 1266 823 tegere
1288 762 1475 807 volueris

84 831 342 877 erubescens
357 867 368 888 ,
397 833 591 879 medicus
613 850 703 879 non
727 834 914 879 curabit.
939 833 1134 880 Medicus
1156 843 1275 892 tegat
1291 869 1301 889 ,
1325 842 1368 877 et
1397 848 1476 877 cu-

26 914 34 915 ’
84 911 178 960 ret3
202 902 436 963 emplastro
461 905 578 948 enim
615 905 738 963 tegit.
774 905 865 949 Sub
897 905 1086 964 tegmine
1117 904 1276 949 medici
1300 912 1478 948 sanatur

83 971 267 1029 vulnus,
291 975 374 1018 sub
395 975 588 1034 tegmine
608 976 826 1020 vulnerati
848 975 1014 1021 celatur
1036 975 1211 1020 vulnus.
1232 976 1317 1020 Cui
1332 974 1480 1020 celas?

85 1043 172 1096 Qui
198 1044 320 1089 novit
337 1044 498 1089 omnia.

143 1117 269 1160 XIII.
291 1118 444 1177 Itaque
464 1116 552 1172 hic,
578 1115 752 1173 fratres,
770 1116 916 1163 videte
941 1117 1049 1178 quid
1061 1117 1194 1163 dixit:
1220 1137 1239 1160 «
1260 1118 1481 1170 Quoniam

89 1204 111 1228 »
144 1187 286 1243 tacui,
320 1187 674 1233 inveteraverunt
703 1205 796 1233 ossa
831 1205 925 1233 mea
944 1224 955 1244 ,
989 1205 1012 1233 a
1034 1188 1267 1233 clamando
1296 1204 1366 1232 mc
1389 1196 1481 1232 tota

89 1276 111 1300 »
146 1257 244 1303 die²
257 1260 275 1303 Ξ)
287 1277 307 1299 ))
322 1258 439 1314 Quid
456 1269 519 1304 est
531 1260 614 1304 hoc
628 1262 645 1304 Ρ
661 1260 793 1313 Quasi
815 1260 1081 1304 eontrarium
1098 1259 1274 1305 videtur
1292 1279 1301 1304 :
1321 1279 1341 1302 «
1358 1262 1481 1312 Quo·-

90 1346 112 1370 »
146 1329 262 1373 niam
284 1330 424 1385 tacui,
455 1330 809 1375 inveteraverunt
832 1347 925 1376 ossa
945 1346 1042 1375 mea
1071 1347 1093 1375 a
1116 1329 1363 1375 clamando.
1389 1349 1410 1371 »
1438 1329 1482 1374 Si

88 1416 113 1445 a
135 1399 364 1446 clamando
380 1437 392 1457 ‚
416 1401 640 1462 quomodo
666 1403 829 1447 tacuit?
854 1403 1008 1447 Tacuit
1036 1401 1246 1463 quiddam
1262 1437 1272 1457 ‚
1292 1417 1389 1446 -non
1413 1410 1482 1445 ta-

88 1472 179 1516 cuit
206 1471 415 1532 quiddam
446 1491 456 1517 :
482 1473 621 1517 tacuit
648 1472 767 1523 unde
794 1474 1045 1533 proficeret,
1077 1489 1167 1517 non
1191 1473 1329 1517 tacuit
1360 1471 1480 1516 unde

88 1542 318 1588 deficeret:
338 1543 476 1588 tacuit
498 1543 830 1598 confessionem,
852 1543 1054 1589 clamavit
1075 1543 1478 1603 praesumptionem.

93 1633 114 1658 «
150 1615 283 1659 Tacui
307 1633 327 1657 »
352 1615 469 1659 enim
491 1615 613 1660 dixit.
639 1618 738 1662 Non
762 1631 857 1660 sum
879 1615 1117 1661 confessus.
1155 1616 1224 1659 Ibi
1251 1614 1484 1675 oportebat

88 1694 140 1730 ut
160 1684 436 1746 loqueretur3
461 1695 624 1730 taceret
644 1686 796 1730 merita
813 1695 912 1741 sua,
938 1686 1145 1730 clamaret
1166 1695 1344 1746 peccata
1367 1701 1444 1729 sua
1465 1703 1474 1729 z

89 1773 207 1801 nunc
232 1766 379 1801 autem
402 1772 602 1816 perverse
622 1757 760 1801 tacuit
783 1766 957 1816 peccata
980 1773 1078 1811 sua,
1104 1755 1306 1800 clamavit
1327 1755 1483 1800 merita

88 1844 179 1872 sua.
196 1831 254 1872 Et
274 1827 382 1889 quid
399 1827 461 1872 illi
479 1828 685 1886 contigit?
708 1831 1067 1872 Inveteraverunt
1089 1843 1181 1871 ossa
1199 1828 1305 1887 ejus.
1332 1830 1485 1871 Inten-

90 1899 180 1944 dite
203 1900 305 1960 quia
327 1900 360 1944 si
378 1899 587 1944 clamaret
606 1908 783 1959 peccata
807 1915 883 1943 sua
899 1933 909 1953 ‚
944 1908 986 1942 et
1009 1907 1173 1943 taceret
1199 1899 1354 1942 merita
1374 1914 1450 1942 sua
1468 1933 1478 1953 ,

89 1969 406 2014 innovarentur
422 1985 514 2013 ossa
531 1970 638 2029 ejus,
655 1968 701 2012 id
719 1977 799 2023 est,
819 1969 999 2012 virtutes
1017 1969 1132 2028 ejus:
1148 1977 1258 2012 esset
1276 1967 1480 2013 robustus

91 2040 136 2083 in
159 2040 346 2084 Domino
361 2075 372 2094 ‚
397 2039 500 2100 quia
522 2039 789 2083 inveniretur
810 2038 855 2082 in
878 2054 922 2082 se
944 2039 1157 2082 infirmus.
1177 2036 1312 2083 Modo
1335 2047 1485 2082 autem

93 2111 196 2171 quia
217 2110 264 2154 in
287 2126 330 2154 se
360 2109 501 2155 voluit
521 2125 610 2154 esse
638 2110 811 2164 firmus,
838 2108 977 2154 factus
1006 2118 1070 2154 est
1096 2109 1318 2165 infirmus,
1350 2118 1395 2153 et
1415 2109 1485 2153 in-

92 2190 400 2225 veteraverunt
420 2196 514 2225 ossa
536 2181 643 2241 ejus.
668 2181 895 2225 Remansit
914 2181 959 2225 in
975 2189 1190 2225 vetustate
1206 2215 1218 2235 ‚
1243 2180 1319 2241 qui
1340 2180 1485 2224 noluit

95 2250 348 2295 confitendo
364 2266 507 2295 amare
528 2251 782 2296 novitatem.
807 2251 894 2302 Qui
915 2250 1031 2294 enim
1054 2250 1167 2294 fiunt
1182 2251 1283 2295 novi
1299 2286 1311 2306 ‚
1332 2250 1481 2305 nostis⁷

95 2320 274 2366 fratres:
294 2321 413 2382 quia,
441 2322 597 2366 «Beati
618 2337 807 2382 quorum
826 2321 1014 2366 remissae
1032 2330 1134 2365 sunt
1155 2321 1422 2381 iniquitates,
1443 2330 1488 2365 et

80 2410 121 2435 -π
156 2407 346 2453 quorum
368 2397 481 2437 tecta
501 2402 604 2437 sunt
624 2401 816 2452 peccata.
833 2392 1012 2438 »Noluit
1031 2392 1109 2435 iste
1131 2392 1213 2435 sibi
1230 2391 1391 2436 dimitti
1407 2393 1486 2436 ini-

98 2464 286 2524 quitates
301 2498 312 2519 ‚
335 2464 631 2522 exaggeravit,
655 2462 854 2509 defendit
873 2462 988 2517 illas,
1008 2463 1188 2523 jactavit
1209 2463 1361 2506 merita
1388 2479 1480 2507 sua.

99 2537 217 2594 Ergo
243 2535 449 2595 quoniam
473 2534 609 2578 tacuit
640 2551 662 2578 a
696 2533 991 2587 confessione,
1024 2533 1375 2577 inveteraverunt
1396 2549 1487 2578 ossa

150 2627 157 2644 ¹
179 2622 271 2652 Prov.
293 2632 348 2661 xx,
368 2631 389 2662 9
419 2638 459 2642 -—-
478 2627 490 2642 2
512 2620 589 2652 Psal.
612 2631 696 2661 xxxi:
722 2620 751 2651 3.

1211 2674 1277 2714 29.
