1833 3284
324 207 409 247 214
757 219 790 244 s.
827 215 1056 244 Auens‘rmt
1089 216 1268 243 EPISCOPI

328 284 437 329 facie
469 285 583 343 ejus3
608 297 709 326 cum
738 282 832 326 haec
863 281 950 341 ipsa
975 281 1028 324 sit
1049 295 1206 339 magna
1228 278 1465 323 damnatio.
1497 297 1517 321 «
1541 280 1599 323 Et
1620 293 1717 323 om-

330 374 350 395 »
388 355 507 398 nium
542 353 817 397 inimicorum
853 366 1032 396 suorum
1068 350 1409 395 dominabitur-¹.
1443 367 1464 390 »
1506 352 1572 393 Ita
1601 348 1718 393 enim

328 425 530 478 traditur,
556 422 674 484 quod
698 438 818 482 reges
849 437 998 467 omnes
1020 430 1300 481 superaturus
1318 420 1393 475 sit,
1419 428 1462 463 et
1485 418 1601 463 solus
1623 434 1720 478 reg-

329 511 435 540 num
462 495 724 539 obtenturus
750 510 758 534 z
795 493 972 555 quando
1003 493 1132 536 etiam
1159 491 1401 536 secundum
1432 489 1716 550 Apostolum,

329 568 405 628 qui
426 566 480 610 de
502 565 578 610 illo
601 564 810 625 praedicat
833 584 842 609 :
872 584 891 605 κ
919 567 969 607 In
994 562 1158 622 templo
1179 563 1257 606 Dei
1284 560 1479 615 sedebit,
1511 559 1722 606 extollens

331 655 351 679 »
388 653 431 680 se
453 652 582 695 super
597 651 726 680 omne
743 634 862 696 quod
882 633 1040 678 colitur
1057 642 1100 677 et
1126 632 1247 693 quod
1270 631 1429 676 dicitur
1452 633 1567 675 Deus
1580 634 1613 674 2.
1638 648 1659 672 υ

390 710 554 751 XXIV.
578 710 633 751 Et
656 707 864 766 quoniam
887 704 1070 749 traditus
1099 704 1143 748 in
1165 702 1560 763 concupiscentiam
1582 701 1724 750 cordis

332 779 420 833 sui,
452 789 494 823 et
517 777 785 822 damnationi
809 777 975 821 ultimae
1003 776 1265 830 destinatus,
1301 790 1377 834 per
1399 773 1586 818 nefarias
1613 783 1725 818 artes

331 850 386 894 ad
408 849 518 894 illud
533 865 695 893 vanum
717 859 760 893 et
776 850 905 892 inane
921 847 1096 892 culmen
1114 846 1547 906 dominationemque
1567 853 1727 889 ventu-

332 937 404 965 rus
427 930 490 964 est
503 941 512 976 3
529 930 757 980 propterea
771 920 989 980 sequitur:
1007 937 1026 959 «
1043 918 1158 962 Dixit
1172 917 1288 961 enim
1306 917 1352 960 in
1369 915 1497 960 corde
1511 931 1589 960 suo
1605 935 1613 960 ;
1629 917 1728 960 Non

336 1010 355 1033 n
392 992 601 1035 movebor
615 991 670 1034 de
683 991 960 1050 generatione
978 989 1020 1032 in
1037 988 1357 1048 generationem
1374 988 1464 1031 sine
1477 986 1611 1031 malo3
1626 1006 1635 1031 ;
1651 985 1730 1030 »id

333 1072 412 1117 est,
431 1062 545 1106 sama
561 1079 656 1106 mea
674 1071 717 1106 et
734 1077 895 1106 nomen
909 1075 1056 1104 meum
1070 1058 1124 1103 de
1142 1059 1222 1103 hac
1241 1058 1518 1117 generatione
1534 1057 1580 1100 in
1598 1072 1730 1116 gene-

334 1135 546 1179 rationem
565 1144 839 1194 posterorum
862 1148 951 1177 non
975 1131 1173 1186 transiet,
1195 1130 1277 1174 nisi
1291 1130 1458 1174 artibus
1480 1128 1604 1173 malis
1631 1127 1730 1173 adi-

334 1207 474 1266 piscar
486 1215 575 1250 tam
589 1205 806 1250 excelsum
821 1204 1109 1263 principatum
1118 1238 1128 1257 ,
1142 1201 1196 1246 de
1209 1218 1297 1262 quo
1309 1201 1469 1261 posteri
1486 1210 1628 1245 tacere
1640 1216 1731 1245 non

334 1279 515 1338 possint.
546 1278 726 1322 Animus
744 1277 858 1320 enim
884 1268 1078 1336 perditus
1099 1284 1142 1318 et
1164 1289 1313 1334 expers
1334 1274 1549 1318 bonarum
1572 1272 1731 1317 artium

336 1358 467 1408 atque
488 1365 510 1392 a
526 1348 705 1408 justitiae
727 1347 894 1391 lumine
914 1346 1102 1401 alienus,
1128 1345 1252 1389 malis
1275 1345 1438 1389 artibus
1461 1345 1543 1389 sibi
1561 1344 1732 1388 aditum

334 1418 514 1463 molitur
535 1419 589 1462 ad
604 1418 766 1463 famam
787 1427 875 1462 tam
895 1417 1166 1471 diuturnam,
1182 1425 1231 1460 ut
1251 1415 1369 1475 apud
1385 1424 1580 1475 posteros
1600 1414 1732 1459 etiam

335 1489 595 1534 celebretur.
622 1493 678 1534 Et
701 1490 884 1549 quinon
902 1497 1084 1548 possunt
1104 1489 1215 1531 bene
1233 1487 1524 1542 innotescere,
1547 1486 1733 1547 eupiunt

335 1561 401 1605 vel
429 1561 540 1605 male
554 1561 607 1605 de
631 1577 674 1605 se
692 1562 889 1605 homines
911 1560 1058 1620 loqui,
1080 1558 1322 1604 dummodo
1344 1574 1506 1603 nomen
1528 1557 1734 1602 latissime

334 1642 609 1693 pervagetur.
627 1631 757 1685 Quod
775 1632 844 1675 liic
858 1631 1044 1675 arbitror
1057 1631 1225 1674 dictum
1245 1645 1356 1674 esse:
1373 1649 1392 1672 «
1408 1632 1506 1675 Non
1522 1629 1734 1673 movebor

338 1723 358 1745 »
395 1703 450 1747 de
471 1705 747 1762 generatione
769 1704 812 1746 in
833 1703 1157 1761 generationem
1176 1702 1266 1746 sine
1284 1701 1415 1746 malo.
1435 1704 1548 1746 »Est
1569 1710 1611 1745 et
1625 1699 1734 1745 alius

334 1774 601 1829 intellectus,
624 1775 656 1817 si
680 1775 733 1817 de
750 1773 1030 1832 generatione
1053 1772 1227 1817 mortali
1251 1773 1305 1816 ad
1327 1772 1580 1816 [eternitatis
1602 1787 1734 1831 gene-

336 1846 547 1889 rationem
570 1861 614 1889 se
631 1845 779 1889 venire
802 1861 891 1888 non
915 1860 1036 1904 posse
1059 1860 1198 1888 vanus
1221 1853 1265 1888 et
1282 1844 1437 1888 erroris
1462 1842 1618 1903 plenus
1641 1844 1735 1887 ani-

333 1932 429 1960 mus
454 1920 703 1968 arbitratur,
730 1915 807 1959 nisi
826 1915 991 1959 artibus
1014 1914 1137 1958 malis
1159 1934 1168 1959 :
1187 1915 1309 1975 quod
1326 1914 1506 1975 quidem
1529 1914 1660 1958 etiam
1679 1913 1735 1958 de

335 1989 510 2033 Simone
526 1988 800 2031 diffamatum
825 1997 888 2031 est
903 1990 934 2041 ³¹,
958 2002 1059 2031 cum
1077 1985 1295 2031 sceleratis
1317 1986 1481 2030 artibus
1504 1985 1667 2030 coelum
1689 2001 1734 2030 se

331 2068 524 2119 putasset
548 2059 827 2118 adepturum,
845 2067 887 2102 et
905 2058 959 2102 de
978 2059 1170 2102 humana
1185 2057 1464 2116 generatione
1478 2057 1523 2101 in
1540 2056 1734 2101 divinam

333 2130 657 2190 generationem
692 2130 822 2174 rebus
845 2129 1020 2187 magicis
1046 2129 1344 2172 transiturum.
1372 2126 1487 2181 Quid
1511 2143 1614 2186 ergo
1648 2127 1734 2170 mi-

332 2217 429 2245 rum
444 2237 453 2255 7
472 2202 504 2245 si
527 2201 659 2245 etiam
689 2200 761 2244 ille
784 2201 917 2244 homo
941 2200 1129 2259 peccati,
1160 2199 1237 2259 qui
1260 2208 1397 2243 totam
1428 2198 1667 2259 nequitiam
1690 2207 1736 2242 et

331 2274 600 2332 impietatem
618 2308 628 2327 ,
655 2287 790 2333 quam
811 2287 960 2316 omnes
979 2270 1376 2331 pseudoprophetae
1396 2271 1731 2323 inchoaverunt,

307 2343 588 2403 .impleturus
617 2353 702 2399 est,
728 2353 771 2387 et
805 2352 922 2386 tanta
955 2343 1077 2401 signa
1110 2340 1303 2385 {licturus
1322 2377 1333 2396 ‚
1369 2350 1420 2385 ut
1450 2340 1668 2400 decipiat,
1699 2341 1733 2384 si

329 2414 421 2457 fieri
443 2423 600 2472 potest7
617 2416 744 2457 etiam
762 2413 936 2466 electos,
955 2411 1151 2456 dicturus
1170 2421 1233 2455 est
1259 2412 1305 2455 in
1329 2410 1461 2455 corde
1475 2426 1554 2454 suo
1575 2430 1583 2455 :
1605 2413 1734 2455 «Non

333 2503 353 2525 »
378 2486 587 2529 movebor
609 2485 664 2528 de
684 2484 961 2543 generatione
983 2483 1026 2526 in
1051 2483 1376 2541 generationem
1398 2481 1488 2525 sine
1502 2480 1648 2526 malo?
1669 2499 1691 2522 »

382 2577 388 2591 ¹
410 2570 488 2601 trs-ai,
510 2582 553 2611 ix,
575 2570 604 2601 5.
628 2588 668 2592 —
690 2578 701 2592 ²
723 2579 740 2601 2
756 2570 864 2602 Thess.
887 2581 921 2610 ιι,
938 2568 968 2610 4.
992 2586 1033 2591 -
1055 2566 1161 2600 31‘sat.
1183 2580 1229 2610 xx,
1247 2568 1280 2599 6.
1302 2584 1344 2590 -·
1362 2565 1378 2593 ⁴'0
1397 2570 1470 2600 Act.
1492 2578 1560 2608 vui,
1581 2577 1617 2609 9.
