1833 3284
353 227 435 267 364
807 240 840 266 s.
879 237 1109 266 annosum
1142 238 1322 265 m>1scor1

411 306 489 348 tx.
521 322 540 345 «
567 303 636 348 Ad
668 311 731 359 te,
762 303 973 358 Domine,
1005 301 1227 358 elamabo,
1261 311 1305 347 et
1338 300 1394 346 ad
1422 303 1562 346 Deum
1599 316 1748 346 meum

353 395 373 418 »
410 375 719 435 deprecabor¹.
749 393 768 416 »
791 374 921 428 Quod
941 383 1111 434 tempus
1134 373 1479 418 conturbationis
1497 382 1541 417 et
1562 372 1746 417 miseriae

348 462 457 491 mese
480 445 696 501 recolens,
717 455 760 490 et
777 455 986 506 tanquam
1010 445 1056 489 in
1073 460 1125 490 eo
1143 445 1421 500 constitutus,
1446 443 1578 489 audio
1592 458 1748 489 vocem

350 518 630 578 primogeniti
653 517 741 571 tui,
762 516 913 576 capitis
932 516 1017 560 mci
1040 531 1115 576 pro
1134 531 1204 560 me
1225 515 1451 571 morituri,
1471 524 1515 559 et
1537 515 1718 560 dicentis
1736 533 1746 560 :

354 609 375 632 «
410 589 479 634 Ad
504 599 544 634 te
559 625 570 644 ‚
608 589 819 645 Domine,
852 587 1052 632 clamabo
1069 624 1080 646 a
1116 597 1160 632 et
1184 588 1240 633 ad
1262 591 1400 633 Deum
1424 602 1573 632 meum
1595 587 1751 648 depre-

354 679 374 701 ))
412 662 560 706 cabor.
588 680 607 702 ))

409 734 466 775 Χ.
497 751 517 773 «
538 734 647 785 Quae
675 730 839 776 utilitas
862 731 908 775 in
936 732 1148 791 sanguine
1170 746 1267 776 meo
1285 766 1296 787 ,
1326 730 1434 775 dum
1457 729 1677 775 descendo
1706 730 1751 774 in

354 821 374 844 »
410 803 736 862 corruptionem
753 804 800 847 ²?
832 822 852 844 »
882 806 991 857 Quae
1020 801 1184 847 utilitas
1211 803 1258 846 in
1289 802 1503 847 effusione
1532 801 1753 861 sanguinis

352 874 458 928 mei,
491 873 598 917 dum
622 872 840 919 descendo
865 874 909 918 in
935 873 1290 933 corruptionem?
1316 892 1336 914 »
1364 871 1592 933 Numquid
1614 872 1753 917 confi-

354 963 374 985 »
414 945 576 989 tebitur
599 945 677 989 tibi
703 944 875 1005 pulvis?
901 964 920 987 »
952 945 993 990 Si
1019 945 1135 989 enim
1160 960 1249 989 non
1271 945 1415 989 statim
1446 959 1718 989 resurrexero
1737 979 1749 998 ,

351 1025 698 1076 corruptumque
727 1015 860 1061 suerit
881 1031 1039 1076 corpus
1062 1031 1209 1060 meum
1232 1035 1240 1060 :
1271 1013 1538 1075 «Numquid
1567 1015 1752 1058 confite-

355 1105 375 1127 »
413 1087 530 1130 bitur
552 1086 631 1130 tibi
650 1085 792 1147 pulvis
809 1123 819 1142 ,
844 1106 863 1128 n
890 1086 936 1131 id
953 1096 1016 1131 est
1034 1122 1045 1143 ‚
1067 1087 1199 1131 turha
1221 1087 1455 1146 impiorum
1470 1121 1480 1141 ,
1500 1100 1635 1146 quam
1656 1100 1752 1129 mea

352 1158 670 1204 resurrectione
702 1159 987 1219 justificabo?
1025 1179 1043 1200 «
1074 1162 1164 1204 Aut
1206 1157 1488 1203 annuntiabit
1525 1157 1753 1202 veritatem

355 1248 375 1271 »
411 1239 533 1275 tuam
549 1231 595 1274 ³?
616 1248 635 1271 >›
662 1233 752 1274 Aut
769 1230 1052 1275 annuntiabit
1073 1230 1129 1274 ad
1147 1229 1332 1275 salutem
1356 1239 1615 1274 caeterorum
1637 1228 1754 1273 veri-

354 1309 487 1345 tatem
510 1309 632 1345 tuam
649 1302 668 1344 Ξ)

411 1376 491 1417 ΧΙ.
525 1392 544 1414 α
568 1371 750 1417 Audivit
772 1373 1001 1428 Dominus,
1020 1381 1063 1417 ct
1086 1372 1287 1416 misertus
1305 1381 1369 1416 est
1390 1371 1515 1426 mihi,
1542 1371 1754 1415 Dominus

354 1462 374 1484 »
411 1443 549 1488 sactus
581 1453 643 1489 est
678 1444 852 1505 adjutor
878 1444 1045 1489 meus&
1074 1462 1094 1485 »
1120 1446 1209 1489 Nec
1243 1441 1366 1488 dedit
1401 1451 1601 1487 sanetum
1625 1457 1753 1486 suum
1817 1443 1818 1498 f

353 1514 503 1559 videre
525 1515 869 1575 corruptionem.

412 1588 514 1630 XII.
537 1606 556 1628 α
577 1586 839 1631 Convertisti
854 1585 1082 1646 planctum
1097 1600 1245 1629 meum
1263 1585 1308 1629 in
1333 1584 1544 1644 gaudium
1559 1583 1708 1628 mihi5.
1729 1602 1750 1625 »

351 1659 493 1710 Quem
517 1657 857 1717 primogenitum
880 1673 902 1701 a
922 1657 1106 1702 mortuis
1129 1665 1359 1702 consecuta
1382 1655 1575 1700 Ecclesia
1593 1691 1604 1711 ,
1635 1670 1754 1699 nune

352 1730 397 1773 in
427 1729 704 1774 dedicatione
731 1729 888 1774 domus
913 1739 1000 1773 tuse
1025 1729 1123 1774 dieo
1148 1749 1156 1774 :
1188 1749 1206 1771 «
1236 1728 1497 1774 Convertisti
1527 1727 1753 1788 planctum
1816 1778 1817 1784 ¹

355 1819 375 1842 »
411 1817 559 1845 mcum
589 1803 634 1846 in
657 1801 866 1860 gaudium
890 1802 1011 1846 mihi.
1039 1801 1298 1845 Conscidisti
1324 1815 1498 1844 saccum
1517 1815 1688 1854 mcum,
1711 1807 1753 1842 ct

356 1891 375 1913 »
410 1873 671 1932 praecinxisti
696 1888 763 1916 me
780 1872 976 1917 laetitiass.
1002 1891 1022 1913 »
1047 1871 1309 1917 Conseidisti
1330 1870 1630 1914 velamentum
1648 1885 1753 1929 pee-

352 1953 549 1988 catorum
568 1960 764 1988 meorum
782 1980 792 1999 ‚
818 1943 1035 1988 tristitiam
1055 1941 1329 1988 mortalitatis
1355 1957 1493 1999 meae3
1518 1950 1562 1985 et
1583 1938 1753 1985 cinxisti

354 2030 421 2058 me
439 2015 546 2059 stola
568 2016 728 2075 prima,
749 2015 984 2059 immortali
1005 2014 1171 2059 lretitia.

413 2089 538 2130 XIII.
561 2106 580 2128 «
599 2090 657 2132 Ut
678 2096 825 2131 cantet
847 2086 927 2129 tibi
952 2086 1087 2145 gloria
1111 2101 1221 2140 mea,
1247 2093 1291 2128 et
1308 2099 1396 2128 non
1412 2085 1749 2142 compungar'1.»

358 2161 411 2202 Ut
429 2159 520 2217 jam
542 2174 632 2202 non
656 2158 858 2218 plangat,
890 2157 965 2201 sed
988 2166 1135 2202 cantet
1159 2156 1259 2210 tibi,
1293 2171 1384 2199 non
1401 2154 1623 2198 humilitas
1640 2189 1651 2209 ,
1676 2153 1751 2198 sed

353 2228 490 2287 gloria
513 2244 635 2283 mea,
663 2229 765 2289 quia
784 2230 875 2289 jam
903 2244 954 2272 ex
982 2227 1230 2272 humilitate
1252 2226 1450 2270 exaltasti
1472 2240 1569 2270 me:
1595 2233 1638 2269 et
1660 2240 1750 2269 non

351 2315 624 2360 compungar
642 2300 905 2345 conscientia
928 2298 1109 2360 peceati,
1134 2300 1287 2343 timore
1305 2297 1476 2351 mortis,
1499 2296 1655 2340 timore
1673 2297 1751 2356 ju-

351 2372 466 2416 dicii.
496 2390 516 2413 «
538 2372 723 2416 Domine
742 2375 855 2416 Deus
878 2387 1015 2425 meUS,
1045 2371 1088 2414 in
1107 2379 1320 2414 aeternum
1336 2367 1581 2413 confitebor
1604 2367 1699 2411 tibi.
1726 2386 1746 2408 η

350 2444 514 2487 Ethaec
532 2452 595 2486 est
608 2442 743 2502 gloria
765 2459 877 2499 mea,
905 2443 1088 2488 Domine
1104 2446 1218 2487 Deus
1229 2456 1370 2497 meus,
1394 2448 1444 2484 ut
1466 2439 1510 2483 in
1528 2447 1745 2482 aeternum

399 2547 407 2563 ¹
430 2539 509 2571 Psal.
532 2550 618 2581 xxix,
637 2551 670 2582 9.
691 2557 733 2562 ›-
760 2546 773 2562 2
797 2540 877 2572 Ibid.
903 2551 952 2573 10.
974 2557 1016 2564 —-
1035 2537 1048 2562 3
1065 2539 1146 2573 Ibid.
1167 2557 1208 2562 --
1226 2537 1242 2563 A
1260 2538 1340 2572 Ibid.
1369 2547 1421 2577 11,
1441 2539 1474 2567 et
1494 2534 1542 2567 Id.
1565 2544 1618 2576 xv,
1642 2545 1746 2567 1o.--

354 2595 463 2628 51bid.
488 2604 538 2628 19..
560 2611 601 2618 --·
617 2594 632 2618 ‘3
652 2595 730 2628 lbid.
750 2612 791 2620 -·
816 2603 830 2628 7
852 2596 933 2629 Ibid.
960 2596 1011 2628 ¹3.
