1833 3284
395 280 446 316 28
839 289 871 315 s.
908 286 1139 314 AUGUSTIM
1172 286 1353 313 EPISCOPI

394 372 412 395 »
449 354 493 396 in
521 353 634 396 viam
657 352 820 396 ducens
842 367 911 396 eas
933 371 940 395 :
971 369 989 392 >›
1016 348 1070 393 ad
1091 349 1397 405 humilitatem,
1424 359 1630 410 tanquam
1653 348 1775 393 illum

389 425 571 468 asinum.
600 443 618 465 α
642 422 940 467 Reconcilians
964 420 1093 465 corda
1115 421 1361 480 principum
1380 421 1532 481 populi
1556 430 1682 464 terrae
1702 423 1732 464 1:
1752 437 1772 461 n

386 495 466 539 sibi
488 494 771 539 reconcilians
798 492 867 537 vel
897 492 1072 536 Judaeos
1101 491 1170 536 vel
1201 508 1321 550 reges
1354 501 1480 536 terrae
1488 528 1504 548 ,
1529 493 1605 552 qui
1635 491 1777 551 primo

384 566 759 626 persequebantur
782 563 1036 608 Ecclesiam.
1068 582 1086 605 «
1111 561 1290 607 Seduxit
1313 573 1459 607 autem
1482 579 1554 608 eos
1576 563 1621 607 in
1642 563 1774 618 viam,

382 656 401 678 υ
438 652 570 697 quam
604 653 693 681 non
724 636 961 680 noverant²
993 654 1002 679 :
1044 653 1063 675 »
1092 633 1344 679 subruendo
1378 635 1504 694 Legis
1540 649 1695 695 opera,
1725 643 1776 678 ut

380 708 631 768 simpliciter
658 707 1004 766 intelligerentur
1031 726 1039 750 :
1074 706 1179 751 hine
1212 707 1270 750 eis
1305 707 1420 751 visus
1455 716 1518 750 est
1549 716 1771 766 peccator.

384 798 403 821 «
438 782 535 833 Quo
562 794 706 823 errore
727 777 942 822 tenebrati
965 786 1066 821 sunt
1096 786 1307 838 tanquam
1330 778 1519 822 ebrius³.
1553 796 1572 818 »

437 852 561 894 xllt.
593 870 612 892 «
638 853 695 893 Et
712 864 889 907 arguam
918 849 964 892 in
993 857 1230 908 conspectu
1253 849 1359 908 ejus,
1381 850 1414 892 si
1437 848 1649 893 voluerit:
1671 865 1699 890 .»
1726 856 1776 892 ut

379 931 533 980 arguat
561 937 605 965 se
634 921 803 980 ipsum3
840 918 960 980 quod
993 928 1057 963 est
1084 917 1379 964 confessionis.
1414 940 1435 962 α
1471 922 1528 964 Et
1556 927 1776 963 curatores

381 1011 400 1034 »
436 991 652 1036 malorum
675 1007 824 1037 omnes
847 1007 936 1035 vos.
962 1009 981 1032 >›
1005 993 1148 1036 Bonos
1170 978 1287 1035 enim
1309 1007 1398 1035 non
1421 991 1601 1050 potestis
1623 1006 1776 1035 conso-

378 1062 539 1107 latione
561 1077 728 1107 curare.
755 1081 775 1104 «
799 1060 960 1106 Audite
989 1076 1091 1120 ergo
1114 1062 1466 1122 objurgationem
1489 1062 1574 1106 oris
1598 1061 1684 1105 mei
1713 1081 1721 1105 :
1750 1079 1771 1102 »

380 1133 426 1177 in
447 1149 537 1178 vos.
571 1153 590 1175 «
623 1136 680 1178 Et
713 1142 813 1177 ante
845 1141 1128 1193 conspectum
1160 1134 1251 1194 ejus
1282 1131 1484 1193 profertis
1518 1132 1670 1177 dolum
1701 1149 1712 1176 :
1751 1149 1771 1173 »

380 1220 481 1249 eum
503 1205 635 1249 vultis
656 1220 732 1249 vos
754 1203 892 1249 videri
913 1205 1075 1265 justos,
1101 1204 1223 1265 quod
1257 1220 1348 1249 non
1376 1204 1489 1248 estis.
1520 1223 1540 1247 «
1571 1206 1641 1248 An
1668 1203 1775 1247 sub-

383 1295 402 1318 »
438 1276 606 1320 trahitis
641 1291 717 1321 vos
756 1277 870 1335 ipsos
905 1276 1074 1336 judices
1109 1275 1232 1320 fieri?
1272 1293 1293 1317 »
1333 1274 1559 1336 Numquid
1597 1274 1776 1334 potestis

379 1346 673 1402 dissimulare,
700 1357 743 1391 et
770 1363 859 1392 non
877 1346 1095 1407 judicare,
1121 1347 1224 1408 quia
1257 1347 1311 1391 de
1333 1346 1457 1392 vobis
1479 1362 1633 1391 verum
1657 1345 1771 1391 dico.

383 1437 402 1460 «
440 1419 483 1462 Si
500 1418 616 1461 enim
634 1419 782 1463 omnia
801 1416 982 1474 facietis,
1000 1418 1263 1479 adjiciemini
1285 1419 1346 1462 ei⁴
1367 1438 1374 1463 :
1395 1437 1415 1460 »
1432 1417 1480 1462 id
1500 1427 1578 1474 est,
1595 1418 1775 1462 Etiamsi

379 1489 523 1533 omnia
545 1498 762 1549 praecepta
785 1489 973 1544 faciatis,
994 1489 1188 1534 inveniet
1216 1489 1262 1533 in
1294 1490 1417 1534 vobis
1449 1488 1570 1550 quod
1603 1498 1769 1547 arguat.

377 1562 515 1605 Nemo
543 1561 658 1604 enim
677 1561 818 1620 justus
841 1560 884 1603 in
908 1568 1147 1620 conspeetu
1164 1560 1270 1620 ejus.
1294 1579 1314 1602 «
1336 1559 1465 1613 Quod
1488 1563 1521 1604 si
1543 1568 1586 1603 et
1603 1559 1773 1604 occulte

381 1649 400 1672 »
436 1646 638 1690 personas
672 1631 815 1674 mirati
835 1631 1004 1675 fueritis
1032 1651 1040 1675 :
1070 1650 1089 1672 »
1117 1647 1235 1687 suas,
1261 1648 1305 1676 se
1328 1632 1442 1691 ipsos
1463 1622 1768 1691 justificando,

378 1717 467 1746 non
490 1701 632 1746 solum
655 1701 710 1746 ad
727 1701 946 1757 homines,
972 1701 1048 1746 sed
1079 1702 1210 1746 etiam
1240 1702 1296 1747 ad
1323 1718 1366 1747 se
1396 1703 1525 1763 ipsos.
1556 1722 1576 1745 ι(
1602 1704 1771 1762 Corpus

378 1782 523 1816 autem
546 1772 715 1817 luteum
739 1792 747 1817 z
782 1790 802 1814 ³)
827 1781 877 1817 ut
897 1772 1140 1832 fragilitatis
1164 1773 1317 1818 saltem
1343 1783 1498 1819 vestrae
1521 1773 1771 1818 considera-

380 1843 495 1888 tione
533 1844 733 1888 timeatis.
777 1863 797 1886 «
837 1843 1183 1903 Apprehendens
1220 1859 1336 1888 meas
1377 1860 1526 1889 carnes
1563 1844 1771 1888 dentibus

381 1933 400 1955 »
437 1915 582 1958 meis⁵.
604 1934 623 1955 »
649 1918 748 1959 Non
770 1914 876 1958 mihi
900 1930 1098 1974 parcam⁷
1121 1924 1171 1959 ut
1192 1931 1283 1960 non
1305 1915 1446 1960 solum
1470 1930 1546 1960 vos
1569 1928 1766 1974 arguam,

375 1984 449 2029 sed
478 1985 607 2030 etiam
637 2000 721 2029 me.
758 2004 778 2027 «
808 1987 866 2029 Et
894 1986 1082 2029 animam
1112 2002 1254 2030 meam
1284 2002 1444 2047 ponam
1474 1986 1521 2030 in
1549 2002 1713 2040 manu:
1745 2004 1765 2028 η

376 2056 685 2116 inspiciendam
700 2092 710 2112 ,
736 2065 786 2099 ut
808 2056 916 2100 nihil
940 2056 1098 2113 celem,
1127 2058 1216 2103 sive
1237 2067 1287 2103 ut
1311 2067 1562 2118 computem
1591 2067 1768 2118 peecata

374 2143 482 2171 mea!
501 2146 521 2169 α
540 2128 659 2171 Licet
682 2127 851 2172 occidat
870 2142 940 2170 me
961 2126 1034 2171 ille
1050 2129 1126 2188 qui
1142 2137 1295 2187 potens
1310 2139 1387 2185 est,
1405 2129 1481 2189 qui
1495 2138 1536 2173 et
1549 2129 1704 2188 eoepitG
1719 2148 1728 2173 :
1744 2147 1762 2170 >›

373 2199 570 2259 quamvis
584 2198 754 2243 occidat
768 2207 946 2258 peccata
960 2214 1071 2242 mea.
1095 2218 1114 2241 α
1134 2202 1295 2243 Tamen
1314 2200 1484 2260 loquar,
1498 2209 1541 2244 et
1558 2215 1704 2244 eoram
1715 2215 1766 2245 eo

371 2285 549 2328 arguam
567 2285 656 2313 me:
672 2284 876 2313 »nonme
887 2269 1152 2329 justificabo,
1170 2270 1440 2315 abscondens
1453 2281 1631 2331 peccata
1649 2286 1760 2315 mea.

374 2359 393 2381 «
428 2344 540 2385 Ecce
555 2356 635 2399 ego
645 2340 1123 2400 appropinquojudicio
1137 2344 1274 2386 mco⁷:
1295 2360 1314 2383 >›
1333 2342 1589 2403 utjudieem
1601 2341 1759 2387 deme:

367 2412 488 2471 (masi
509 2412 599 2471 ipsa
619 2411 672 2456 sit
694 2412 878 2456 hominis
895 2411 1081 2472 justitia,
1102 2412 1145 2456 in
1166 2412 1437 2458 consessione
1459 2414 1539 2457 sibi
1560 2429 1649 2458 non
1664 2429 1764 2473 par-

366 2498 477 2526 cere.
500 2501 520 2523 ‹<
548 2485 706 2527 Tunca
721 2482 828 2527 facie
842 2493 918 2527 tua
934 2498 1023 2527 non
1038 2483 1300 2528 abscondar⁸
1322 2503 1366 2530 ι»
1386 2484 1762 2545 quemadmodum

414 2584 422 2600 ¹
444 2578 517 2611 Job.
538 2590 590 2619 χιι,
611 2582 664 2611 24.
681 2597 723 2602 -
743 2587 756 2602 ²
774 2580 856 2611 lbid.
874 2597 916 2602 —
938 2578 950 2602 3
971 2579 1052 2612 Ibid.
1077 2578 1132 2611 25.
1154 2597 1196 2602 ——
1212 2578 1228 2610 4
1247 2580 1293 2612 Id.
1310 2591 1380 2622 xm,
1407 2583 1478 2612 1-9.
1500 2579 1570 2604 ——5
1590 2580 1672 2613 Ibid.
1698 2590 1753 2614 12-

371 2631 421 2674 14.
442 2651 483 2657 —
504 2632 738 2666 filbid.1‡'›.·-
759 2643 772 2668 7
792 2637 874 2668 lbitl.
898 2635 949 2667 18.
974 2651 1008 2658 w*
1029 2635 1044 2657 3
1060 2635 1140 2668 Ibid.
1162 2644 1216 2670 20.
