1833 3284
338 256 580 286 ENAnRAno
612 259 644 284 u
678 259 722 285 IN
756 256 958 287 PSALMUM
991 257 1083 283 xx1.
1328 244 1411 283 305

25 323 147 369 sedet
163 323 359 369 Christus
375 323 422 367 in
443 321 558 367 coelo
575 357 586 378 ‚
615 331 658 367 et
674 321 987 367 contradicitur
1008 329 1268 365 testamento
1290 321 1382 381 ejus
1397 323 1416 364 Ξ)

24 394 183 453 Aperi,
218 393 429 453 legamus.
471 396 643 437 Fratres
686 408 857 448 sumus,
897 408 1032 453 quare
1074 391 1416 437 contendimus?

25 464 226 510 Placetur
252 465 420 509 animus
442 473 602 520 noster,
630 479 720 509 non
754 464 846 509 sine
867 470 1128 507 testamento
1151 479 1228 507 nos
1251 462 1413 506 dimisit

22 544 158 596 pater.
193 534 279 589 Qui
308 533 413 580 fecit
433 543 742 579 testamentum
761 570 771 590 ‚
804 534 911 579 vivit
932 534 978 578 in
1009 543 1223 578 aeternum
1246 553 1254 577 :
1289 532 1412 577 audit

21 623 148 652 voees
165 616 331 652 nostras
348 641 360 662 ‚
385 606 579 666 agnoscit
605 622 743 651 suam.
776 609 1010 666 Legamus,
1036 604 1144 666 quid
1165 604 1413 663 litigamus?

24 677 107 722 Ubi
126 677 301 722 inventa
320 675 454 721 fuerit
473 677 565 738 ipsa
580 677 809 721 haereditas
825 712 835 732 ⁷
860 676 998 736 ipsam
1014 685 1254 720 teneamus.
1279 674 1411 734 Aperi

24 757 346 804 testamentum,
371 747 466 807 lege
487 748 534 791 in
555 749 695 808 primo
710 748 850 807 capite
867 747 999 807 ipsius
1021 746 1215 791 Psalterii
1233 762 1244 791 :
1268 765 1284 786 «
1304 750 1411 791 Pos-

27 839 45 862 »
80 818 173 864 tula
193 835 218 865 a
245 835 331 864 me.
357 839 376 861 »
401 820 485 865 Sed
512 819 608 880 quis
643 819 774 864 dicit?
810 822 941 863 Forte
973 833 1063 863 non
1096 818 1308 863 Christus.
1346 818 1413 862 lbi

21 891 152 936 habes
174 907 182 933 :
209 909 226 931 «
253 890 465 936 Dominus
492 890 602 935 dixit
623 890 678 935 ad
699 905 769 934 me
796 909 804 935 :
831 889 965 934 Filius
997 905 1119 934 meus
1152 905 1195 934 es
1222 898 1298 944 tu,
1334 905 1414 948 ego

24 979 42 1004 »
77 961 208 1007 hodie
229 961 361 1022 genui
382 963 465 1006 te1.
497 979 517 1002 »
539 964 654 1019 Ergo
678 960 812 1005 Filius
834 960 911 1004 Dei
937 960 1066 1015 dicit,
1087 959 1157 1004 vel
1179 959 1235 1004 ad
1253 959 1414 1003 Filium

19 1048 148 1078 suum
164 1037 292 1078 Pater
309 1032 429 1078 dicit.
454 1035 570 1091 Ergo
592 1031 701 1093 quid
725 1030 831 1076 dicit
860 1030 916 1075 ad
939 1031 1129 1075 Filium?
1149 1050 1165 1070 «
1192 1031 1368 1075 Postula
1391 1047 1414 1074 a

26 1125 43 1146 »
78 1120 148 1148 me
165 1140 175 1160 ‚
197 1113 240 1149 et
264 1103 378 1148 dabo
400 1103 479 1148 tibi
507 1113 654 1163 gentes
676 1101 977 1146 haereditatem
1000 1112 1121 1145 tuam
1140 1137 1149 1156 ‚
1182 1111 1225 1145 et
1246 1117 1412 1161 posses-

26 1195 43 1218 »
78 1176 245 1221 sionem
273 1185 395 1220 tuam
435 1177 543 1220 fines
576 1178 746 1219 terrae2.
783 1194 800 1215 »
840 1172 957 1218 Solet
999 1173 1091 1217 fieri
1109 1209 1119 1229 ‚
1152 1172 1327 1229 fratres,
1367 1183 1416 1218 ut

19 1246 197 1307 quando
213 1247 424 1307 quaeritur
446 1246 500 1289 de
516 1245 807 1306 possessione,
828 1250 1082 1305 quaerantur
1106 1246 1271 1289 aflines.
1296 1248 1415 1289 Inter

20 1317 170 1362 affines
191 1317 318 1362 illum
339 1327 380 1362 et
408 1316 533 1361 illum
548 1352 558 1372 ,
584 1317 795 1377 quaeritur
815 1316 951 1359 haeres
968 1351 978 1371 ‚
1006 1325 1081 1360 aut
1103 1315 1173 1360 cui
1198 1316 1410 1371 donatur,

19 1398 94 1434 aut
115 1388 193 1450 qui
213 1389 333 1433 emit.
367 1391 485 1433 Inter
509 1403 618 1448 quos
647 1387 798 1432 affines
820 1387 1062 1446 quaeritur?
1086 1389 1205 1430 Inter
1228 1385 1353 1429 illum
1372 1395 1415 1430 et

19 1458 141 1504 illum
168 1459 450 1519 possidentes.
477 1458 563 1511 Qui
578 1457 742 1502 din'iisit
758 1472 907 1501 omnes
927 1457 1032 1500 fines
1051 1492 1061 1511 ⁷
1088 1455 1233 1500 nullos
1256 1456 1416 1500 dimisit

20 1531 185 1576 aflines.
204 1533 495 1590 Quocumque
517 1538 560 1573 te
582 1528 781 1582 verteris,
807 1527 1003 1572 Christus
1026 1536 1104 1571 est.
1140 1527 1267 1571 Fines
1290 1536 1415 1571 terrae

19 1601 152 1647 habes
189 1599 518 1655 haereditatem,
554 1599 642 1643 huo
673 1599 793 1652 veni⁷
838 1607 975 1642 totam
1011 1613 1184 1642 mecum
1222 1598 1409 1657 posside.

19 1675 162 1726 Quare
187 1673 401 1732 litigando
425 1684 552 1717 vocas
584 1670 638 1714 ad
671 1672 865 1730 partem?
898 1673 994 1714 Huc
1023 1670 1153 1714 veni?
1180 1673 1303 1714 Bono
1336 1680 1413 1715 tuo

19 1743 226 1799 vinceris,
252 1752 395 1787 totum
412 1742 609 1786 habebis.
636 1745 705 1786 An
727 1740 871 1785 adhue
893 1740 1195 1785 calumniaris?
1214 1744 1306 1799 Ego
1322 1742 1414 1801 jam

20 1822 328 1860 testamentum
342 1813 427 1872 legi
443 1849 453 1868 ‚
475 1822 519 1857 et
540 1822 589 1857 tu
607 1812 897 1857 calumniaris.
921 1815 989 1856 An
1011 1812 1153 1857 adhuc
1172 1813 1414 1857 calumnia-

19 1885 75 1930 ris
90 1921 100 1941 ,
133 1884 236 1945 quia
257 1885 366 1928 fines
389 1892 514 1927 terrae
545 1882 680 1937 dixit,
710 1899 800 1927 non
822 1882 930 1926 dixit
952 1898 1102 1927 omnes
1128 1883 1234 1926 fines
1258 1886 1414 1926 terrae?

21 1960 233 2016 Legamus
250 1971 369 2014 ergo.
396 1954 628 2008 Quomodo
651 1953 814 1998 lectum
835 1955 930 1997 est?
955 1973 971 1993 «
990 1954 1413 1998 Commemorabim-

26 2048 43 2070 »
78 2037 166 2083 tur,
190 2036 234 2071 et
250 2035 560 2071 convertentur
583 2024 639 2069 ad
657 2025 894 2069 Dominum
920 2024 1108 2069 universi
1137 2026 1244 2069 fines
1268 2035 1408 2070 terrae.

25 2119 43 2141 »
77 2102 135 2144 Et
153 2098 402 2143 adorabunt
431 2097 476 2142 in
499 2106 735 2157 conspeetu
769 2098 859 2157 ejus
887 2097 1100 2140 universae
1131 2097 1283 2156 patriae
1304 2113 1411 2156 gen-

25 2189 43 2212 »
77 2170 202 2215 tium.
225 2169 443 2224 Quoniam
461 2168 635 2214 Domini
653 2177 716 2212 est
729 2184 930 2227 regnum,
949 2177 992 2212 et
1008 2168 1098 2227 ipse
1113 2167 1414 2213 dominabitur

26 2260 44 2283 »
80 2241 291 2300 gentium.
304 2241 467 2318 ”Ipsius
485 2249 564 2295 est,
578 2255 669 2284 non
682 2248 891 2284 vestrum
905 2238 1137 2297 Agnoscite
1150 2239 1409 2285 Dominum:

21 2313 240 2370 agnoscite
260 2311 574 2371 possessionem
596 2309 785 2355 Domini.

78 2386 245 2428 XXXI.
266 2383 351 2429 Sed
372 2392 415 2428 et
436 2398 527 2438 vos,
545 2382 647 2444 quia
667 2381 835 2442 privata
860 2390 1000 2426 vestia
1017 2381 1149 2426 vultis
1175 2382 1410 2441 possidere,

21 2461 67 2498 et
95 2469 186 2498 non
213 2453 436 2498 communi
466 2469 569 2498 cum
597 2454 770 2499 Christo
799 2453 989 2507 unitate,
1014 2452 1267 2510 (dominaii
1296 2454 1411 2497 enim

24 2523 154 2569 vultis
174 2524 221 2568 in
241 2532 371 2580 terra,
391 2538 481 2568 non
504 2538 606 2569 cum
628 2522 705 2568 illo
726 2524 772 2568 in
793 2522 908 2568 coelo
930 2538 1131 2583 regnare,
1148 2524 1166 2582 )
1186 2523 1414 2584 possidetis

70 2616 80 2635 ¹
100 2609 181 2644 Psal.
200 2620 236 2652 n,
256 2619 291 2652 7.
310 2626 352 2634 —-
368 2616 381 2633 ²
403 2608 490 2643 Ibid.
511 2612 543 2643 8.

211 2675 333 2706 cxlv.
1202 2664 1254 2703 20
