1833 3284
228 264 470 294 ENARRATio
503 269 535 294 ιι
568 269 611 295 nv
646 266 849 297 PsALMUM
882 271 1050 309 xxxm,
1084 270 1195 299 smmi
1228 273 1277 298 11.
1384 261 1468 300 527

80 341 238 392 corpus
272 332 491 377 Ecclesiae.
523 333 771 380 Clamemus
805 351 935 395 ergo,
960 336 1113 382 fratres
1130 373 1141 393 ,
1180 350 1281 382 cum
1305 339 1471 398 gemitu

80 412 298 462 quantum
333 418 582 462 possumus,
623 404 816 450 dicentes
843 425 851 450 :
881 425 902 449 «
925 407 1202 466 Magnificate
1233 409 1469 454 Dominum

83 489 105 514 »
139 483 307 517 mecum
323 508 333 528 ,
365 482 409 518 et
431 474 670 519 exaltemus
692 490 852 520 nomen
874 477 965 536 ejus
983 477 1029 520 in
1050 491 1206 522 unum.
1229 496 1250 520 »
1276 479 1469 524 Ecclesia

80 543 196 587 enim
225 542 307 588 illis
329 542 489 589 clamat
518 565 528 590 2
553 560 635 590 vox
656 554 720 590 est
740 545 967 603 Ecclesiae,
988 546 1184 593 clamans
1213 547 1297 593 illis
1324 549 1401 609 qui
1423 565 1468 594 se

79 613 387 674 praeciderunt.
416 615 540 659 Unde
573 615 687 660 enim
727 615 914 677 disrupti
936 620 1068 662 sunt?
1094 622 1175 663 Per
1197 620 1463 679 superbiam.

78 687 215 729 Docet
235 695 383 730 autem
405 686 601 731 Christus
623 687 931 743 humilitatem,
949 699 1048 732 cum
1071 690 1350 735 commendat
1372 706 1470 736 cors-

41 743 48 753 ι
77 770 160 815 pus
182 764 226 800 et
241 756 497 814 sanguinem
519 770 647 802 suum
673 777 682 803 ε
708 756 829 819 quod
850 758 1035 803 diximus
1058 759 1283 805 Sanctitati
1306 763 1469 805 Vestrae

77 826 124 871 in
154 827 238 871 hoc
258 826 415 871 Psalmi
437 837 560 872 textu
584 829 651 887 agi
672 837 715 873 et
751 828 992 886 celebrari,
1023 831 1102 874 ubi
1137 831 1470 876 commendatur

77 912 235 958 corpus
269 906 313 942 et
344 898 518 957 sanguis
553 899 741 955 Christi,
779 899 858 943 ubi
892 900 1227 946 commendatur
1247 902 1469 947 humilitas

77 969 258 1025 Christi,
284 985 416 1030 quam
437 985 517 1030 pro
539 971 664 1015 nobis
684 971 900 1031 suscipere
922 970 1126 1031 dignatus
1149 982 1228 1017 est.

135 1042 257 1085 VIII.
278 1060 297 1082 «
312 1041 521 1102 Inquisivi
539 1042 790 1097 Dominum,
810 1052 852 1087 et
870 1042 1089 1087 exaudivit
1105 1059 1175 1088 me
1191 1046 1220 1088 ¹.
1239 1063 1259 1085 >1
1283 1044 1368 1088 Ubi
1391 1060 1469 1088 exe-

77 1111 244 1157 audivit
265 1112 506 1157 Dominus?
522 1116 659 1157 Intus.
683 1114 767 1158 Ubi
792 1113 897 1158 dat?
919 1117 1056 1158 Intus.
1079 1115 1146 1158 Ibi
1170 1130 1264 1159 oras
1283 1150 1293 1170 ‚
1314 1115 1374 1159 ihi
1396 1131 1470 1159 ex-

78 1182 260 1239 audiris,
282 1183 343 1227 ibi
365 1183 636 1228 beatificaris.
661 1184 803 1228 Orasti
821 1220 830 1239 ,
857 1183 1084 1228 exauditus
1106 1200 1149 1229 es
1164 1220 1174 1240 ‚
1199 1185 1470 1230 beatificatus

76 1268 121 1298 es
138 1274 149 1312 3
169 1263 212 1298 et
236 1269 326 1298 non
347 1254 427 1298 scit
443 1254 517 1314 qui
532 1256 655 1314 juxta
673 1263 715 1297 te
739 1263 823 1298 stat
843 1273 852 1298 2
879 1263 1049 1313 gestum
1072 1264 1136 1299 est
1158 1263 1302 1299 totum
1323 1255 1368 1299 in
1395 1271 1470 1300 oc-

76 1324 218 1380 culto,
243 1325 354 1369 sicut
372 1324 583 1369 Dominus
603 1324 649 1369 in
667 1324 905 1384 Evangelio
925 1324 1030 1369 dicit
1049 1345 1057 1370 2
1089 1345 1108 1367 «
1131 1329 1250 1370 Intra
1273 1326 1317 1369 in
1340 1326 1469 1371 cubi-

79 1414 100 1439 »
135 1395 285 1441 culum
307 1405 434 1440 tuum
452 1431 463 1452 ‚
489 1395 644 1440 claude
668 1396 827 1440 ostium
850 1404 1001 1451 tuum,
1026 1406 1070 1440 et
1092 1412 1166 1440 ora
1189 1396 1235 1440 in
1264 1396 1437 1441 occulto
1454 1431 1465 1452 ‚

79 1485 99 1510 ι)
135 1477 179 1512 et
195 1471 322 1512 Pater
338 1476 440 1512 tuus
457 1467 533 1528 qui
549 1466 669 1511 videt
689 1467 735 1510 in
767 1466 962 1522 occulto⁷
989 1466 1145 1511 reddet
1166 1467 1285 1511 tibi2.
1309 1485 1330 1508 »
1356 1470 1469 1512 Cum

76 1553 180 1598 ergo
202 1539 336 1583 intras
359 1536 614 1582 cubiculum
636 1546 762 1581 tuum
780 1572 789 1591 ‚
826 1537 960 1581 intras
983 1552 1057 1581 cor
1078 1546 1220 1581 tuum.
1253 1538 1371 1581 Beati
1392 1537 1470 1598 qui

77 1610 269 1669 gaudent
289 1610 467 1671 quando
489 1609 652 1653 intrant
683 1607 739 1652 ad
772 1624 846 1652 cor
877 1624 1027 1664 suum,
1065 1618 1107 1652 et
1140 1608 1251 1652 nihil
1284 1608 1386 1652 mali
1406 1608 1471 1652 ibi

76 1681 320 1727 inveniunt.
354 1679 565 1725 Attendat
593 1680 803 1724 Sanctitas
831 1682 983 1724 Vestra
1015 1699 1024 1724 2
1049 1678 1282 1733 Quomodo
1310 1678 1470 1724 nolunt

7 1775 33 1780 >-
76 1752 238 1796 intrare
258 1751 412 1796 domos
439 1766 535 1795 suas
551 1786 561 1806 ‚
579 1749 656 1810 qui
684 1750 848 1794 habent
876 1750 1010 1794 malas
1040 1765 1192 1794 uxores
1208 1786 1218 1805 ‚
1245 1748 1469 1810 quomodo

76 1833 238 1868 exeunt
253 1821 310 1868 ad
325 1821 488 1878 forum,
505 1831 548 1866 et
563 1825 755 1881 gaudent
773 1842 783 1879 3
801 1821 937 1881 coepit
949 1822 1057 1866 hora
1074 1837 1179 1876 esse,
1196 1837 1282 1882 qua
1302 1821 1471 1865 intrent

76 1895 123 1939 in
144 1895 327 1939 domum
356 1908 478 1937 suam
494 1927 505 1948 ‚
543 1892 853 1936 contristantur
881 1911 889 1936 z
914 1891 1118 1936 intraturi
1139 1900 1241 1935 sunt
1273 1891 1390 1935 enim
1414 1891 1470 1935 ad

76 1965 206 2009 taedia
224 1999 235 2020 ,
269 1963 324 2008 ad
363 1978 586 2008 murmura
602 1998 612 2018 ‚
651 1961 705 2005 ad
738 1961 1046 2005 amaritudines
1061 1997 1072 2017 ,
1110 1961 1166 2005 ad
1199 1961 1468 2019 eversiones3

76 2035 178 2096 quia
198 2050 287 2079 non
309 2043 372 2079 est
386 2033 542 2078 domus
559 2031 813 2092 composita⁷
839 2031 916 2075 ubi
939 2031 1052 2075 inter
1063 2031 1206 2075 virum
1228 2040 1272 2075 et
1290 2046 1470 2075 uxorem

75 2121 161 2166 pax
196 2104 318 2150 nulla
341 2115 430 2164 est3
461 2113 505 2149 et
533 2103 687 2148 melius
717 2103 780 2147 illi
811 2112 874 2147 est
896 2102 999 2147 foris
1025 2102 1268 2147 circumire.
1301 2103 1343 2147 Si
1366 2117 1470 2161 ergo

75 2177 221 2222 miseri
241 2186 364 2232 sunt,
391 2175 467 2237 qui
489 2190 589 2220 cum
610 2174 798 2218 redeunt
819 2174 876 2218 ad
896 2173 1081 2233 parietes
1101 2188 1216 2228 suos,
1239 2173 1396 2217 timent
1415 2187 1471 2237 ne

77 2247 296 2309 aliquibus
329 2262 507 2292 suorum
540 2245 944 2306 perturbationibus
987 2253 1266 2301 evertantur3
1304 2252 1471 2304 quanto

76 2328 178 2364 sunt
199 2318 441 2363 miseriores
457 2353 467 2373 ‚
493 2317 570 2378 qui
587 2315 642 2361 ad
663 2315 972 2361 conscientiam
991 2331 1112 2359 suam
1129 2314 1271 2359 redire
1292 2313 1467 2369 nolunt,

64 2387 134 2434 'ne
152 2389 212 2433 ibi
225 2389 374 2433 litibus
389 2397 670 2448 peccatorum
693 2384 965 2431 evertantur!
981 2387 1098 2444 Ergo
1114 2395 1164 2429 ut
1182 2384 1315 2445 possis
1332 2383 1471 2428 libens

78 2462 220 2506 redire
243 2459 298 2505 ad
331 2476 405 2505 cor
431 2469 581 2515 tuum,
612 2457 776 2503 munda
810 2457 936 2501 illud.
966 2476 986 2500 «
1018 2458 1138 2501 Beati
1160 2458 1281 2501 enim
1316 2455 1471 2500 mundi

83 2547 104 2574 5)
134 2531 286 2586 corde,
312 2531 518 2591 quoniam
533 2530 616 2590 ipsi
634 2532 774 2574 Deum
795 2527 1050 2573 videbuntss.
1076 2546 1096 2570 »
1118 2526 1255 2573 Aufer
1270 2526 1373 2572 inde
1388 2542 1469 2572 cu-

130 2623 137 2638 ¹
162 2615 239 2648 Psal.
260 2625 369 2654 xxxin,
390 2614 420 2648 5.
438 2631 479 2637 -—
495 2621 507 2636 2
523 2613 634 2646 Matth.
658 2612 753 2654 v1‚(5.
775 2630 816 2635 —-
842 2609 921 2644 ΒΜ.
943 2622 976 2652 ν,
996 2612 1026 2644 8.
