1833 3284
249 241 490 269 ENARRATro
523 243 555 268 11
590 243 633 268 nv
667 243 869 269 PSALML‘M
903 243 1019 279 xxx,
1055 239 1180 267 SERM.
1220 243 1247 266 1.
1362 227 1440 265 391

62 309 270 368 eumjam
292 308 338 351 in
361 306 474 352 coelo
503 306 726 350 sedentem
748 307 895 351 nullus
922 308 1054 351 homo
1081 306 1310 364 tangebat,
1336 314 1450 364 quo'-

60 377 194 422 modo
224 393 324 422 cum
357 376 509 422 Saulus
538 377 585 420 in
616 387 726 422 terra
752 379 930 421 saeviens
956 377 1158 422 adversus
1186 375 1453 422 Christianos

0 499 3 512 ι
62 447 211 508 aliquo
228 447 361 493 modo
383 447 540 508 injuria
558 447 848 508 percellebat?
867 451 965 493 Non
987 448 1045 492 ait
1069 468 1077 492 :
1109 467 1129 490 α
1151 447 1268 502 Quid
1284 456 1453 492 sanctos

63 534 199 574 meos,
224 512 333 579 quid
352 533 495 563 servos
511 534 628 563 meos
645 540 655 576 3
681 538 700 560 ))
717 518 792 563 sed
807 554 818 574 ,
845 538 865 561 «
886 518 1004 572 Quid
1026 533 1095 562 me
1111 517 1398 577 persequeris,
1428 533 1450 556 n

0 596 1 600 ’
68 590 153 634 1100
170 598 248 645 est,
269 589 378 650 quid
389 589 584 633 membra
602 591 722 633 mea?
738 591 881 649 Caput
899 605 976 648 pro
993 588 1200 632 membris
1217 587 1450 642 clamabat,

69 670 113 705 et
148 660 346 704 membra
375 660 421 704 in
454 675 498 704 se
526 670 659 721 eaput
684 661 1036 718 transfigurabat.
1072 662 1233 704 Vocem
1265 674 1457 719 namque

68 729 188 791 pedis
208 730 386 790 suscipit
403 729 569 790 lingua.
594 731 781 785 Quando
804 730 918 776 forte
938 731 984 774 in
996 730 1126 774 turba
1148 730 1360 775 contritus
1382 744 1456 789 pes

68 800 188 846 dolet
203 836 215 857 ,
245 800 404 846 clamat
422 800 573 860 lingua
597 819 605 842 :
633 800 784 847 Caleas
809 817 895 846 me.
920 804 1019 847 Non
1046 802 1163 845 enim
1187 801 1247 845 ait
1267 820 1276 845 2
1305 800 1456 845 Galeas

67 870 226 931 pedem
252 886 425 930 meum,
447 870 522 916 sed
547 887 591 916 se
623 870 734 916 dixit
765 871 947 927 calcari,
978 887 1110 932 quam
1133 886 1263 915 nemo
1297 871 1456 930 tetigit.

70 935 156 988 Sed
175 958 251 1003 pes
272 943 350 1003 qui
366 941 556 988 calcatus
577 952 668 998 est,
689 960 712 988 a
731 942 882 1003 lingua
898 959 989 988 non
1010 952 1232 1004 separatus
1246 952 1324 987 est.
1340 945 1458 1001 Ergo

67 1006 198 1058 etiam
226 1013 286 1058 sic
306 1029 397 1058 non
418 1013 657 1073 incongrue
685 1012 943 1073 intelligitur
962 1014 1116 1059 extasis
1132 1049 1143 1069 ,
1168 1029 1318 1073 pavor.
1342 1014 1460 1066 Quid

67 1084 186 1129 enim
207 1083 374 1140 dicam,
398 1084 585 1130 fratres?
615 1085 658 1131 Si
692 1084 840 1130 nullus
869 1085 1048 1130 omnino
1071 1101 1206 1145 pavor
1227 1094 1337 1129 esset
1356 1099 1457 1144 pas-

67 1155 199 1211 suris,
219 1155 436 1200 diceretur
461 1156 543 1215 ipsi
559 1159 689 1201 Petro
705 1191 715 1210 ,
743 1156 865 1216 quod
897 1155 1141 1200 audivimus
1169 1154 1302 1199 natali
1317 1158 1458 1214 Apos-

66 1226 258 1272 tolorum
279 1226 349 1272 die
367 1263 379 1283 ‚
403 1227 582 1288 quando
604 1227 643 1270 ei
665 1228 876 1272 Dominus
898 1226 1099 1287 praedixit
1117 1226 1313 1272 futuram
1336 1241 1459 1271 suam

66 1298 310 1358 passionem
336 1317 345 1343 ε
370 1317 391 1341 «
415 1300 528 1343 Cum
551 1314 662 1343 esses
679 1298 849 1358 junior,
875 1299 1077 1356 cingebas
1099 1308 1141 1343 te
1157 1334 1167 1353 ,
1194 1308 1236 1343 et
1262 1298 1352 1342 ibas
1370 1314 1460 1359 quo

70 1388 90 1411 »
115 1369 319 1428 volebas,
343 1385 444 1414 cum
459 1379 605 1414 autem
619 1370 762 1414 senior
775 1369 915 1414 factus
932 1370 1082 1425 fueris,
1103 1369 1212 1414 alter
1232 1379 1275 1413 te
1296 1369 1457 1428 cinget,

70 1458 90 1481 »
117 1449 161 1484 et
182 1440 316 1485 ducet
336 1456 426 1501 quo
448 1450 497 1485 tu
518 1457 608 1486 non
626 1441 717 1485 vis?
732 1444 826 1485 Hoe
848 1450 1010 1496 autem,
1027 1441 1187 1501 inquit,
1204 1439 1310 1485 dixit
1328 1440 1461 1499 signi-

69 1528 90 1552 »
116 1510 248 1555 fieans
269 1527 356 1571 qua
376 1520 517 1555 morte
536 1514 816 1556 moreretur2.
843 1531 862 1553 »
879 1515 996 1570 Ergo
1011 1512 1044 1555 si
1064 1514 1216 1555 Petrus
1239 1510 1460 1570 apostolus

68 1590 187 1626 tanta
209 1580 476 1641 perfectione
506 1598 596 1642 quo
631 1581 769 1627 nollet
801 1583 849 1626 iit
877 1582 1029 1627 nolens
1046 1618 1056 1637 ,
1082 1582 1234 1627 nolens
1262 1592 1462 1627 mortuus

67 1661 151 1708 est,
182 1651 258 1696 sed
279 1651 428 1697 volens
456 1662 688 1697 coronatus
716 1662 805 1708 est,
833 1653 941 1714 quid
964 1654 1122 1697 mirum
1153 1654 1186 1697 si
1214 1661 1277 1697 est
1308 1652 1462 1713 aliquis

66 1737 200 1782 pavor
213 1722 260 1766 in
280 1721 478 1782 passione
495 1723 626 1767 etiam
633 1724 872 1783 justorum,
894 1724 1023 1768 etiam
1039 1734 1304 1768 sanctorum.
1323 1727 1462 1768 Pavor

66 1802 132 1837 est
164 1809 215 1837 ex
229 1793 435 1852 gliumana
468 1793 746 1848 infirmitate,
782 1809 877 1854 spes
906 1809 959 1838 ex
981 1793 1127 1839 divina
1160 1794 1459 1854 promissione.

5 1863 7 1866 ’
67 1862 197 1918 Quod
214 1879 344 1924 paves
376 1873 503 1908 tuum
525 1874 613 1919 est,
642 1863 763 1924 quod
789 1880 933 1924 speras
955 1864 1124 1909 donum
1146 1865 1224 1909 Dei
1246 1874 1310 1908 est
1333 1865 1378 1908 in
1398 1874 1457 1909 te.

65 1927 124 1979 Et
144 1933 298 1995 melius
314 1934 361 1978 in
382 1950 542 1994 pavore
568 1944 646 1978 tuo
669 1935 862 1992 agnoscis
883 1945 948 1991 te,
973 1936 1083 1979 utin
1106 1935 1364 1979 liberatione
1386 1944 1463 1979 tua

67 2003 281 2064 glorifices
308 2005 385 2065 qui
409 2003 592 2049 fecitte.
625 2009 784 2049 Paveat
813 2006 1003 2050 humana
1030 2007 1281 2060 infirmitas,
1307 2006 1463 2051 nonin

67 2091 118 2120 co
142 2091 298 2135 pavore
320 2075 467 2120 deficit
480 2075 628 2120 divina
649 2075 957 2121 misericordia.
980 2077 1176 2137 Denique
1199 2092 1359 2137 pavens
1381 2077 1461 2121 iste

66 2146 168 2191 inde
189 2147 326 2207 coepit
346 2166 355 2191 :
380 2166 400 2189 «
422 2149 474 2190 In
496 2156 539 2190 te
554 2182 564 2201 ,
594 2147 800 2202 Domine,
826 2148 1009 2206 speravi,
1035 2163 1126 2191 non
1147 2146 1393 2196 confundar
1413 2148 1460 2191 in

69 2235 90 2261 »
109 2227 319 2262 aeternum
331 2221 364 2262 ².
386 2216 554 2262 Videtis
571 2218 674 2278 quia
693 2227 736 2262 et
758 2228 902 2278 pavet,
924 2228 967 2263 et
985 2228 1127 2279 sperat
1146 2239 1154 2263 :
1179 2217 1333 2263 videtis
1355 2220 1458 2279 quia

4 2346 6 2349 y
67 2304 200 2349 pavor
218 2290 297 2333 iste
318 2304 409 2333 non
424 2298 488 2333 est
508 2290 597 2333 sine
619 2304 709 2349 spe.
733 2290 912 2334 Etiamsi
935 2299 997 2334 est
1027 2289 1172 2350 aliqua
1196 2290 1242 2334 in
1264 2290 1459 2335 humano

67 2360 199 2405 corde
219 2360 497 2405 conturbatio
514 2396 524 2416 ,
550 2377 641 2405 non
658 2361 820 2406 recedit
843 2361 989 2405 divina
1006 2361 1262 2409 consolatio.

126 2432 202 2474 IV.
237 2431 452 2491 Loquitur
486 2431 557 2474 hie
589 2446 692 2490 ergo
728 2431 924 2476 Christus
962 2432 1006 2475 in
1035 2432 1283 2491 Propheta,
1313 2429 1454 2476 audeo

14 2560 18 2562 η
68 2501 234 2556 dicere,
264 2502 460 2547 Christus
492 2501 703 2562 loquitur.
736 2503 940 2548 Dicturus
969 2513 1032 2547 est
1060 2502 1264 2564 quaedam
1302 2503 1348 2547 in
1376 2503 1460 2547 hoe

116 2593 124 2607 ¹
143 2588 236 2619 Joan.
253 2597 319 2627 xxi,
343 2587 393 2618 18.
418 2604 460 2609 --
482 2595 493 2608 '¹
515 2586 592 2619 Psal.
615 2598 691 2627 xxx,
712 2596 744 2618 2.
