1833 3284
328 258 411 297 544
761 272 794 296 s.
831 268 1061 297 Aucusnm
1095 271 1274 298 Emscom

325 334 427 379 fidei
461 343 615 378 vestrm
652 334 696 377 in
733 334 875 393 poenis
913 334 1139 379 ardentem
1174 335 1365 380 animam
1396 334 1562 391 divitis,
1590 352 1723 397 quam

325 404 433 448 nihil
451 405 715 464 adjuverunt
737 420 886 449 omnes
904 406 1090 449 honores
1113 414 1156 449 ot
1178 406 1403 466 obsequia,
1428 423 1528 467 quae
1546 417 1721 452 mortuo

325 475 499 533 corpori
522 475 614 534 ejus
636 474 873 519 viventium
896 476 1062 520 vanitas
1085 476 1289 535 praebuit.

384 548 546 589 XXVI.
567 545 651 590 Sed
670 546 771 606 quia
788 545 926 590 multa
948 556 1050 591 sunt
1069 563 1225 605 genera
1251 556 1526 607 pcccatorum
1540 583 1550 603 ‚
1572 558 1614 592 et
1632 564 1721 593 non

324 632 414 660 esse
436 625 709 675 peecatorem
736 616 913 660 difficile
936 626 1024 671 est,
1047 626 1123 661 aut
1150 616 1326 662 fortasse
1350 618 1394 661 in
1418 618 1498 663 hac
1521 619 1608 663 vita
1631 635 1720 664 non

322 686 553 746 possibile,
580 687 767 746 subjecit
798 687 944 731 statim
964 688 1087 747 cujus
1118 687 1285 746 generis
1308 697 1585 748 peccatorum
1610 698 1721 734 esset

322 773 438 802 mors
476 757 674 816 pessima.
707 776 726 798 «
751 759 808 801 Et
829 757 905 817 qui
936 758 1309 814 oderuntjustum
1327 794 1337 814 ‚
1374 759 1544 819 inquit,
1583 758 1720 803 delin-

324 846 344 869 »
381 837 519 889 quent
535 830 564 871 ¹.
586 846 605 869 »
625 829 964 888 Quemjustum‚
984 828 1065 872 nisi
1081 844 1181 872 eum
1201 829 1275 889 qui
1294 829 1464 889 judicat
1486 829 1719 889 impium‘2?

322 902 463 952 Quem
482 899 646 957 justum
665 934 676 953 ,
712 899 793 943 nisi
813 900 1049 943 Dominum
1082 902 1232 943 Jesum
1255 900 1477 944 Christum
1494 935 1504 954 ‚
1544 901 1621 960 qui
1656 910 1720 946 est

320 970 449 1013 ctiam
475 969 724 1029 propitiatio
747 979 1027 1029 peccatorum
1046 973 1320 1014 nostrorum³
1336 972 1353 1014 Ρ
1369 970 1454 1023 Qui
1473 986 1575 1029 ergo
1600 971 1718 1016 hunc

321 1039 536 1096 oderunt,
560 1050 745 1084 mortem
770 1041 998 1099 pessimam
1024 1041 1188 1084 habent
1209 1060 1217 1084 :
1244 1040 1344 1100 quia
1364 1041 1611 1099 inpeccatis
1633 1042 1717 1085 suis

318 1112 569 1155 moriuntur
585 1147 595 1167 ,
622 1112 697 1172 qui
720 1128 797 1172 per
827 1127 926 1155 eum
952 1115 1041 1155 Deo
1064 1122 1213 1156 nostro
1236 1128 1325 1155 non
1350 1111 1685 1156 reconciliantur
1705 1133 1713 1158 :

323 1202 342 1225 α
369 1183 572 1227 'Redimet
606 1184 721 1227 enim
758 1185 967 1228 Dominus
1003 1184 1165 1233 animas
1188 1199 1411 1228 servorum
1435 1200 1613 1228 suorum
1630 1185 1660 1228 ⁴.
1691 1202 1711 1226 »

321 1254 573 1299 Secundum
596 1255 784 1298 animam
813 1255 928 1298 enim
953 1254 1235 1312 intelligenda
1254 1264 1318 1299 est
1341 1271 1456 1299 mors
1481 1265 1557 1299 aut
1579 1255 1714 1315 pessi-

318 1341 387 1370 ma
405 1361 416 1382 ,
443 1336 517 1370 aut
535 1327 722 1386 optima3
756 1342 845 1370 non
869 1327 1111 1370 secundum
1132 1342 1366 1385 corporum
1392 1336 1467 1371 aut
1489 1336 1715 1371 contume-

315 1396 414 1453 lias,
452 1406 527 1441 aut
560 1398 745 1441 honores
781 1413 890 1457 quos
922 1397 1121 1441 homines
1150 1397 1315 1441 vident.
1348 1416 1366 1438 «
1389 1400 1552 1441 Etnon
1574 1397 1713 1441 delin—

318 1486 337 1509 »
375 1477 515 1528 quent
543 1484 693 1512 omnes
722 1467 799 1528 qui
839 1476 1016 1527 sperant
1051 1467 1096 1510 in
1125 1470 1271 1511 eum-5.
1298 1486 1316 1509 υ
1345 1471 1430 1512 Iste
1465 1477 1528 1511 est
1557 1467 1711 1513 modus

313 1540 520 1584 humanae
549 1539 756 1600 justitiae,
792 1547 841 1582 ut
869 1538 958 1582 vita
988 1537 1182 1582 mortalis
1214 1538 1541 1598 quantumlibet
1574 1539 1710 1598 profi-

314 1610 453 1660 ciens,
493 1611 594 1671 quia
626 1610 718 1655 sine
740 1609 901 1653 delicto
924 1625 1013 1653 esso
1041 1624 1130 1653 non
1154 1618 1323 1668 potest,
1349 1609 1392 1652 in
1415 1610 1498 1653 hoc
1521 1626 1610 1653 non
1632 1610 1711 1654 de·-

312 1681 510 1742 linquat,
540 1682 646 1726 dum
668 1690 811 1742 sperat
835 1681 880 1725 in
902 1697 1025 1737 eum,
1050 1680 1095 1724 in
1117 1697 1206 1741 quo
1229 1689 1292 1725 est
1310 1681 1500 1726 remissio
1523 1680 1708 1727 delicto-

312 1768 424 1796 rum.
451 1756 606 1797 Amen.

366 1856 373 1872 ¹
391 1850 470 1882 psal.
488 1858 666 1892 xxx111‚22.
687 1865 726 1871 —
751 1855 764 1872 ²
781 1851 871 1881 Itoni.
891 1859 937 1890 ιν,
953 1847 984 1880 5.
998 1866 1040 1871 -
1057 1846 1069 1871 3
1088 1860 1098 1879 1
1124 1851 1268 1891 Joan.11‚
1288 1857 1319 1882 2.
1340 1866 1381 1871 —
1396 1847 1410 1874 -4
1427 1848 1507 1882 Psal.
1526 1859 1634 1892 xxmu,
1648 1850 1701 1882 23.

310 1925 352 1930 —
368 1904 382 1929 5
401 1906 484 1938 lbid.

606 2243 710 2275 FINIS
733 2243 831 2276 TOM!
858 2243 1070 2275 CENJESIMI
1096 2243 1420 2281 DEClMt-QUARTI.
