1833 3284
372 224 456 265 304
821 233 855 261 s.
892 233 1121 263 Aucuszrrm
1154 236 1335 263 Emscori

369 301 555 347 dicibus.
575 298 714 344 Hodie
735 308 919 343 currunt
942 315 1093 344 omnes
1109 298 1163 344 ad
1177 300 1431 356 Ecclesiam,
1454 301 1585 345 hodic
1607 317 1757 346 omncs

367 372 525 419 intenti
543 371 730 416 audiunt
753 369 988 425 Psalmum,
1007 386 1155 416 omnes
1173 386 1378 431 suspenso
1397 370 1529 415 corde
1551 371 1752 417 audiunt.

369 442 454 489 Sed
477 442 544 487 fac
567 442 668 503 quia
686 458 775 487 non
797 441 1067 486 suntintcnti
1089 461 1097 486 :
1123 441 1341 502 numquid
1359 457 1473 486 unus
1493 458 1642 487 versus
1664 452 1752 487 est:

370 533 387 554 «
424 514 914 567 Commemorabuntur‚
940 521 982 556 ct
1000 522 1309 557 convertentur
1327 512 1381 557 ad
1398 513 1633 557 Dominum
1655 513 1756 558 uni-

370 605 387 627 »
422 585 533 629 versi
555 585 662 628 fines
684 585 837 627 terrae?
864 604 880 625 »
905 582 1094 642 Evigilas
1110 619 1121 638 ‚
1148 582 1224 627 sed
1251 584 1396 628 adhuc
1419 583 1548 629 fricas
1571 584 1721 630 oculos
1742 604 1751 629 :

368 674 386 694 «
422 657 479 699 Et
502 654 749 699 adorabunt
774 653 817 697 in
846 662 1083 713 conspectu
1111 654 1202 714 ejus
1229 655 1442 700 universae
1465 654 1616 715 patriae
1646 671 1755 714 gen-

367 744 386 766 »
421 725 548 769 tium.
570 727 773 769 »Excute
795 739 999 769 somnum
1014 759 1025 779 ,
1050 724 1195 769 adhuc
1220 725 1423 784 gravaris,
1450 725 1552 769 audi
1572 745 1580 770 :
1602 745 1619 766 «
1640 728 1757 779 Quo-

365 813 385 835 »
420 795 537 839 niam
552 795 728 840 Domini
740 804 803 839 est
817 809 1018 854 regnum,
1033 795 1177 855 etipse
1190 795 1490 840 dominabitur
1505 796 1715 856 gentium.
1733 817 1751 839 ›>

418 868 561 910 XXX.
589 866 632 911 Si
655 875 718 910 est
747 865 890 910 adhuc
911 865 1033 926 quod
1055 865 1218 921 dicant,
1243 867 1387 911 nescio
1418 886 1427 911 ;
1458 866 1631 926 litigent
1654 882 1755 911 cum

362 936 592 997 Scripturis
607 972 618 992 ‚
643 952 733 981 non
750 936 995 980 nobiscum.
1022 939 1135 981 Ecce
1158 936 1295 981 codex
1315 937 1428 998 ipse⁷
1454 947 1605 983 contra
1626 936 1752 982 illum

359 1017 542 1053 certent.
573 1008 658 1053 Ubi
680 1017 744 1052 est
762 1008 912 1067 lingua
942 1027 951 1052 :
976 1010 1062 1052 Nos
1096 1008 1359 1053 servavimus
1395 1009 1665 1068 Scripturas,
1698 1023 1754 1052 ne

357 1079 588 1123 arderent?
613 1081 800 1124 Servatae
829 1086 952 1135 sunt,
984 1076 1103 1122 unde
1129 1088 1179 1122 tu
1207 1078 1372 1123 ardeas.
1402 1077 1520 1132 Quid
1548 1080 1755 1124 servasti?

357 1151 515 1210 Aperi,
544 1150 638 1209 lege
659 1170 667 1195 :
691 1160 738 1195 tu
756 1151 959 1205 servasti,
986 1159 1029 1194 ct
1052 1159 1099 1194 tu
1118 1166 1360 1210 oppugnas.
1394 1150 1512 1204 Quid
1534 1150 1712 1196 servasti
1729 1166 1754 1194 a

357 1222 552 1277 flamma,
579 1221 701 1282 quod
722 1220 867 1266 delere
896 1221 961 1265 vis
994 1220 1169 1279 lingua?
1196 1224 1295 1266 Non
1317 1220 1470 1277 credo,
1502 1237 1593 1265 non
1621 1220 1753 1266 credo

355 1292 458 1352 quia
480 1293 655 1337 servasti
678 1308 686 1334 ε
708 1308 883 1352 prorsus
900 1307 991 1336 non
1012 1291 1145 1336 credo
1159 1327 1169 1346 ‚
1191 1308 1282 1336 non
1299 1292 1490 1337 servasti.
1518 1291 1752 1336 Verissime

356 1363 511 1408 dicunt
533 1363 690 1418 nostri,
726 1364 829 1424 quia
864 1372 914 1407 tu
943 1361 1175 1407 tradidisti.
1203 1362 1283 1406 Ille
1307 1363 1521 1422 probatur
1550 1363 1748 1419 traditor,

354 1430 433 1494 qui
445 1434 558 1480 lecto
576 1444 836 1479 testamento
850 1450 940 1479 non
957 1435 1167 1494 sequitur.
1186 1437 1297 1478 Ecce
1314 1433 1491 1493 legitur,
1507 1443 1550 1478 et
1567 1450 1748 1494 sequor·⁷

353 1503 528 1564 legitur,
554 1515 597 1550 et
619 1521 803 1550 recusas.
830 1507 964 1566 Cujus
986 1521 1140 1549 manus
1171 1503 1286 1549 misit
1317 1505 1363 1549 in
1396 1506 1643 1550 flammam?
1665 1504 1751 1558 Qui

353 1575 521 1631 credit,
547 1586 591 1621 et
616 1577 836 1637 sequitur3
862 1592 917 1620 an
940 1576 1016 1636 qui
1049 1575 1169 1620 dolet
1195 1576 1296 1636 quia
1319 1586 1382 1620 est
1404 1576 1526 1636 quod
1555 1576 1750 1634 legatur?

353 1647 464 1693 Nolo
486 1648 593 1692 scire
615 1649 712 1709 quis
741 1649 997 1704 servaverit,
1026 1647 1335 1708 undecumque
1356 1647 1558 1693 inventus
1587 1657 1650 1692 est
1672 1663 1749 1693 co-

353 1718 435 1762 dex
451 1753 461 1773 ,
486 1728 797 1763 testamentum
817 1719 949 1778 patris
972 1718 1107 1763 nostri
1129 1719 1230 1762 exiit
1246 1718 1301 1762 de
1321 1718 1519 1778 qualibet
1535 1734 1718 1764 caverna
1735 1739 1745 1764 z

352 1789 496 1833 nescio
519 1789 595 1849 qui
615 1788 731 1833 fures
754 1789 906 1833 tollere
931 1789 1162 1844 volebant⁷
1188 1789 1334 1833 nescio
1357 1790 1433 1849 qui
1452 1799 1748 1849 persecutores

352 1858 582 1905 incendere
609 1860 846 1905 volebant:
869 1859 1181 1920 undecumque
1208 1859 1428 1919 prolatum
1447 1869 1532 1915 est,
1557 1859 1742 1919 legatur.

351 1933 496 1983 Quare
529 1930 698 1989 litigas?
724 1935 896 1975 Fratres
926 1946 1095 1985 sumus,
1121 1946 1256 1990 quare
1283 1930 1534 1989 litigamus?
1556 1934 1653 1976 Non
1674 1931 1744 1975 in-

353 2011 529 2047 testatus
549 2013 750 2048 mortuus
764 2013 827 2047 est
839 2012 977 2063 pater.
1004 2002 1127 2047 Fecit
1145 2011 1470 2058 testamentum,
1488 2012 1531 2047 et
1552 2003 1611 2047 sic
1634 2018 1745 2047 mor-

354 2082 451 2117 tuus
476 2083 540 2119 est
565 2090 574 2115 :
601 2083 800 2119 mortuus
823 2083 910 2129 est,
937 2084 980 2118 et
1003 2074 1248 2118 resurrexit.
1272 2073 1442 2118 Tandiu
1464 2074 1745 2118 contenditur

350 2144 405 2187 de
427 2145 681 2190 haereditate
703 2155 978 2190 mortuorum
995 2180 1006 2200 7
1035 2145 1233 2205 quandiu
1254 2153 1565 2190 testamentum
1594 2144 1744 2204 profe-

350 2224 470 2259 ratur
491 2216 535 2259 in
557 2215 783 2276 publicum
801 2237 811 2274 3
839 2225 883 2260 et
904 2231 1005 2260 cum
1032 2225 1344 2260 testamentum
1366 2215 1587 2276 prolatum
1609 2214 1744 2261 fuerit

348 2286 394 2330 in
416 2288 646 2346 publicum
665 2325 675 2344 ‚
698 2297 844 2333 tacent
866 2303 1015 2333 omnes
1030 2323 1040 2343 ‚
1073 2297 1124 2332 ut
1145 2288 1310 2331 tabulae
1334 2288 1584 2347 aperiantur
1605 2297 1649 2332 et
1671 2304 1742 2333 re-

347 2357 537 2403 citentur
556 2379 565 2404 ε
591 2358 727 2419 judex
743 2360 936 2405 intentus
955 2357 1098 2413 audit,
1122 2358 1321 2403 advocati
1343 2359 1496 2415 silent,
1517 2375 1740 2419 praecones

348 2427 568 2473 silentium
604 2430 793 2485 faciunt,
828 2430 1054 2474 universus
1081 2428 1271 2489 populus
1299 2444 1530 2489 suspensus
1566 2439 1652 2485 θεῖ,
1688 2438 1740 2474 ut

345 2497 546 2556 legantur
560 2500 692 2545 verba
712 2501 888 2555 mortui,
909 2516 999 2544 non
1021 2500 1244 2544 sentientis
1265 2499 1312 2543 in
1333 2509 1633 2545 monumento.
1658 2500 1738 2544 Ille

347 2569 437 2614 sine
457 2587 585 2616 sensu
607 2572 723 2632 jacet
744 2572 789 2616 in
815 2581 1130 2634 monumento,
1162 2580 1206 2616 et
1234 2571 1383 2616 valent
1410 2572 1542 2616 verba
1570 2571 1700 2632 ipsius
1722 2591 1731 2616 2

1828 1715 1833 1755 Ξ

1828 1770 1833 1813 ἑ

1829 1818 1833 1840 ε

1824 1968 1833 1994 4

1830 2074 1833 2088 1

1826 1998 1833 2058 ³

1812 2091 1833 2790 ἐ

1808 2886 1821 3072 ἑ
