1833 3284
377 234 456 271 158
801 240 835 267 S.
872 239 1104 268 mensum
1136 241 1319 268 Emscom

373 322 513 368 usque
536 306 645 350 adeo
667 303 912 359 confessus,
932 313 983 348 ut
1009 304 1139 348 etiam
1160 306 1327 350 moneri
1349 319 1448 350 suos
1469 303 1622 358 vellet,
1650 313 1700 348 ut
1721 319 1766 349 se

374 395 397 422 a
421 377 611 437 peccatis
633 377 910 430 cohiberent,
932 384 1111 435 propter
1133 390 1286 435 poenas
1315 391 1423 436 quas
1456 374 1574 434 apud
1606 373 1768 419 inferos

372 464 462 492 esse
494 464 584 493 11011
615 447 845 492 creditur¹.
873 446 1078 500 Quamvis
1106 461 1207 504 ergo
1235 446 1416 502 frustra,
1448 444 1671 491 confessus
1705 454 1769 489 est

373 528 520 563 tamen
543 519 625 563 sibi
647 519 802 562 merito
830 517 903 561 illa
926 517 1129 561 accidisse
1159 526 1404 574 tormenta,
1435 515 1615 577 quando
1638 516 1769 560 etiam

374 605 474 634 suos
496 605 551 634 ne
575 590 620 633 in
642 590 736 633 haec
755 588 1014 642 inciderent,
1031 587 1177 632 doceri
1195 589 1416 649 cupiebat.
1434 588 1552 642 Quid
1568 601 1669 645 ergo
1687 595 1768 642 est,

377 679 398 702 «
436 663 453 703 Ι
459 676 487 703 11
505 660 679 703 inferno
697 668 843 702 autem
863 658 960 718 quis
978 659 1261 703 confitebitur
1282 659 1396 703 tibi?
1416 678 1435 700 »
1457 662 1526 703 An
1547 655 1772 702 infernum

376 731 470 775 vult
491 729 697 787 intelligi,
729 745 819 790 quo
847 739 945 788 post
962 730 1179 789 judicium
1202 731 1598 790 praecipitabuntur
1624 727 1769 788 impii,

374 801 452 844 ubi
469 806 560 857 jam
583 809 762 859 propter
786 799 1095 859 profundiores
1117 801 1316 844 tenebras
1339 800 1506 844 nullam
1529 800 1607 844 Dei
1629 797 1774 842 lucem

373 870 610 926 videbunt,
631 871 702 914 cui
726 870 892 931 aliquid
920 871 1244 915 confiteantur?
1264 874 1376 916 Nam
1403 871 1483 914 iste
1515 870 1659 914 adhuc
1682 867 1772 912 ele-

374 942 484 986 vatis
507 941 662 997 oculis,
678 941 878 1001 quamvis
895 941 1076 984 immani
1097 940 1319 1001 profundo
1340 941 1614 1000 interposito,
1630 938 1776 999 potuit

376 1021 523 1056 tamen
553 1012 703 1056 videre
736 1016 947 1056 Lazarum
984 1012 1030 1055 in
1062 1013 1213 1073 requie
1234 1011 1523 1056 constitutum
1546 1030 1554 1055 :
1580 1025 1633 1054 ex
1654 1011 1776 1070 cujus

376 1084 725 1143 comparatione,
758 1083 813 1127 ad
851 1082 1171 1128 confessionem
1210 1093 1386 1128 coactus
1422 1095 1483 1126 est
1519 1082 1776 1126 meritorum

377 1169 572 1198 suorum.
597 1157 743 1198 Potest
761 1153 892 1197 etiam
909 1153 1022 1198 illud
1036 1153 1241 1212 intelligi,
1262 1163 1313 1197 111
1324 1162 1510 1198 mortem
1530 1161 1657 1196 vocet
1674 1166 1778 1211 pec-

377 1235 542 1280 eatum,
564 1225 687 1285 quod
708 1234 962 1285 contempta
984 1225 1131 1270 divina
1152 1225 1246 1283 lege
1262 1224 1555 1270 committitur
1576 1242 1585 1268 ε
1605 1232 1655 1267 111
1670 1238 1775 1267 acu-

375 1295 495 1340 leum
520 1296 673 1339 mortis
694 1305 882 1340 mortem
916 1295 1210 1356 appellemus,
1237 1296 1357 1356 quod
1378 1293 1565 1339 mortem
1594 1309 1776 1353 compa-

378 1376 457 1410 ret.
484 1365 671 1412 Aculeus
700 1367 818 1410 enim
847 1367 998 1410 mortis
1027 1370 1300 1426 peccatum2.
1328 1370 1379 1410 In
1402 1382 1489 1427 qua
1516 1373 1657 1409 morte
1690 1365 1774 1408 hoc

378 1448 554 1482 estesse
584 1439 885 1482 immemorem
907 1438 1010 1493 Dei,
1035 1437 1176 1496 legem
1209 1439 1300 1498 ejus
1337 1447 1381 1482 et
1417 1445 1641 1497 praecepta<
1668 1452 1775 1481 con-

378 1519 571 1553 temnere
588 1529 596 1554 :
619 1519 670 1553 ut
691 1508 916 1554 infernum
939 1509 1116 1561 dixerit,
1137 1510 1375 1554 caecitatem
1394 1509 1542 1564 animi,
1563 1524 1664 1569 quae
1677 1523 1777 1568 pec-

380 1589 574 1635 cantem,
607 1580 654 1624 id
674 1589 761 1635 est,
792 1580 1053 1624 morientem
1087 1581 1247 1639 excipit
1279 1589 1323 1624 et
1354 1580 1572 1624 involvit:
1602 1598 1622 1622 α
1658 1579 1777 1624 Sicut

381 1669 402 1693 »
439 1667 530 1696 11011
549 1651 860 1711 probaverunt,
878 1651 1038 1711 inquit,
1055 1652 1217 1696 habere
1235 1654 1373 1696 Deum
1398 1651 1442 1694 in
1464 1650 1634 1705 notitia,
1655 1649 1778 1694 dedit

382 1741 402 1763 n
438 1721 536 1766 illos
553 1725 668 1766 Deus
691 1721 737 1764 in
759 1721 997 1781 reprobum
1026 1723 1241 1765 sensumss.
1262 1740 1282 1762 »
1305 1721 1373 1765 Ab
1396 1721 1475 1765 ista
1498 1729 1638 1765 morte
1660 1730 1704 1764 et
1721 1720 1777 1764 ab

379 1793 461 1837 isto
493 1791 667 1836 inserno
701 1801 840 1836 tutam
874 1808 918 1836 se
950 1792 1136 1852 praeberi
1167 1792 1310 1836 anima
1347 1790 1628 1851 deprecatur,
1668 1790 1777 1834 dum

382 1863 563 1907 molitur
584 1863 913 1907 conversionem
938 1862 993 1906 ad
1016 1866 1174 1918 Deum,
1199 1872 1243 1907 et
1263 1863 1395 1906 sentit
1416 1862 1713 1907 difficultates.

441 1936 542 1977 VII.
556 1936 833 1992 Quapropter
847 1933 1054 1988 contexit,
1076 1933 1249 1978 dicens:
1271 1933 1533 1977 «‘Laboravi
1551 1933 1595 1976 in
1611 1931 1777 1991 gemitu
1829 1950 1833 1995 ς

381 2024 400 2046 »
437 2020 551 2048 11100.
576 2023 596 2044 »
629 2007 686 2048 Et
708 2013 917 2064 tanquam
941 2020 1096 2063 parum
1120 2002 1362 2064 profuerit,
1385 2003 1535 2059 addit,
1563 2012 1606 2047 et
1639 2002 1772 2057 dicit,

386 2094 406 2116 «
442 2075 619 2119 Lavabo
648 2089 726 2134 per
759 2074 950 2133 singulas
977 2083 1125 2119 noctes
1147 2073 1310 2118 lectum
1341 2090 1489 2118 meum
1506 2076 1537 2118 4.
1561 2093 1582 2115 »
1619 2077 1777 2118 Lectus
1829 2104 1832 2106 -

383 2155 447 2190 est
469 2147 552 2191 hoc
574 2145 672 2191 loco
696 2145 938 2206 appellatus
961 2146 1039 2189 ubi
1061 2145 1291 2206 requiescit
1316 2147 1485 2190 animus
1508 2160 1622 2203 aeger
1641 2154 1684 2189 et
1705 2145 1777 2188 in-

383 2218 533 2261 firmus
549 2253 559 2272 ,
585 2216 631 2260 id
653 2226 742 2271 est,
770 2217 816 2260 in
840 2215 1065 2276 voluptate
1086 2217 1278 2275 corporis
1309 2226 1352 2261 et
1376 2217 1420 2260 in
1449 2217 1570 2261 omni
1591 2215 1777 2260 delecta-

385 2289 501 2332 tione
535 2286 747 2332 saeculari.
775 2290 917 2340 Quam
952 2286 1286 2331 delectationem
1315 2287 1517 2345 lacrymis
1549 2286 1664 2330 lavat
1701 2286 1777 2346 qui

382 2374 471 2402 sese
495 2359 548 2402 ab
567 2357 640 2402 illa
658 2368 842 2403 conatur
859 2358 1096 2402 extrahere.
1123 2357 1254 2402 Videt
1270 2358 1386 2403 enim
1395 2359 1486 2418 jam
1503 2373 1547 2402 se
1569 2357 1777 2402 damnare

382 2428 574 2473 carnales
605 2430 1002 2488 concupiscentias,
1029 2438 1072 2473 et
1101 2438 1249 2473 tamen
1287 2428 1578 2473 delectatione
1599 2437 1775 2472 tenetur

381 2499 608 2544 infirmitas
628 2535 638 2554 ,
676 2509 720 2544 et
750 2499 794 2543 in
825 2516 874 2544 ea
895 2498 1084 2543 libenter
1099 2500 1236 2559 jacet,
1262 2499 1382 2544 unde
1403 2514 1581 2558 surgere
1602 2499 1684 2544 nisi
1705 2515 1775 2543 sa-

430 2591 438 2606 ¹
459 2585 537 2616 Luc.
558 2594 623 2625 xvi,
646 2583 766 2616 23-31.
787 2601 830 2607 -—
850 2591 862 2606 ²
888 2595 899 2616 1
921 2585 994 2616 Cor.
1019 2595 1073 2625 xv,
1097 2583 1150 2616 56.
1169 2600 1210 2607 -
1226 2581 1239 2606 3
1255 2586 1346 2617 Rom.
1367 2594 1390 2625 1,
1410 2584 1464 2617 28.
1483 2599 1524 2607 -·-
1542 2582 1559 2613 4
1573 2583 1654 2616 Psal.
1675 2594 1717 2625 vi,
1739 2593 1770 2625 7.
