<?xml version="1.0" encoding="UTF-8"?>
<!DOCTYPE html PUBLIC "-//W3C//DTD XHTML 1.0 Transitional//EN"
    "http://www.w3.org/TR/xhtml1/DTD/xhtml1-transitional.dtd">
<html xmlns="http://www.w3.org/1999/xhtml" xml:lang="en" lang="en">
 <head>
  <title>
</title>
<meta http-equiv="Content-Type" content="text/html;charset=utf-8" />
  <meta name='ocr-system' content='tesseract 3.04.00' />
  <meta name='ocr-capabilities' content='ocr_page ocr_carea ocr_par ocr_line ocrx_word'/>
</head>
<body>
  <div class='ocr_page' id='page_1' title='image "./operaomniaaccura07auguuoft_0198.png"; bbox 0 0 1833 3284; ppageno 0'>
   <div class='ocr_carea' id='block_1_1' title="bbox 348 247 1298 287">
    <p class='ocr_par' dir='ltr' id='par_1_1' title="bbox 348 247 1298 287">
     <span class='ocr_line' id='line_1_1' title="bbox 348 247 1298 287; baseline -0.002 0"><span class='ocrx_word' id='word_1_1' title='bbox 348 250 366 287; x_wconf 83' lang='lat'><em>1</em></span> <span class='ocrx_word' id='word_1_2' title='bbox 377 247 431 287; x_wconf 88' lang='lat'>86</span> <span class='ocrx_word' id='word_1_3' title='bbox 785 256 818 285; x_wconf 86' lang='lat' dir='ltr'>s.</span> <span class='ocrx_word' id='word_1_4' title='bbox 855 256 1084 286; x_wconf 65' lang='lat' dir='ltr'>Avensa-nn</span> <span class='ocrx_word' id='word_1_5' title='bbox 1118 252 1298 286; x_wconf 70' lang='lat' dir='ltr'>Emseom</span> 
     </span>
    </p>
   </div>
   <div class='ocr_carea' id='block_1_2' title="bbox 343 320 1743 1166">
    <p class='ocr_par' dir='ltr' id='par_1_2' title="bbox 343 320 1743 1022">
     <span class='ocr_line' id='line_1_2' title="bbox 344 320 1734 384; baseline -0.002 -16"><span class='ocrx_word' id='word_1_6' title='bbox 344 325 465 369; x_wconf 90' lang='lat' dir='ltr'>venit</span> <span class='ocrx_word' id='word_1_7' title='bbox 486 323 609 384; x_wconf 85' lang='lat' dir='ltr'>quasi</span> <span class='ocrx_word' id='word_1_8' title='bbox 629 322 676 366; x_wconf 91' lang='lat' dir='ltr'>in</span> <span class='ocrx_word' id='word_1_9' title='bbox 705 321 934 367; x_wconf 87' lang='lat' dir='ltr'>calcatoria</span> <span class='ocrx_word' id='word_1_10' title='bbox 962 321 1309 367; x_wconf 80' lang='lat' dir='ltr'>torculariorum.</span> <span class='ocrx_word' id='word_1_11' title='bbox 1337 323 1404 367; x_wconf 87' lang='lat' dir='ltr'>Ibi</span> <span class='ocrx_word' id='word_1_12' title='bbox 1432 322 1548 366; x_wconf 90' lang='lat' dir='ltr'>enim</span> <span class='ocrx_word' id='word_1_13' title='bbox 1570 320 1734 367; x_wconf 84' lang='lat' dir='ltr'>discer-</span> 
     </span>
     <span class='ocr_line' id='line_1_3' title="bbox 343 391 1735 454; baseline -0.001 -16"><span class='ocrx_word' id='word_1_14' title='bbox 343 395 475 449; x_wconf 86' lang='lat' dir='ltr'>nitur,</span> <span class='ocrx_word' id='word_1_15' title='bbox 501 403 551 438; x_wconf 90' lang='lat' dir='ltr'>ut</span> <span class='ocrx_word' id='word_1_16' title='bbox 572 408 704 437; x_wconf 89' lang='lat' dir='ltr'>sonus</span> <span class='ocrx_word' id='word_1_17' title='bbox 726 408 865 454; x_wconf 86' lang='lat' dir='ltr'>usque</span> <span class='ocrx_word' id='word_1_18' title='bbox 891 391 946 437; x_wconf 90' lang='lat' dir='ltr'>ad</span> <span class='ocrx_word' id='word_1_19' title='bbox 969 408 1092 437; x_wconf 85' lang='lat' dir='ltr'>aures</span> <span class='ocrx_word' id='word_1_20' title='bbox 1113 393 1281 451; x_wconf 67' lang='lat' dir='ltr'>valcat,</span> <span class='ocrx_word' id='word_1_21' title='bbox 1316 393 1564 439; x_wconf 83' lang='lat' dir='ltr'>intellectus</span> <span class='ocrx_word' id='word_1_22' title='bbox 1587 402 1735 438; x_wconf 88' lang='lat' dir='ltr'>autem</span> 
     </span>
     <span class='ocr_line' id='line_1_4' title="bbox 343 463 1736 525; baseline -0.001 -16"><span class='ocrx_word' id='word_1_23' title='bbox 343 465 553 509; x_wconf 89' lang='lat' dir='ltr'>memoria</span> <span class='ocrx_word' id='word_1_24' title='bbox 574 479 724 509; x_wconf 88' lang='lat' dir='ltr'>eorum</span> <span class='ocrx_word' id='word_1_25' title='bbox 746 466 822 525; x_wconf 91' lang='lat' dir='ltr'>qui</span> <span class='ocrx_word' id='word_1_26' title='bbox 845 463 1029 508; x_wconf 81' lang='lat' dir='ltr'>audiunt</span> <span class='ocrx_word' id='word_1_27' title='bbox 1047 499 1058 519; x_wconf 97' lang='lat'>,</span> <span class='ocrx_word' id='word_1_28' title='bbox 1082 463 1203 509; x_wconf 87' lang='lat' dir='ltr'>velut</span> <span class='ocrx_word' id='word_1_29' title='bbox 1225 464 1417 525; x_wconf 88' lang='lat' dir='ltr'>quodam</span> <span class='ocrx_word' id='word_1_30' title='bbox 1439 464 1537 510; x_wconf 89' lang='lat' dir='ltr'>lacu</span> <span class='ocrx_word' id='word_1_31' title='bbox 1555 464 1736 524; x_wconf 76' lang='lat' dir='ltr'>excipia-</span> 
     </span>
     <span class='ocr_line' id='line_1_5' title="bbox 343 533 1740 594; baseline -0.001 -14"><span class='ocrx_word' id='word_1_32' title='bbox 343 545 438 593; x_wconf 74' lang='lat' dir='ltr'>tur,</span> <span class='ocrx_word' id='word_1_33' title='bbox 463 535 565 580; x_wconf 86' lang='lat' dir='ltr'>inde</span> <span class='ocrx_word' id='word_1_34' title='bbox 582 544 773 579; x_wconf 85' lang='lat' dir='ltr'>transeat</span> <span class='ocrx_word' id='word_1_35' title='bbox 790 535 834 578; x_wconf 92' lang='lat' dir='ltr'>in</span> <span class='ocrx_word' id='word_1_36' title='bbox 851 549 1025 578; x_wconf 89' lang='lat' dir='ltr'>morum</span> <span class='ocrx_word' id='word_1_37' title='bbox 1040 533 1311 594; x_wconf 82' lang='lat' dir='ltr'>disciplinam</span> <span class='ocrx_word' id='word_1_38' title='bbox 1330 545 1373 579; x_wconf 90' lang='lat' dir='ltr'>et</span> <span class='ocrx_word' id='word_1_39' title='bbox 1394 535 1595 580; x_wconf 88' lang='lat' dir='ltr'>habitum</span> <span class='ocrx_word' id='word_1_40' title='bbox 1616 549 1740 578; x_wconf 91' lang='lat' dir='ltr'>men-</span> 
     </span>
     <span class='ocr_line' id='line_1_6' title="bbox 343 603 1738 673; baseline -0.002 -21"><span class='ocrx_word' id='word_1_41' title='bbox 343 608 397 653; x_wconf 88' lang='lat' dir='ltr'>tis</span> <span class='ocrx_word' id='word_1_42' title='bbox 413 643 424 664; x_wconf 96' lang='lat'>,</span> <span class='ocrx_word' id='word_1_43' title='bbox 458 617 668 667; x_wconf 83' lang='lat' dir='ltr'>tanquam</span> <span class='ocrx_word' id='word_1_44' title='bbox 689 605 744 650; x_wconf 89' lang='lat' dir='ltr'>de</span> <span class='ocrx_word' id='word_1_45' title='bbox 772 605 872 650; x_wconf 90' lang='lat' dir='ltr'>lacu</span> <span class='ocrx_word' id='word_1_46' title='bbox 901 606 948 649; x_wconf 90' lang='lat' dir='ltr'>in</span> <span class='ocrx_word' id='word_1_47' title='bbox 972 603 1128 664; x_wconf 63' lang='lat' dir='ltr'>cellas,</span> <span class='ocrx_word' id='word_1_48' title='bbox 1159 606 1205 650; x_wconf 92' lang='lat' dir='ltr'>in</span> <span class='ocrx_word' id='word_1_49' title='bbox 1228 606 1389 667; x_wconf 86' lang='lat' dir='ltr'>quibus</span> <span class='ocrx_word' id='word_1_50' title='bbox 1418 606 1452 651; x_wconf 89' lang='lat' dir='ltr'>si</span> <span class='ocrx_word' id='word_1_51' title='bbox 1474 605 1738 673; x_wconf 78' lang='lat' dir='ltr'>negligentia</span> 
     </span>
     <span class='ocr_line' id='line_1_7' title="bbox 343 674 1739 738; baseline -0.002 -15"><span class='ocrx_word' id='word_1_52' title='bbox 343 693 434 723; x_wconf 90' lang='lat' dir='ltr'>non</span> <span class='ocrx_word' id='word_1_53' title='bbox 455 678 646 732; x_wconf 83' lang='lat' dir='ltr'>acuerit,</span> <span class='ocrx_word' id='word_1_54' title='bbox 670 685 886 721; x_wconf 81' lang='lat' dir='ltr'>vetustate</span> <span class='ocrx_word' id='word_1_55' title='bbox 916 676 1178 721; x_wconf 87' lang='lat' dir='ltr'>firmabitur.</span> <span class='ocrx_word' id='word_1_56' title='bbox 1210 677 1341 722; x_wconf 86' lang='lat' dir='ltr'>Acuit</span> <span class='ocrx_word' id='word_1_57' title='bbox 1369 692 1559 738; x_wconf 89' lang='lat' dir='ltr'>namque</span> <span class='ocrx_word' id='word_1_58' title='bbox 1588 676 1635 720; x_wconf 90' lang='lat' dir='ltr'>in</span> <span class='ocrx_word' id='word_1_59' title='bbox 1657 674 1739 720; x_wconf 81' lang='lat' dir='ltr'>Ju-</span> 
     </span>
     <span class='ocr_line' id='line_1_8' title="bbox 343 745 1737 808; baseline -0.003 -14"><span class='ocrx_word' id='word_1_60' title='bbox 343 748 472 805; x_wconf 83' lang='lat' dir='ltr'>daeis,</span> <span class='ocrx_word' id='word_1_61' title='bbox 495 757 539 793; x_wconf 87' lang='lat' dir='ltr'>et</span> <span class='ocrx_word' id='word_1_62' title='bbox 559 749 645 793; x_wconf 87' lang='lat' dir='ltr'>hoc</span> <span class='ocrx_word' id='word_1_63' title='bbox 672 757 794 793; x_wconf 86' lang='lat' dir='ltr'>aceto</span> <span class='ocrx_word' id='word_1_64' title='bbox 812 748 1049 794; x_wconf 87' lang='lat' dir='ltr'>Dominum</span> <span class='ocrx_word' id='word_1_65' title='bbox 1074 757 1338 808; x_wconf 87' lang='lat' dir='ltr'>potaverunt</span> <span class='ocrx_word' id='word_1_66' title='bbox 1352 750 1383 792; x_wconf 84' lang='lat'>¹.</span> <span class='ocrx_word' id='word_1_67' title='bbox 1404 751 1513 794; x_wconf 89' lang='lat' dir='ltr'>Nam</span> <span class='ocrx_word' id='word_1_68' title='bbox 1536 745 1650 791; x_wconf 89' lang='lat' dir='ltr'>illud</span> <span class='ocrx_word' id='word_1_69' title='bbox 1669 747 1737 790; x_wconf 91' lang='lat' dir='ltr'>vi-</span> 
     </span>
     <span class='ocr_line' id='line_1_9' title="bbox 344 818 1740 881; baseline -0.003 -15"><span class='ocrx_word' id='word_1_70' title='bbox 344 835 450 866; x_wconf 91' lang='lat' dir='ltr'>num</span> <span class='ocrx_word' id='word_1_71' title='bbox 473 818 593 881; x_wconf 90' lang='lat' dir='ltr'>quod</span> <span class='ocrx_word' id='word_1_72' title='bbox 613 818 668 864; x_wconf 90' lang='lat' dir='ltr'>de</span> <span class='ocrx_word' id='word_1_73' title='bbox 691 821 969 879; x_wconf 80' lang='lat' dir='ltr'>generatione</span> <span class='ocrx_word' id='word_1_74' title='bbox 991 820 1089 865; x_wconf 88' lang='lat' dir='ltr'>vitis</span> <span class='ocrx_word' id='word_1_75' title='bbox 1110 821 1220 865; x_wconf 87' lang='lat' dir='ltr'>Novi</span> <span class='ocrx_word' id='word_1_76' title='bbox 1241 819 1505 865; x_wconf 85' lang='lat' dir='ltr'>Testamenti</span> <span class='ocrx_word' id='word_1_77' title='bbox 1519 818 1740 863; x_wconf 85' lang='lat' dir='ltr'>bibiturus</span> 
     </span>
     <span class='ocr_line' id='line_1_10' title="bbox 344 888 1743 950; baseline -0.002 -14"><span class='ocrx_word' id='word_1_78' title='bbox 344 899 408 936; x_wconf 85' lang='lat' dir='ltr'>est</span> <span class='ocrx_word' id='word_1_79' title='bbox 430 905 530 935; x_wconf 90' lang='lat' dir='ltr'>cum</span> <span class='ocrx_word' id='word_1_80' title='bbox 550 889 708 935; x_wconf 88' lang='lat' dir='ltr'>sanctis</span> <span class='ocrx_word' id='word_1_81' title='bbox 732 890 817 934; x_wconf 88' lang='lat' dir='ltr'>suis</span> <span class='ocrx_word' id='word_1_82' title='bbox 833 890 1045 936; x_wconf 86' lang='lat' dir='ltr'>Dominus</span> <span class='ocrx_word' id='word_1_83' title='bbox 1069 890 1115 935; x_wconf 92' lang='lat' dir='ltr'>in</span> <span class='ocrx_word' id='word_1_84' title='bbox 1135 905 1269 950; x_wconf 83' lang='lat' dir='ltr'>regno</span> <span class='ocrx_word' id='word_1_85' title='bbox 1283 890 1420 935; x_wconf 88' lang='lat' dir='ltr'>Patris</span> <span class='ocrx_word' id='word_1_86' title='bbox 1439 890 1506 935; x_wconf 91' lang='lat' dir='ltr'>sui</span> <span class='ocrx_word' id='word_1_87' title='bbox 1522 893 1555 945; x_wconf 72' lang='lat'>2,</span> <span class='ocrx_word' id='word_1_88' title='bbox 1577 888 1743 934; x_wconf 83' lang='lat' dir='ltr'>suavis-</span> 
     </span>
     <span class='ocr_line' id='line_1_11' title="bbox 344 962 1351 1022; baseline -0.001 -14"><span class='ocrx_word' id='word_1_89' title='bbox 344 963 505 1009; x_wconf 89' lang='lat' dir='ltr'>simum</span> <span class='ocrx_word' id='word_1_90' title='bbox 530 971 662 1022; x_wconf 87' lang='lat' dir='ltr'>atque</span> <span class='ocrx_word' id='word_1_91' title='bbox 683 962 979 1010; x_wconf 87' lang='lat' dir='ltr'>firmissimum</span> <span class='ocrx_word' id='word_1_92' title='bbox 999 962 1052 1007; x_wconf 86' lang='lat' dir='ltr'>sit</span> <span class='ocrx_word' id='word_1_93' title='bbox 1073 977 1245 1007; x_wconf 87' lang='lat' dir='ltr'>necesse</span> <span class='ocrx_word' id='word_1_94' title='bbox 1273 972 1351 1007; x_wconf 86' lang='lat' dir='ltr'>est.</span> 
     </span>
    </p>

    <p class='ocr_par' dir='ltr' id='par_1_3' title="bbox 345 1032 1741 1166">
     <span class='ocr_line' id='line_1_12' title="bbox 405 1032 1741 1094; baseline -0.001 -17"><span class='ocrx_word' id='word_1_95' title='bbox 405 1036 488 1078; x_wconf 88' lang='grc' dir='ltr'><strong>ΙΙΙ.</strong></span> <span class='ocrx_word' id='word_1_96' title='bbox 519 1032 669 1078; x_wconf 88' lang='lat' dir='ltr'>Solent</span> <span class='ocrx_word' id='word_1_97' title='bbox 695 1032 833 1094; x_wconf 84' lang='lat' dir='ltr'>accipi</span> <span class='ocrx_word' id='word_1_98' title='bbox 856 1033 1089 1079; x_wconf 82' lang='lat' dir='ltr'>torcularia</span> <span class='ocrx_word' id='word_1_99' title='bbox 1117 1034 1246 1079; x_wconf 85' lang='lat' dir='ltr'>etiam</span> <span class='ocrx_word' id='word_1_100' title='bbox 1269 1033 1502 1092; x_wconf 86' lang='lat' dir='ltr'>martyria,</span> <span class='ocrx_word' id='word_1_101' title='bbox 1530 1042 1741 1093; x_wconf 84' lang='lat' dir='ltr'>tanquam</span> 
     </span>
     <span class='ocr_line' id='line_1_13' title="bbox 345 1103 1741 1166; baseline -0.001 -17"><span class='ocrx_word' id='word_1_102' title='bbox 345 1103 582 1150; x_wconf 85' lang='lat' dir='ltr'>afflictione</span> <span class='ocrx_word' id='word_1_103' title='bbox 611 1104 966 1164; x_wconf 82' lang='lat' dir='ltr'>persecutionum</span> <span class='ocrx_word' id='word_1_104' title='bbox 989 1103 1163 1150; x_wconf 88' lang='lat' dir='ltr'>calcatis</span> <span class='ocrx_word' id='word_1_105' title='bbox 1189 1105 1247 1149; x_wconf 87' lang='lat' dir='ltr'>eis</span> <span class='ocrx_word' id='word_1_106' title='bbox 1263 1141 1274 1161; x_wconf 95' lang='lat'>,</span> <span class='ocrx_word' id='word_1_107' title='bbox 1299 1105 1376 1166; x_wconf 92' lang='lat' dir='ltr'>qui</span> <span class='ocrx_word' id='word_1_108' title='bbox 1395 1104 1556 1150; x_wconf 85' lang='lat' dir='ltr'>Christi</span> <span class='ocrx_word' id='word_1_109' title='bbox 1579 1119 1741 1148; x_wconf 91' lang='lat' dir='ltr'>nomen</span> 
     </span>
    </p>
   </div>
   <div class='ocr_carea' id='block_1_3' title="bbox 344 1173 1813 1236">
    <p class='ocr_par' dir='ltr' id='par_1_4' title="bbox 344 1173 1813 1236">
     <span class='ocr_line' id='line_1_14' title="bbox 344 1173 1813 1236; baseline -0.001 -17"><span class='ocrx_word' id='word_1_110' title='bbox 344 1173 530 1220; x_wconf 86' lang='lat' dir='ltr'>confessi</span> <span class='ocrx_word' id='word_1_111' title='bbox 552 1184 679 1231; x_wconf 88' lang='lat' dir='ltr'>sunt,</span> <span class='ocrx_word' id='word_1_112' title='bbox 712 1175 911 1220; x_wconf 86' lang='lat' dir='ltr'>mortalia</span> <span class='ocrx_word' id='word_1_113' title='bbox 941 1191 1093 1221; x_wconf 88' lang='lat' dir='ltr'>eorum</span> <span class='ocrx_word' id='word_1_114' title='bbox 1124 1185 1335 1236; x_wconf 82' lang='lat' dir='ltr'>tanquam</span> <span class='ocrx_word' id='word_1_115' title='bbox 1363 1175 1530 1221; x_wconf 84' lang='lat' dir='ltr'>vinacia</span> <span class='ocrx_word' id='word_1_116' title='bbox 1560 1175 1606 1220; x_wconf 90' lang='lat' dir='ltr'>in</span> <span class='ocrx_word' id='word_1_117' title='bbox 1628 1183 1743 1220; x_wconf 88' lang='lat' dir='ltr'>terra</span> <span class='ocrx_word' id='word_1_118' title='bbox 1809 1205 1813 1209; x_wconf 39' lang='grc' dir='ltr'><strong><em>ι</em></strong></span> 
     </span>
    </p>
   </div>
   <div class='ocr_carea' id='block_1_4' title="bbox 344 1246 1747 2019">
    <p class='ocr_par' dir='ltr' id='par_1_5' title="bbox 344 1246 1744 1804">
     <span class='ocr_line' id='line_1_15' title="bbox 348 1246 1743 1308; baseline 0 -18"><span class='ocrx_word' id='word_1_119' title='bbox 348 1246 636 1291; x_wconf 81' lang='lat' dir='ltr'>remanserInt</span> <span class='ocrx_word' id='word_1_120' title='bbox 652 1282 663 1302; x_wconf 91' lang='lat'>,</span> <span class='ocrx_word' id='word_1_121' title='bbox 701 1247 857 1292; x_wconf 85' lang='lat' dir='ltr'>animae</span> <span class='ocrx_word' id='word_1_122' title='bbox 886 1256 1032 1292; x_wconf 87' lang='lat' dir='ltr'>autem</span> <span class='ocrx_word' id='word_1_123' title='bbox 1058 1247 1105 1291; x_wconf 90' lang='lat' dir='ltr'>in</span> <span class='ocrx_word' id='word_1_124' title='bbox 1135 1247 1330 1308; x_wconf 79' lang='lat' dir='ltr'>requiem</span> <span class='ocrx_word' id='word_1_125' title='bbox 1355 1246 1544 1292; x_wconf 85' lang='lat' dir='ltr'>coelestis</span> <span class='ocrx_word' id='word_1_126' title='bbox 1570 1246 1743 1291; x_wconf 84' lang='lat' dir='ltr'>habita-</span> 
     </span>
     <span class='ocr_line' id='line_1_16' title="bbox 344 1316 1742 1378; baseline 0 -17"><span class='ocrx_word' id='word_1_127' title='bbox 344 1317 473 1362; x_wconf 88' lang='lat' dir='ltr'>tionis</span> <span class='ocrx_word' id='word_1_128' title='bbox 502 1317 814 1362; x_wconf 87' lang='lat' dir='ltr'>emanaverint.</span> <span class='ocrx_word' id='word_1_129' title='bbox 844 1317 929 1363; x_wconf 90' lang='lat' dir='ltr'>Sed</span> <span class='ocrx_word' id='word_1_130' title='bbox 958 1333 1101 1378; x_wconf 87' lang='lat' dir='ltr'>neque</span> <span class='ocrx_word' id='word_1_131' title='bbox 1135 1318 1221 1363; x_wconf 86' lang='lat' dir='ltr'>isto</span> <span class='ocrx_word' id='word_1_132' title='bbox 1250 1316 1478 1362; x_wconf 85' lang='lat' dir='ltr'>intellectu</span> <span class='ocrx_word' id='word_1_133' title='bbox 1505 1317 1561 1362; x_wconf 87' lang='lat' dir='ltr'>ab</span> <span class='ocrx_word' id='word_1_134' title='bbox 1586 1316 1742 1362; x_wconf 86' lang='lat' dir='ltr'>Eccle-</span> 
     </span>
     <span class='ocr_line' id='line_1_17' title="bbox 344 1388 1744 1448; baseline 0 -14"><span class='ocrx_word' id='word_1_135' title='bbox 344 1389 506 1434; x_wconf 89' lang='lat' dir='ltr'>siarum</span> <span class='ocrx_word' id='word_1_136' title='bbox 539 1389 877 1434; x_wconf 84' lang='lat' dir='ltr'>fructificatione</span> <span class='ocrx_word' id='word_1_137' title='bbox 918 1390 1168 1434; x_wconf 85' lang='lat' dir='ltr'>disceditur.</span> <span class='ocrx_word' id='word_1_138' title='bbox 1218 1388 1421 1433; x_wconf 87' lang='lat' dir='ltr'>Psallitur</span> <span class='ocrx_word' id='word_1_139' title='bbox 1458 1404 1561 1448; x_wconf 81' lang='lat' dir='ltr'>ergo</span> <span class='ocrx_word' id='word_1_140' title='bbox 1609 1408 1629 1430; x_wconf 89' lang='lat'>«</span> <span class='ocrx_word' id='word_1_141' title='bbox 1659 1392 1744 1434; x_wconf 92' lang='lat' dir='ltr'>Pro</span> 
     </span>
     <span class='ocr_line' id='line_1_18' title="bbox 348 1459 1743 1521; baseline 0.002 -19"><span class='ocrx_word' id='word_1_142' title='bbox 348 1479 369 1502; x_wconf 82' lang='lat'>»</span> <span class='ocrx_word' id='word_1_143' title='bbox 405 1459 713 1516; x_wconf 82' lang='lat' dir='ltr'>torcularibus,</span> <span class='ocrx_word' id='word_1_144' title='bbox 739 1480 759 1503; x_wconf 90' lang='lat'>»</span> <span class='ocrx_word' id='word_1_145' title='bbox 786 1477 864 1521; x_wconf 88' lang='lat' dir='ltr'>pro</span> <span class='ocrx_word' id='word_1_146' title='bbox 882 1460 1089 1506; x_wconf 78' lang='lat' dir='ltr'>Ecclesiae</span> <span class='ocrx_word' id='word_1_147' title='bbox 1105 1461 1414 1506; x_wconf 87' lang='lat' dir='ltr'>constitutione</span> <span class='ocrx_word' id='word_1_148' title='bbox 1430 1496 1440 1516; x_wconf 92' lang='lat'>,</span> <span class='ocrx_word' id='word_1_149' title='bbox 1467 1476 1569 1505; x_wconf 88' lang='lat' dir='ltr'>cum</span> <span class='ocrx_word' id='word_1_150' title='bbox 1591 1461 1743 1505; x_wconf 89' lang='lat' dir='ltr'>Domi-</span> 
     </span>
     <span class='ocr_line' id='line_1_19' title="bbox 345 1531 1743 1593; baseline 0.001 -18"><span class='ocrx_word' id='word_1_151' title='bbox 345 1547 428 1576; x_wconf 90' lang='lat' dir='ltr'>nus</span> <span class='ocrx_word' id='word_1_152' title='bbox 445 1541 608 1588; x_wconf 88' lang='lat' dir='ltr'>noster,</span> <span class='ocrx_word' id='word_1_153' title='bbox 630 1541 863 1593; x_wconf 87' lang='lat' dir='ltr'>postquam</span> <span class='ocrx_word' id='word_1_154' title='bbox 883 1533 1130 1588; x_wconf 80' lang='lat' dir='ltr'>resurrexit,</span> <span class='ocrx_word' id='word_1_155' title='bbox 1157 1532 1354 1577; x_wconf 88' lang='lat' dir='ltr'>ascendit</span> <span class='ocrx_word' id='word_1_156' title='bbox 1379 1532 1424 1576; x_wconf 90' lang='lat' dir='ltr'>in</span> <span class='ocrx_word' id='word_1_157' title='bbox 1450 1531 1599 1576; x_wconf 84' lang='lat' dir='ltr'>coelos.</span> <span class='ocrx_word' id='word_1_158' title='bbox 1621 1534 1743 1577; x_wconf 84' lang='lat' dir='ltr'>Tunc</span> 
     </span>
     <span class='ocr_line' id='line_1_20' title="bbox 346 1602 1744 1665; baseline 0.001 -19"><span class='ocrx_word' id='word_1_159' title='bbox 346 1603 464 1647; x_wconf 87' lang='lat' dir='ltr'>enim</span> <span class='ocrx_word' id='word_1_160' title='bbox 483 1603 597 1648; x_wconf 87' lang='lat' dir='ltr'>misit</span> <span class='ocrx_word' id='word_1_161' title='bbox 617 1604 827 1664; x_wconf 84' lang='lat' dir='ltr'>Spiritum</span> <span class='ocrx_word' id='word_1_162' title='bbox 845 1613 1044 1649; x_wconf 88' lang='lat' dir='ltr'>sanctum</span> <span class='ocrx_word' id='word_1_163' title='bbox 1061 1640 1071 1660; x_wconf 89' lang='lat'>,</span> <span class='ocrx_word' id='word_1_164' title='bbox 1097 1620 1186 1665; x_wconf 89' lang='lat' dir='ltr'>quo</span> <span class='ocrx_word' id='word_1_165' title='bbox 1210 1603 1377 1664; x_wconf 82' lang='lat' dir='ltr'>impleti</span> <span class='ocrx_word' id='word_1_166' title='bbox 1399 1602 1625 1664; x_wconf 84' lang='lat' dir='ltr'>Discipuli,</span> <span class='ocrx_word' id='word_1_167' title='bbox 1642 1619 1744 1648; x_wconf 88' lang='lat' dir='ltr'>eum</span> 
     </span>
     <span class='ocr_line' id='line_1_21' title="bbox 345 1673 1743 1734; baseline 0.001 -16"><span class='ocrx_word' id='word_1_168' title='bbox 345 1673 507 1719; x_wconf 87' lang='lat' dir='ltr'>fiducia</span> <span class='ocrx_word' id='word_1_169' title='bbox 529 1675 880 1734; x_wconf 83' lang='lat' dir='ltr'>praedicaverunt</span> <span class='ocrx_word' id='word_1_170' title='bbox 901 1677 1097 1721; x_wconf 85' lang='lat' dir='ltr'>Verbum</span> <span class='ocrx_word' id='word_1_171' title='bbox 1120 1677 1223 1732; x_wconf 92' lang='lat' dir='ltr'>Dei,</span> <span class='ocrx_word' id='word_1_172' title='bbox 1254 1684 1305 1721; x_wconf 93' lang='lat' dir='ltr'>ut</span> <span class='ocrx_word' id='word_1_173' title='bbox 1332 1675 1536 1721; x_wconf 83' lang='lat' dir='ltr'>Ecclesiae</span> <span class='ocrx_word' id='word_1_174' title='bbox 1559 1690 1743 1734; x_wconf 83' lang='lat' dir='ltr'>congre-</span> 
     </span>
     <span class='ocr_line' id='line_1_22' title="bbox 349 1755 571 1804; baseline 0.009 -16"><span class='ocrx_word' id='word_1_175' title='bbox 349 1755 571 1804; x_wconf 83' lang='lat' dir='ltr'>garentur.</span> 
     </span>
    </p>

    <p class='ocr_par' dir='ltr' id='par_1_6' title="bbox 347 1816 1747 2019">
     <span class='ocr_line' id='line_1_23' title="bbox 408 1816 1746 1877; baseline 0.001 -18"><span class='ocrx_word' id='word_1_176' title='bbox 408 1818 484 1860; x_wconf 91' lang='lat' dir='ltr'>IV.</span> <span class='ocrx_word' id='word_1_177' title='bbox 512 1819 666 1877; x_wconf 85' lang='lat' dir='ltr'>Itaque</span> <span class='ocrx_word' id='word_1_178' title='bbox 688 1816 850 1861; x_wconf 87' lang='lat' dir='ltr'>dicitur</span> <span class='ocrx_word' id='word_1_179' title='bbox 882 1837 890 1862; x_wconf 90' lang='lat'>:</span> <span class='ocrx_word' id='word_1_180' title='bbox 926 1836 946 1860; x_wconf 90' lang='lat'>«</span> <span class='ocrx_word' id='word_1_181' title='bbox 971 1817 1156 1862; x_wconf 89' lang='lat' dir='ltr'>Domine</span> <span class='ocrx_word' id='word_1_182' title='bbox 1181 1816 1393 1861; x_wconf 89' lang='lat' dir='ltr'>Dominus</span> <span class='ocrx_word' id='word_1_183' title='bbox 1421 1825 1586 1872; x_wconf 88' lang='lat' dir='ltr'>noster,</span> <span class='ocrx_word' id='word_1_184' title='bbox 1611 1831 1746 1877; x_wconf 85' lang='lat' dir='ltr'>quarn</span> 
     </span>
     <span class='ocr_line' id='line_1_24' title="bbox 350 1886 1746 1941; baseline 0.004 -14"><span class='ocrx_word' id='word_1_185' title='bbox 350 1904 371 1927; x_wconf 84' lang='lat'>»</span> <span class='ocrx_word' id='word_1_186' title='bbox 407 1886 662 1931; x_wconf 85' lang='lat' dir='ltr'>admirabile</span> <span class='ocrx_word' id='word_1_187' title='bbox 682 1896 745 1931; x_wconf 88' lang='lat' dir='ltr'>est</span> <span class='ocrx_word' id='word_1_188' title='bbox 765 1902 926 1932; x_wconf 88' lang='lat' dir='ltr'>nomen</span> <span class='ocrx_word' id='word_1_189' title='bbox 942 1896 1070 1932; x_wconf 88' lang='lat' dir='ltr'>tuum</span> <span class='ocrx_word' id='word_1_190' title='bbox 1089 1888 1133 1931; x_wconf 88' lang='lat' dir='ltr'>in</span> <span class='ocrx_word' id='word_1_191' title='bbox 1147 1887 1347 1932; x_wconf 85' lang='lat' dir='ltr'>universa</span> <span class='ocrx_word' id='word_1_192' title='bbox 1368 1890 1522 1932; x_wconf 76' lang='lat' dir='ltr'>terra3.</span> <span class='ocrx_word' id='word_1_193' title='bbox 1544 1906 1564 1929; x_wconf 92' lang='lat'>»</span> <span class='ocrx_word' id='word_1_194' title='bbox 1586 1889 1746 1941; x_wconf 66' lang='lat' dir='ltr'>Quaero</span> 
     </span>
     <span class='ocr_line' id='line_1_25' title="bbox 347 1955 1747 2019; baseline 0.001 -19"><span class='ocrx_word' id='word_1_195' title='bbox 347 1955 467 2000; x_wconf 88' lang='lat' dir='ltr'>unde</span> <span class='ocrx_word' id='word_1_196' title='bbox 501 1957 555 2001; x_wconf 89' lang='lat' dir='ltr'>sit</span> <span class='ocrx_word' id='word_1_197' title='bbox 589 1956 845 2002; x_wconf 86' lang='lat' dir='ltr'>admirabile</span> <span class='ocrx_word' id='word_1_198' title='bbox 867 1974 1029 2003; x_wconf 90' lang='lat' dir='ltr'>nomen</span> <span class='ocrx_word' id='word_1_199' title='bbox 1057 1959 1148 2019; x_wconf 82' lang='lat' dir='ltr'>ejus</span> <span class='ocrx_word' id='word_1_200' title='bbox 1176 1958 1222 2003; x_wconf 88' lang='lat' dir='ltr'>in</span> <span class='ocrx_word' id='word_1_201' title='bbox 1248 1959 1446 2003; x_wconf 83' lang='lat' dir='ltr'>universa</span> <span class='ocrx_word' id='word_1_202' title='bbox 1478 1960 1617 2003; x_wconf 74' lang='lat' dir='ltr'>terra?</span> <span class='ocrx_word' id='word_1_203' title='bbox 1640 1961 1747 2003; x_wconf 89' lang='lat' dir='ltr'>Res-</span> 
     </span>
    </p>
   </div>
   <div class='ocr_carea' id='block_1_5' title="bbox 348 2029 1791 2090">
    <p class='ocr_par' dir='ltr' id='par_1_7' title="bbox 348 2024 1817 2090">
     <span class='ocr_line' id='line_1_26' title="bbox 348 2029 1791 2090; baseline 0.001 -17"><span class='ocrx_word' id='word_1_204' title='bbox 348 2029 570 2088; x_wconf 82' lang='lat' dir='ltr'>pondetur</span> <span class='ocrx_word' id='word_1_205' title='bbox 597 2050 605 2074; x_wconf 80' lang='lat'>2</span> <span class='ocrx_word' id='word_1_206' title='bbox 636 2049 654 2070; x_wconf 92' lang='lat'>«</span> <span class='ocrx_word' id='word_1_207' title='bbox 678 2031 895 2083; x_wconf 88' lang='lat' dir='ltr'>Quoniam</span> <span class='ocrx_word' id='word_1_208' title='bbox 911 2029 1077 2075; x_wconf 86' lang='lat' dir='ltr'>elevata</span> <span class='ocrx_word' id='word_1_209' title='bbox 1100 2039 1160 2075; x_wconf 89' lang='lat' dir='ltr'>est</span> <span class='ocrx_word' id='word_1_210' title='bbox 1180 2031 1505 2090; x_wconf 83' lang='lat' dir='ltr'>magnificentia</span> <span class='ocrx_word' id='word_1_211' title='bbox 1526 2039 1601 2075; x_wconf 83' lang='lat' dir='ltr'>tua</span> <span class='ocrx_word' id='word_1_212' title='bbox 1618 2045 1747 2090; x_wconf 89' lang='lat' dir='ltr'>super</span> <span class='ocrx_word' id='word_1_213' title='bbox 1786 2083 1791 2089; x_wconf 26' lang='grc' dir='ltr'>ι</span> 
     </span>
    </p>
   </div>
   <div class='ocr_carea' id='block_1_6' title="bbox 351 2098 1746 2379">
    <p class='ocr_par' dir='ltr' id='par_1_8' title="bbox 351 2098 1746 2379">
     <span class='ocr_line' id='line_1_27' title="bbox 353 2098 1746 2162; baseline 0.004 -23"><span class='ocrx_word' id='word_1_214' title='bbox 353 2117 373 2140; x_wconf 87' lang='grc'>»</span> <span class='ocrx_word' id='word_1_215' title='bbox 410 2098 544 2143; x_wconf 85' lang='lat' dir='ltr'>coelos</span> <span class='ocrx_word' id='word_1_216' title='bbox 559 2100 590 2144; x_wconf 70' lang='lat'>4.</span> <span class='ocrx_word' id='word_1_217' title='bbox 620 2117 641 2140; x_wconf 60' lang='grc' dir='ltr'>ι)</span> <span class='ocrx_word' id='word_1_218' title='bbox 665 2102 722 2145; x_wconf 89' lang='lat' dir='ltr'>Ut</span> <span class='ocrx_word' id='word_1_219' title='bbox 740 2101 819 2145; x_wconf 89' lang='lat' dir='ltr'>iste</span> <span class='ocrx_word' id='word_1_220' title='bbox 843 2101 896 2145; x_wconf 87' lang='lat' dir='ltr'>sit</span> <span class='ocrx_word' id='word_1_221' title='bbox 923 2117 1097 2145; x_wconf 83' lang='lat' dir='ltr'>sensus:</span> <span class='ocrx_word' id='word_1_222' title='bbox 1124 2101 1330 2157; x_wconf 87' lang='lat' dir='ltr'>Domine,</span> <span class='ocrx_word' id='word_1_223' title='bbox 1357 2102 1432 2162; x_wconf 89' lang='lat' dir='ltr'>qui</span> <span class='ocrx_word' id='word_1_224' title='bbox 1463 2117 1506 2146; x_wconf 88' lang='lat' dir='ltr'>es</span> <span class='ocrx_word' id='word_1_225' title='bbox 1536 2101 1746 2146; x_wconf 90' lang='lat' dir='ltr'>Dominus</span> 
     </span>
     <span class='ocr_line' id='line_1_28' title="bbox 351 2171 1740 2234; baseline 0.001 -20"><span class='ocrx_word' id='word_1_226' title='bbox 351 2179 513 2225; x_wconf 85' lang='lat' dir='ltr'>noster,</span> <span class='ocrx_word' id='word_1_227' title='bbox 541 2186 675 2232; x_wconf 89' lang='lat' dir='ltr'>quam</span> <span class='ocrx_word' id='word_1_228' title='bbox 696 2179 739 2216; x_wconf 81' lang='lat' dir='ltr'>te</span> <span class='ocrx_word' id='word_1_229' title='bbox 774 2171 1046 2217; x_wconf 87' lang='lat' dir='ltr'>admirantur</span> <span class='ocrx_word' id='word_1_230' title='bbox 1068 2189 1218 2218; x_wconf 85' lang='lat' dir='ltr'>omnes</span> <span class='ocrx_word' id='word_1_231' title='bbox 1241 2174 1315 2234; x_wconf 89' lang='lat' dir='ltr'>qui</span> <span class='ocrx_word' id='word_1_232' title='bbox 1338 2173 1536 2218; x_wconf 87' lang='lat' dir='ltr'>incolunt</span> <span class='ocrx_word' id='word_1_233' title='bbox 1559 2173 1740 2217; x_wconf 80' lang='lat' dir='ltr'>terram!</span> 
     </span>
     <span class='ocr_line' id='line_1_29' title="bbox 351 2242 1746 2305; baseline 0.002 -20"><span class='ocrx_word' id='word_1_234' title='bbox 351 2242 561 2297; x_wconf 82' lang='lat' dir='ltr'>quoniam</span> <span class='ocrx_word' id='word_1_235' title='bbox 597 2252 672 2287; x_wconf 89' lang='lat' dir='ltr'>tua</span> <span class='ocrx_word' id='word_1_236' title='bbox 703 2244 1024 2304; x_wconf 85' lang='lat' dir='ltr'>magnificentia</span> <span class='ocrx_word' id='word_1_237' title='bbox 1057 2245 1112 2289; x_wconf 89' lang='lat' dir='ltr'>de</span> <span class='ocrx_word' id='word_1_238' title='bbox 1141 2253 1309 2289; x_wconf 87' lang='lat' dir='ltr'>terrena</span> <span class='ocrx_word' id='word_1_239' title='bbox 1343 2245 1589 2290; x_wconf 86' lang='lat' dir='ltr'>humilitate</span> <span class='ocrx_word' id='word_1_240' title='bbox 1615 2260 1746 2305; x_wconf 86' lang='lat' dir='ltr'>super</span> 
     </span>
     <span class='ocr_line' id='line_1_30' title="bbox 351 2313 1742 2379; baseline 0.002 -21"><span class='ocrx_word' id='word_1_241' title='bbox 351 2313 487 2359; x_wconf 77' lang='lat' dir='ltr'>coelos</span> <span class='ocrx_word' id='word_1_242' title='bbox 515 2314 679 2360; x_wconf 85' lang='lat' dir='ltr'>elevata</span> <span class='ocrx_word' id='word_1_243' title='bbox 701 2325 780 2360; x_wconf 86' lang='lat' dir='ltr'>est.</span> <span class='ocrx_word' id='word_1_244' title='bbox 808 2316 918 2361; x_wconf 86' lang='lat' dir='ltr'>Hinc</span> <span class='ocrx_word' id='word_1_245' title='bbox 943 2317 1058 2361; x_wconf 86' lang='lat' dir='ltr'>enim</span> <span class='ocrx_word' id='word_1_246' title='bbox 1087 2317 1287 2376; x_wconf 86' lang='lat' dir='ltr'>apparuit</span> <span class='ocrx_word' id='word_1_247' title='bbox 1316 2318 1412 2379; x_wconf 83' lang='lat' dir='ltr'>quis</span> <span class='ocrx_word' id='word_1_248' title='bbox 1442 2316 1714 2362; x_wconf 84' lang='lat' dir='ltr'>descenderis</span> <span class='ocrx_word' id='word_1_249' title='bbox 1731 2352 1742 2372; x_wconf 86' lang='lat'>,</span> 
     </span>
    </p>
   </div>
   <div class='ocr_carea' id='block_1_7' title="bbox 352 2385 1746 2500">
    <p class='ocr_par' dir='ltr' id='par_1_9' title="bbox 352 2385 1746 2500">
     <span class='ocr_line' id='line_1_31' title="bbox 352 2385 1746 2449; baseline 0.003 -21"><span class='ocrx_word' id='word_1_250' title='bbox 352 2399 453 2428; x_wconf 89' lang='lat' dir='ltr'>cum</span> <span class='ocrx_word' id='word_1_251' title='bbox 481 2401 504 2429; x_wconf 89' lang='lat' dir='ltr'>a</span> <span class='ocrx_word' id='word_1_252' title='bbox 527 2385 792 2446; x_wconf 87' lang='lat' dir='ltr'>quibusdam</span> <span class='ocrx_word' id='word_1_253' title='bbox 812 2387 954 2431; x_wconf 87' lang='lat' dir='ltr'>visum</span> <span class='ocrx_word' id='word_1_254' title='bbox 983 2396 1072 2443; x_wconf 85' lang='lat' dir='ltr'>est,</span> <span class='ocrx_word' id='word_1_255' title='bbox 1098 2397 1140 2432; x_wconf 85' lang='lat' dir='ltr'>et</span> <span class='ocrx_word' id='word_1_256' title='bbox 1169 2404 1191 2432; x_wconf 90' lang='lat' dir='ltr'>a</span> <span class='ocrx_word' id='word_1_257' title='bbox 1220 2388 1385 2433; x_wconf 78' lang='lat' dir='ltr'>caeteris</span> <span class='ocrx_word' id='word_1_258' title='bbox 1419 2387 1633 2433; x_wconf 84' lang='lat' dir='ltr'>creditum</span> <span class='ocrx_word' id='word_1_259' title='bbox 1656 2403 1746 2449; x_wconf 89' lang='lat' dir='ltr'>quo</span> 
     </span>
     <span class='ocr_line' id='line_1_32' title="bbox 354 2454 615 2500; baseline 0.004 -2"><span class='ocrx_word' id='word_1_260' title='bbox 354 2454 615 2500; x_wconf 86' lang='lat' dir='ltr'>ascenderis.</span> 
     </span>
    </p>
   </div>
   <div class='ocr_carea' id='block_1_8' title="bbox 410 2525 1742 2589">
    <p class='ocr_par' dir='ltr' id='par_1_10' title="bbox 410 2525 1742 2589">
     <span class='ocr_line' id='line_1_33' title="bbox 410 2525 1742 2589; baseline 0.004 -21"><span class='ocrx_word' id='word_1_261' title='bbox 410 2527 464 2569; x_wconf 78' lang='lat' dir='ltr'>V,</span> <span class='ocrx_word' id='word_1_262' title='bbox 490 2545 510 2567; x_wconf 91' lang='lat'>«</span> <span class='ocrx_word' id='word_1_263' title='bbox 529 2528 593 2570; x_wconf 85' lang='lat' dir='ltr'>Ex</span> <span class='ocrx_word' id='word_1_264' title='bbox 615 2542 690 2571; x_wconf 87' lang='lat' dir='ltr'>ore</span> <span class='ocrx_word' id='word_1_265' title='bbox 710 2525 945 2572; x_wconf 85' lang='lat' dir='ltr'>infantium</span> <span class='ocrx_word' id='word_1_266' title='bbox 966 2537 1009 2572; x_wconf 85' lang='lat' dir='ltr'>et</span> <span class='ocrx_word' id='word_1_267' title='bbox 1029 2526 1284 2572; x_wconf 82' lang='lat' dir='ltr'>lactentium</span> <span class='ocrx_word' id='word_1_268' title='bbox 1307 2528 1524 2589; x_wconf 75' lang='lat' dir='ltr'>perfecisti</span> <span class='ocrx_word' id='word_1_269' title='bbox 1545 2528 1742 2584; x_wconf 84' lang='lat' dir='ltr'>laudem,</span> 
     </span>
    </p>
   </div>
   <div class='ocr_carea' id='block_1_9' title="bbox 403 2610 1573 2654">
    <p class='ocr_par' dir='ltr' id='par_1_11' title="bbox 403 2610 1573 2654">
     <span class='ocr_line' id='line_1_34' title="bbox 403 2610 1573 2654; baseline 0.002 -13"><span class='ocrx_word' id='word_1_270' title='bbox 403 2616 410 2632; x_wconf 90' lang='lat'><em>¹</em></span> <span class='ocrx_word' id='word_1_271' title='bbox 434 2610 525 2643; x_wconf 86' lang='lat' dir='ltr'>Joan.</span> <span class='ocrx_word' id='word_1_272' title='bbox 546 2621 612 2652; x_wconf 81' lang='lat' dir='ltr'>xix,</span> <span class='ocrx_word' id='word_1_273' title='bbox 634 2619 687 2652; x_wconf 83' lang='lat'>29.</span> <span class='ocrx_word' id='word_1_274' title='bbox 709 2628 750 2634; x_wconf 80' lang='lat'>-—</span> <span class='ocrx_word' id='word_1_275' title='bbox 771 2618 782 2636; x_wconf 88' lang='lat'>²</span> <span class='ocrx_word' id='word_1_276' title='bbox 802 2613 880 2645; x_wconf 87' lang='lat' dir='ltr'>Luc.</span> <span class='ocrx_word' id='word_1_277' title='bbox 900 2623 979 2653; x_wconf 77' lang='lat' dir='ltr'>xxii,</span> <span class='ocrx_word' id='word_1_278' title='bbox 1002 2612 1052 2644; x_wconf 84' lang='lat'>18.</span> <span class='ocrx_word' id='word_1_279' title='bbox 1071 2629 1111 2633; x_wconf 86' lang='lat'>—-</span> <span class='ocrx_word' id='word_1_280' title='bbox 1134 2610 1242 2644; x_wconf 75' lang='lat' dir='ltr'>3Psal.</span> <span class='ocrx_word' id='word_1_281' title='bbox 1264 2620 1380 2654; x_wconf 76' lang='lat' dir='ltr'>V111‚&#39;.)..</span> <span class='ocrx_word' id='word_1_282' title='bbox 1402 2629 1442 2635; x_wconf 92' lang='lat'>—·</span> <span class='ocrx_word' id='word_1_283' title='bbox 1464 2611 1573 2644; x_wconf 66' lang='lat' dir='ltr'>4112id.</span> 
     </span>
    </p>
   </div>
  </div>
 </body>
</html>
