1833 3284
14 2663 20 2823 l

428 264 670 295 ENARRATm
703 267 748 294 IN
782 263 984 294 PsALMUM
1018 266 1065 293 11.
1360 256 1436 293 121

60 349 79 372 «
115 331 318 376 Exultate
333 366 344 387 ,
367 348 389 374 1)
414 347 470 376 ne
491 330 547 375 ad
565 331 778 375 miseriam
799 330 942 375 valere
963 328 1185 375 videretur
1201 330 1322 391 quod
1350 330 1443 376 dic-

57 410 150 446 tum
164 411 248 447 est:
267 420 287 444 «
295 401 458 447 Servite
467 401 652 445 Domino
660 401 704 444 in
717 402 915 445 timore.»
933 400 1017 445 Sed
1028 416 1174 445 rursus
1185 416 1241 444 ne
1252 401 1442 461 idipsum

55 482 256 533 pergeret
278 473 323 517 in
347 471 608 517 effusionem
634 473 904 528 temeritatis,
936 471 1136 516 additum
1165 482 1254 528 est,
1283 492 1303 514 «
1329 475 1441 517 Cum

58 562 79 585 η
115 553 323 589 tremore:
349 561 370 586 »
395 553 446 588 ut
468 543 524 588 ad
541 544 788 588 cautionem
811 543 975 589 valeret
995 543 1442 604 circumspectamque

55 614 402 659 sanctificationis
425 614 682 659 custodiam.
714 615 856 659 Etiam
888 615 946 658 sic
968 623 1112 674 potest
1139 614 1274 673 accipi
1299 633 1308 658 ι
1339 633 1359 655 α
1386 617 1443 658 Et

58 704 78 726 »
112 701 233 730 nunc
262 700 382 744 reges
412 685 655 744 intelligite.
680 704 699 727 η
732 685 783 730 Id
805 697 889 741 est,
916 688 974 730 Et
989 687 1081 745 jam
1102 701 1220 729 nunc
1242 700 1312 729 me
1343 699 1443 743 rege

53 756 317 812 constituto,
349 756 484 801 nolite
511 757 651 801 tristes
674 771 762 801 esse
790 771 912 814 reges
935 765 1081 811 terrae,
1120 755 1243 816 quasi
1274 755 1442 799 bonum

52 836 245 872 vestrum
271 827 393 873 vobis
415 827 612 872 ablatum
635 828 714 872 sit:
740 826 815 872 sed
836 826 1066 884 intelligite
1083 827 1255 885 potius,
1277 835 1321 870 et
1340 841 1442 869 eru-

52 896 220 942 dimini.
241 897 294 942 Id
315 899 432 943 enim
446 899 571 944 vobis
593 897 767 958 expedit
786 906 837 942 ut
864 898 946 942 sub
963 896 1040 941 illo
1065 897 1154 941 sitis
1170 932 1180 951 ,
1207 913 1229 940 a
1253 912 1342 957 quo
1373 897 1443 940 in-

52 966 252 1012 tellectus
273 977 317 1013 et
333 967 520 1013 eruditio
535 969 659 1013 vobis
681 968 824 1012 datur.
848 970 906 1011 Et
922 968 1006 1012 hoc
1026 967 1151 1011 vobis
1173 966 1370 1026 expedit,
1393 975 1443 1010 ut

53 1053 143 1082 non
160 1047 322 1083 temere
339 1038 641 1094 dominemini,
658 1039 733 1083 sed
745 1038 930 1083 Domino
945 1038 1143 1101 omnium
1162 1052 1264 1081 cum
1287 1037 1444 1081 timore

52 1109 267 1165 serviatis,
287 1119 330 1155 et
351 1109 549 1155 exultetis
569 1110 615 1153 in
632 1109 901 1153 beatitudine
922 1102 1156 1153 certissima
1176 1116 1218 1151 et
1241 1107 1442 1151 sinceris-

53 1179 182 1234 sima,
216 1181 333 1225 cauti
358 1189 402 1225 et
429 1179 823 1240 circumspicientes
850 1194 906 1224 ne
928 1179 984 1223 ab
1016 1194 1065 1223 ea
1086 1193 1164 1239 per
1189 1177 1441 1238 superbiam

52 1249 276 1295 decidatis.

111 1334 168 1377 X.
217 1351 239 1375 «
274 1331 602 1393 Apprehendite
635 1331 930 1392 disciplinam,
967 1330 1203 1392 nequando
1236 1331 1445 1375 irascatur

56 1419 77 1443 »
111 1402 338 1458 Dominus,
363 1411 408 1447 et
427 1402 610 1462 pereatis
627 1402 683 1446 de
703 1402 771 1447 via
789 1403 906 1462 justa
920 1404 951 1445 ¹.
973 1404 1106 1446 »Hoc
1129 1411 1191 1445 est
1214 1400 1336 1462 quod
1359 1401 1440 1444 ait:

57 1489 78 1513 «
112 1472 348 1531 Intelligite
376 1481 419 1516 et
440 1471 689 1516 erudimini.
720 1490 741 1513 »
766 1474 877 1517 Nam
904 1471 1147 1530 intelligere
1176 1480 1219 1516 et
1254 1471 1444 1526 erudiri,

53 1541 139 1585 hoc
167 1551 255 1597 est,
289 1542 616 1602 apprehendere
653 1541 938 1601 disciplinam.
972 1544 1288 1585 Verumtamen
1317 1542 1361 1584 in
1395 1556 1447 1585 eo

54 1611 175 1671 quod
183 1611 359 1670 dicitur,
384 1611 782 1672 «Apprehendite,»
795 1612 895 1655 satis
913 1612 1178 1670 significatur
1194 1610 1446 1671 praesidium

54 1681 278 1742 quoddam
312 1691 442 1742 atque
470 1682 793 1726 munimentum
817 1697 908 1726 esse
941 1681 1144 1726 adversus
1174 1683 1319 1727 omnia
1348 1697 1448 1742 quae

55 1752 207 1796 obesse
234 1761 435 1812 possent,
468 1752 550 1804 nisi
573 1761 693 1796 tanta
726 1768 830 1797 cura
863 1751 1278 1812 apprehenderetur.
1312 1771 1332 1795 «
1361 1755 1447 1798 Ne-

58 1840 79 1865 »
115 1822 292 1882 quando
336 1831 482 1867 autem
530 1823 738 1867 irascatur
774 1824 984 1868 Dominus
1006 1859 1017 1879 ,
1059 1843 1078 1864 n
1129 1839 1227 1868 cum
1268 1822 1448 1867 dubita-

56 1893 175 1938 tione
195 1893 388 1953 positum
403 1901 489 1950 est,
507 1909 599 1938 non
621 1893 865 1938 secundum
883 1894 1092 1938 visionem
1115 1894 1360 1953 Prophetae,
1377 1893 1449 1937 cui

55 1973 225 2009 certum
245 1973 335 2010 est:
361 1964 436 2008 sed
456 1964 697 2009 secundum
723 1981 794 2010 eos
817 1966 931 2024 ipsos
954 1966 1030 2025 qui
1053 1974 1319 2022 monentur,
1346 1964 1448 2024 quia

56 2049 159 2079 cum
192 2033 468 2078 dubitatione
499 2033 640 2079 solent
667 2036 857 2094 cogitare
889 2035 998 2078 iram
1032 2035 1137 2090 Dei,
1170 2035 1330 2094 quibus
1358 2049 1450 2078 non

58 2113 205 2164 aperte
233 2104 466 2149 revelatur.
492 2107 587 2150 Hoc
603 2121 706 2165 ergo
728 2106 808 2150 sibi
828 2107 909 2165 ipsi
931 2105 1096 2150 debent
1123 2106 1267 2150 dicere
1282 2141 1293 2161 ,
1319 2125 1339 2147 «
1356 2109 1448 2165 Ap-

57 2173 379 2235 prehendamu's
397 2174 691 2235 disciplinam,
719 2177 954 2237 nequando
980 2177 1190 2220 irascatur
1210 2177 1446 2231 Dominus,

57 2255 102 2289 et
121 2260 349 2305 pereamus
375 2245 430 2289 de
444 2245 533 2290 vita
548 2247 680 2306 justa.
706 2265 726 2287 »
748 2249 844 2290 Jam
861 2262 985 2301 vero,
1018 2265 1038 2288 «
1066 2246 1449 2291 IrascaturDomi-

60 2333 82 2356 »
116 2327 225 2370 nu'sv,⁸
254 2333 276 2356 »
307 2316 532 2375 quomodo
564 2316 866 2375 accipiendum
889 2317 967 2372 sit,
994 2332 1123 2377 supra
1147 2316 1313 2361 dictum
1338 2319 1444 2360 est2.

61 2404 83 2427 «
115 2388 173 2429 Et
197 2385 382 2444 pereatis
398 2385 454 2429 de
473 2385 542 2429 via
557 2386 689 2445 justa.
714 2405 734 2428 >›
761 2389 865 2431 Haec
895 2402 1052 2445 magna
1081 2402 1213 2446 poena
1231 2396 1322 2442 est,
1348 2402 1448 2446 quae

59 2456 114 2501 ab
135 2456 184 2500 iis
200 2455 478 2512 formidatur,
501 2457 577 2517 qui
594 2457 761 2518 aliquid
777 2458 1211 2519 dulcedinisjustitiae
1235 2474 1446 2519 percepe-

109 2572 120 2589 ¹
142 2565 224 2598 Psal.
243 2578 284 2608 11,
305 2575 355 2599 12.
376 2583 419 2589 -
438 2574 452 2590 ²
467 2567 567 2610 Supra
586 2577 616 2599 n.
640 2566 673 2609 4.
