1833 3284
382 241 466 282 204
814 252 848 281 s.
885 252 1115 282 AUGUSTIM
1147 253 1329 283 Eptscom

381 323 472 365 Hoc
486 319 992 364 destruunturcivitates.
1014 322 1122 365 Nam
1141 321 1198 364 ita
1213 320 1411 380 sequitur
1432 338 1440 365 z
1466 338 1486 362 «
1512 319 1681 365 Inimici
1695 321 1766 366 de-

382 410 400 431 »
427 390 628 434 fecerunt
645 388 816 434 frameae
837 389 883 434 in
907 391 1038 434 finem
1061 410 1069 435 :
1095 400 1138 435 et
1155 391 1347 436 civitates
1365 389 1625 435 destruxisti.
1654 409 1674 432 »
1691 392 1765 437 Ci-

376 461 529 510 vitates
562 470 724 516 autem,
756 461 801 505 in
820 461 978 521 quibus
1001 460 1200 506 diabolus
1223 471 1397 521 regnat,
1431 461 1510 506 ubi
1540 461 1689 507 dolosa
1722 471 1766 507 et

376 530 656 576 fraudulenta
691 531 868 577 consilia
891 541 1098 593 tanquam
1121 534 1250 578 curiae
1272 533 1419 578 locum
1442 533 1668 589 obtinent,
1693 534 1765 578 cui

375 603 639 663 principatui
663 603 784 664 quasi
806 603 1009 648 satellites
1036 613 1078 648 et
1099 604 1287 649 ministri
1309 603 1464 649 adsunt
1486 604 1628 649 officia
1650 620 1766 665 quo-

376 691 473 719 rum
496 675 793 719 membrorum
812 710 822 730 ,
850 674 965 720 oculi
995 676 1049 721 ad
1072 676 1387 731 curiositatem,
1418 691 1539 720 aures
1562 675 1617 720 ad
1638 675 1764 720 lasci·
1819 686 1823 692 ·

371 746 508 801 viam,
535 746 604 789 vel
628 745 660 790 si
684 745 793 806 quid
810 756 873 791 est
895 745 1013 790 aliud
1036 746 1157 807 quod
1180 747 1225 791 in
1246 747 1405 792 malam
1427 756 1595 807 partem
1616 746 1762 791 liben-

369 825 434 860 ter
476 815 667 871 auditur,
714 831 868 861 manus
906 816 961 861 ad
994 818 1212 877 rapinam,
1253 817 1320 862 vel
1363 817 1592 878 quodlibet
1644 816 1762 862 aliud

371 886 539 931 facinus
563 887 617 931 ad
640 887 850 945 flagitium
869 923 879 943 ,
906 898 949 932 et
974 888 1170 933 membra
1196 897 1349 933 caetera
1372 888 1417 932 in
1438 889 1558 932 hunc
1582 887 1760 932 modum

370 958 596 1016 tyrannico
618 958 882 1018 principatui
897 994 907 1014 ,
933 958 979 1003 id
1001 968 1089 1014 est,
1115 960 1324 1020 perversis
1353 957 1541 1004 consiliis
1564 957 1758 1002 militan-

366 1029 440 1073 tia.
470 1031 611 1090 Hujus
645 1029 828 1074 civitatis
856 1030 978 1091 quasi
999 1029 1124 1090 plebs
1149 1040 1211 1075 est
1233 1046 1381 1075 omnes
1403 1029 1601 1074 delicatae
1624 1029 1759 1074 affec-

367 1099 506 1144 tiones
528 1110 570 1144 et
592 1100 835 1145 turbulenti
872 1110 1015 1146 motus
1052 1101 1207 1157 animi,
1229 1099 1502 1162 quotidianas
1524 1099 1759 1145 seditiones

363 1172 409 1216 in
432 1172 609 1217 homine
627 1172 853 1232 agitantes.
870 1176 988 1233 Ergo
1005 1173 1082 1217 ubi
1095 1189 1183 1229 rex,
1209 1172 1287 1217 ubi
1310 1172 1444 1228 curia,
1462 1172 1539 1216 ubi
1552 1171 1754 1227 ministri,

360 1243 437 1286 ubi
468 1242 593 1303 plebs
622 1243 861 1299 invenitur,
894 1244 1041 1288 civitas
1062 1253 1140 1289 est.
1173 1247 1326 1305 Neque
1348 1243 1463 1287 enim
1487 1241 1589 1286 talia
1614 1251 1756 1286 essent

360 1313 405 1357 in
432 1314 554 1358 malis
583 1314 854 1371 civitatibus,
879 1316 960 1361 nisi
982 1316 1100 1381 prius
1125 1325 1265 1360 essent
1291 1315 1336 1358 in
1361 1313 1540 1373 singulis
1562 1313 1755 1357 homini-

359 1384 461 1440 bus,
483 1386 673 1445 quisunt
690 1395 899 1446 tanquam
917 1386 1132 1431 elementa
1154 1395 1197 1430 et
1217 1385 1380 1430 semina
1403 1385 1642 1429 civitatum.
1668 1386 1754 1428 Has

356 1455 552 1499 civitates
573 1454 756 1500 destruit
772 1491 782 1511 ,
805 1472 907 1500 cum
927 1455 1101 1501 excluso
1123 1456 1226 1500 inde.
1243 1456 1454 1516 principe,
1479 1455 1533 1499 de
1555 1470 1644 1516 quo
1662 1453 1755 1498 die-

358 1534 453 1569 tum
472 1535 536 1570 est
561 1546 570 1571 ε
592 1545 612 1568 «
630 1525 835 1586 Princeps
857 1527 989 1588 hujus
1006 1527 1155 1571 saeculi
1174 1528 1327 1571 missus
1346 1535 1410 1570 est
1432 1525 1546 1570 foras
1561 1527 1592 1581 ¹,
1617 1544 1636 1566 n
1662 1540 1752 1569 vas-

356 1605 506 1640 tantur
528 1597 622 1641 haee
641 1611 770 1655 regna
797 1597 932 1642 verbo
950 1598 1142 1642 veritatis
1155 1633 1164 1651 ,
1188 1598 1419 1657 sopiuntur
1433 1596 1624 1655 maligna
1641 1611 1750 1640 con-

356 1665 471 1721 silia,
525 1676 672 1727 turpes
722 1668 974 1712 affectiones
1025 1668 1308 1723 edomantur,
1357 1667 1657 1711 membrorum
1709 1676 1754 1711 et

355 1753 560 1782 sensuum
578 1740 813 1784 ministeria
834 1741 1123 1799 captivantur,
1147 1750 1190 1784 et
1208 1740 1262 1784 ad
1274 1737 1454 1800 justitiae
1472 1747 1515 1782 et
1532 1738 1749 1782 bonorum

355 1825 539 1869 operum
561 1809 759 1854 militiam
783 1810 1102 1854 transferuntur
1132 1831 1140 1856 ε
1166 1820 1216 1855 ut
1236 1812 1327 1870 jam
1346 1845 1356 1864 ,
1383 1811 1495 1854 sicut
1516 1808 1749 1868 Apostolus

354 1879 459 1924 dicit
480 1897 490 1924 .·
510 1900 529 1921 «
546 1883 643 1925 Non
657 1890 1045 1940 regnetpeceatum
1062 1882 1267 1926 innostro
1286 1879 1458 1926 mortali
1482 1895 1663 1939 corpore
1677 1883 1710 1934 ²,
1726 1898 1745 1919 »

352 1959 395 1994 et
429 1960 583 1995 caetera
615 1951 744 2011 hujus
778 1950 877 1996 loci.
907 1954 1030 1995 Tunc
1052 1961 1232 2012 pacatur
1255 1951 1396 1995 anima
1410 1987 1424 2007 ,
1449 1959 1493 1994 et
1522 1949 1750 1994 ordinatur

351 2022 484 2066 homo
503 2022 558 2066 ad
569 2022 761 2082 quietem
774 2031 816 2066 et
833 2022 887 2066 ad
900 2022 1218 2066 beatitudinem
1235 2022 1557 2082 capessendam.
1582 2040 1600 2062 «
1618 2020 1749 2064 Periit

353 2093 609 2136 »memoria
646 2108 799 2137 eorum
837 2109 937 2137 cum
975 2094 1182 2153 strepitu3
1209 2113 1218 2138 :
1249 2112 1268 2134 »
1306 2093 1540 2152 impiorum
1563 2091 1741 2135 scilicet.

353 2162 437 2207 Sed
466 2183 485 2205 «
512 2165 623 2208 Cum
649 2164 829 2223 strepitu
848 2200 858 2219 ,
879 2182 900 2205 »
927 2165 1016 2209 sive
1043 2164 1146 2224 quia
1164 2164 1213 2207 fit
1231 2163 1434 2223 strepitus
1457 2162 1625 2206 dictum
1653 2170 1742 2217 est,

349 2249 449 2277 eum
468 2234 664 2293 impietas
682 2234 904 2279 evertitur.
932 2237 1030 2280 Non
1048 2235 1164 2278 enim
1188 2234 1341 2278 transit
1364 2233 1418 2278 ad
1440 2247 1653 2277 summam
1668 2247 1746 2292 pa-

348 2320 442 2349 cem
458 2341 468 2359 ,
494 2306 572 2349 ubi
590 2321 810 2350 summum
835 2305 1055 2350 silentium
1075 2315 1158 2361 est,
1185 2306 1265 2349 nisi
1283 2306 1357 2366 qui
1380 2319 1539 2362 magno
1561 2303 1743 2362 strepitu

347 2375 466 2434 prius
485 2392 584 2420 eum
608 2377 694 2420 suis
714 2376 828 2421 vitiis
845 2376 1164 2435 belligeraverit
1190 2396 1198 2421 ε
1224 2376 1311 2420 sive
1338 2395 1358 2418 «
1383 2378 1495 2420 Cum
1519 2374 1737 2434 strepitu»

347 2444 513 2490 dictum
537 2456 625 2502 est,
648 2457 697 2492 ut
713 2457 862 2507 pereat
883 2447 1091 2492 memoria
1108 2447 1343 2507 impiorum
1361 2447 1488 2491 etiam
1513 2447 1605 2506 ipso
1627 2454 1737 2489 stre—

346 2517 441 2576 pitu
459 2527 671 2576 pereunte
687 2554 698 2573 ,
723 2519 769 2562 in
791 2533 880 2578 quo
903 2517 1198 2562 tumultuatur
1222 2517 1431 2576 impietas.

395 2619 404 2635 ¹
426 2615 516 2645 Joan.
538 2624 597 2655 x'u,
618 2613 670 2646 31.
690 2631 730 2636 —
751 2621 762 2636 ²
781 2616 1077 2649 1³.om.vn,12‚—
1094 2611 1107 2635 3
1126 2613 1206 2645 Psal.
1223 2623 1268 2653 lx,
1288 2623 1317 2654 ς.
