1833 3284
367 304 426 342 90
792 310 827 340 s.
864 309 1096 339 Aue-Usum
1126 312 1312 341 Erlscorl

364 387 434 423 tus
451 390 581 435 super
601 384 760 419 terram
774 409 785 430 ‚
805 375 881 435 qui
898 383 1016 419 sexta
1038 384 1163 419 aetate
1185 375 1331 421 saeculi
1354 375 1494 421 factus
1511 385 1600 434 est,
1620 393 1754 438 quam

363 447 437 492 ille
469 446 544 506 qui
579 455 694 490 sexta
717 445 809 500 die,
836 455 1069 505 antequam
1093 457 1234 492 essent
1262 448 1406 492 caeteri
1428 448 1649 503 homines,
1678 464 1755 508 per

363 533 472 579 quos
495 516 798 561 diffamaretur
818 536 827 561 :
848 516 928 560 nisi
946 515 1080 570 torte,
1103 517 1204 576 quia
1226 534 1344 562 nunc
1362 518 1420 562 ita
1434 518 1641 562 innotuit.
1667 522 1755 563 «Et

369 609 386 630 »
422 587 636 632 abstulisti
670 587 724 631 ab
749 587 889 646 impiis
920 586 1125 630 lucem¹P
1153 607 1170 628 »
1196 589 1306 632 sicut
1326 588 1399 631 ille
1433 588 1509 648 qui
1535 591 1680 644 venit,
1705 597 1755 632 ut

364 659 441 719 qui
473 674 562 702 non
585 657 736 701 vident
759 657 965 712 videant,
981 656 1111 716 etqui
1133 657 1298 713 vident,
1323 659 1427 704 caeci
1452 660 1601 702 fiant2.
1631 677 1647 699 «
1666 662 1756 703 Aut

368 750 386 770 »
423 729 650 773 brachium
677 727 969 787 superborum
991 728 1340 773 comminuistiss?
1361 750 1378 772 >›
1405 730 1645 789 potentiam
1678 745 1755 775 eo—

362 815 485 854 rum,
522 818 538 837 «
566 799 684 843 Sicut
709 797 783 842 ille
800 799 875 859 qui
895 798 1065 842 infirma
1091 799 1244 843 mundi
1268 800 1422 858 elegit,
1443 809 1492 843 ut
1514 799 1757 844 confunde-

367 890 384 911 »
422 878 488 913 ret
510 867 712 913 fortia4.»
740 871 829 913 Aut
850 869 1008 913 venisti
1027 868 1081 912 ad
1098 869 1267 913 fontem
1290 870 1472 914 maris⁵i>
1498 890 1515 911 »
1537 871 1648 914 sicut
1663 869 1753 927 ille,

362 940 434 984 cui
457 939 648 983 venienti
670 940 811 998 patuit
832 938 1086 984 confitendo
1110 939 1329 1000 quidquid
1350 940 1574 985 occultum
1598 949 1689 984 erat
1712 941 1758 986 in

363 1010 570 1055 cordibus
586 1011 843 1070 impiorum,
869 1011 945 1070 qui
968 1009 1189 1055 credendo
1213 1011 1256 1054 in
1273 1027 1374 1055 eum
1390 1012 1617 1071 justificati
1635 1021 1753 1056 sunt.

363 1084 472 1127 Nam
490 1097 623 1142 quem
647 1081 812 1125 sontem
836 1081 962 1125 maris
978 1080 1132 1125 melius
1155 1082 1412 1141 accipimus,
1439 1083 1519 1125 nisi
1542 1091 1757 1126 secretum

360 1151 480 1197 unde
514 1153 704 1212 erumpit
732 1152 871 1196 omnis
906 1153 999 1196 haec
1031 1153 1294 1196 amarissima
1318 1153 1539 1212 impietas,
1566 1153 1666 1213 quac
1688 1153 1758 1197 in-

362 1232 511 1282 gentes
534 1223 694 1267 fluctus
705 1224 796 1283 jam
820 1222 1151 1267 manifestorum
1169 1224 1385 1268 malorum
1412 1239 1592 1283 operum
1617 1225 1758 1268 conci-

360 1303 449 1349 tat,
485 1310 585 1355 quae
621 1295 771 1338 vident
800 1294 997 1339 homines
1034 1294 1079 1339 in
1109 1296 1265 1355 apertis
1299 1294 1449 1350 factis,
1478 1296 1553 1355 qui
1588 1295 1757 1340 fontem

360 1365 502 1425 ipsum
519 1364 667 1409 videre
680 1374 965 1424 nonpossunt
981 1367 999 1409 Ξ)
1016 1384 1033 1406 «
1051 1369 1142 1410 Aut
1159 1367 1204 1410 in
1223 1366 1411 1424 vestigiis
1434 1366 1577 1423 abyssi
1596 1366 1756 1410 ambu-

364 1454 382 1476 »
418 1433 511 1478 las}>
538 1455 555 1476 »
595 1438 787 1492 Abyssus
824 1436 895 1480 hic
930 1445 1047 1480 recte
1081 1436 1343 1495 intelligitur
1386 1437 1475 1481 vita
1515 1436 1754 1493 saecularis,

357 1521 651 1567 quaecumque
666 1515 730 1552 est
746 1507 792 1550 in
804 1506 1027 1566 profundo
1040 1507 1275 1563 malorum,
1294 1524 1399 1568 quo,
1421 1509 1533 1552 sicut
1546 1509 1758 1568 scriptum

358 1586 444 1632 est,
469 1592 571 1622 cum
592 1578 758 1621 venerit
781 1587 1000 1637 peccator,
1026 1581 1319 1622 contemnetfi.
1343 1579 1454 1633 Quia
1477 1580 1557 1639 ipsi
1579 1596 1758 1640 quoque

358 1648 707 1708 desperatissimi,
733 1650 915 1710 subjecti
935 1651 1099 1708 gratiae,
1129 1666 1206 1711 per
1232 1651 1529 1695 remissionem
1551 1662 1756 1711 peccato-

358 1735 457 1764 rum
476 1719 581 1764 salvi
598 1719 717 1775 facti,
737 1730 1023 1775 emerserunt,
1046 1730 1090 1765 et
1111 1732 1373 1781 receperunt
1387 1722 1611 1766 Christum
1637 1742 1645 1768 :
1666 1728 1757 1768 non

357 1790 404 1834 in
424 1790 630 1848 abyssum
654 1807 743 1852 quo
771 1793 1110 1851 premebantur3
1141 1791 1214 1836 sed
1234 1792 1442 1837 inlocum
1471 1794 1584 1853 ejus,
1606 1803 1656 1838 ut
1677 1794 1755 1838 ubi

359 1861 616 1906 ambulabat
637 1863 808 1907 calcans
823 1879 894 1908 eos
909 1899 919 1919 ,
947 1863 1144 1908 ambulet
1161 1864 1410 1908 inhabitans
1433 1880 1505 1909 eos
1528 1866 1752 1924 Christus,

361 1951 384 1975 ι(
418 1935 471 1976 In
492 1933 680 1992 vestigiis
702 1934 860 1992 abyssi,
889 1952 909 1975 »
935 1935 1262 1978 remanentibus
1284 1950 1363 1994 per
1380 1936 1634 1979 memoriam
1657 1952 1756 1996 pec-

357 2011 552 2047 catorum
578 2020 780 2060 suorum,
816 2014 865 2048 ut
897 2004 1004 2048 dum
1025 2004 1225 2049 recolunt
1251 2005 1327 2048 ubi
1350 2004 1539 2061 fuerint,
1569 2006 1755 2066 amplius

359 2072 546 2132 diligant
565 2090 698 2134 quem
720 2084 1003 2134 receperunt,
1034 2092 1057 2119 a
1079 2091 1168 2135 quo
1187 2076 1269 2119 sibi
1293 2085 1410 2120 tanta
1438 2076 1610 2121 dimissa
1632 2087 1749 2122 sunt.

358 2162 379 2186 «
413 2147 502 2188 Aut
530 2144 611 2188 tibi
642 2145 898 2204 aperiuntur
925 2155 1047 2189 metu
1074 2155 1212 2205 portae
1246 2147 1452 2191 mortis⁷P
1478 2166 1497 2188 »
1536 2149 1752 2194 Omnibus

353 2214 468 2258 enim
488 2215 775 2259 morientibus
793 2216 1049 2275 aperiuntur
1060 2226 1198 2276 portae
1216 2217 1382 2272 mortis,
1405 2217 1480 2261 scd
1498 2233 1587 2262 non
1610 2229 1747 2275 metu,

353 2287 464 2330 sicut
490 2287 567 2330 uni
588 2286 650 2331 illi
661 2323 676 2343 ,
717 2288 793 2348 qui
817 2287 1093 2332 destruendae
1116 2290 1266 2333 mortis
1288 2305 1416 2334 causa
1444 2300 1644 2335 mortuus
1667 2300 1746 2335 est.

352 2361 441 2402 Aut
462 2368 578 2403 certe
597 2360 851 2419 aperiuntur
867 2360 922 2405 ad
940 2360 1272 2419 resurgendum.
1305 2381 1324 2403 «
1347 2365 1436 2406 Aut
1453 2363 1663 2422 janitores
1685 2363 1750 2407 in-

355 2447 376 2470 »
411 2428 523 2474 ferni
543 2430 740 2476 videntes
764 2441 831 2488 te,
860 2432 1160 2477 timueruntss?
1186 2451 1206 2474 »
1233 2433 1343 2477 sicut
1364 2433 1491 2477 illum
1513 2449 1675 2490 unum,
1700 2434 1747 2479 in

400 2544 410 2561 ¹
430 2538 505 2570 Job.
524 2550 646 2572 xxxvm
660 2565 668 2581 ,
687 2540 738 2572 15.
755 2558 797 2564 —
817 2548 830 2564 ²
847 2543 937 2574 Joan.
960 2553 1007 2583 η,
1027 2540 1080 2583 39.
1104 2558 1146 2564 —
1167 2539 1181 2564 3
1198 2541 1272 2573 Job.
1303 2552 1438 2581 xxxvm,
1460 2541 1510 2574 15.
1532 2559 1575 2565 -—
1590 2540 1607 2572 4
1625 2554 1637 2575 1
1666 2544 1739 2576 Cor.

353 2605 388 2636 v,
407 2602 462 2637 27.
483 2612 524 2619 -
537 2594 565 2624 ‚5
585 2597 658 2630 Job.
680 2608 784 2630 xxvm
797 2623 805 2638 ,
824 2597 876 2629 16.
897 2615 938 2620 —
956 2595 972 2619 6
997 2599 1090 2630 Prov.
1109 2608 1187 2630 xvm
1203 2622 1212 2639 ,
1228 2598 1259 2630 3.
1279 2605 1349 2640 -27
1368 2598 1441 2631 Job.
1463 2609 1601 2641 xxxvm,
1627 2609 1678 2641 17.
1701 2615 1743 2621 ——

355 2648 370 2671 9
390 2650 473 2682 lbid.
