1833 3284
376 291 619 319 ENARRATIO
652 294 697 320 {N
729 291 933 321 PsALMUM
966 293 1125 320 Xxvnt.
1354 281 1431 320 361

49 358 191 403 titiam
215 357 340 414 Dei1‚
365 366 408 402 et
436 357 620 417 superbe
641 358 902 417 jactantium
930 366 1139 419 tanquam
1173 358 1437 418 singularem

45 429 258 489 justitiam
280 444 418 473 suam.

109 515 210 558 VII.
237 531 254 552 «
273 514 368 556 Vox
390 511 565 556 Domini
585 510 860 572 praecidentis
883 511 1104 556 flammam
1126 512 1276 570 ignis2.
1306 514 1440 557 »Vox

51 583 225 630 Domini
252 598 331 643 per
366 581 565 627 ardorem
598 583 981 628 concitatissimum
1010 583 1363 644 persequentium
1395 598 1440 628 se

50 657 142 700 sine
161 654 250 699 ulla
272 670 349 699 sua
366 652 543 699 laesione
572 654 856 709 transeuntis,
880 653 950 699 vel
967 654 1200 698 dividentis
1221 652 1441 698 furentem

51 725 322 772 iracundiam
334 735 663 786 persecutorum
678 741 872 780 suorum,
884 734 934 770 ut
950 725 1022 769 alii
1035 724 1250 770 dicerent:
1273 744 1291 765 «
1306 728 1443 770 Num-

51 797 160 860 quid
182 796 294 843 forte
324 797 416 859 ipse
438 807 501 842 est
524 798 720 844 Christus
746 818 754 842 z
789 816 808 838 n
831 796 902 841 alii
923 813 930 838 :
961 816 981 838 «
1007 799 1104 842 Non
1120 833 1130 853 ,
1167 797 1240 841 sed
1274 796 1442 842 seducit

55 887 77 911 »
111 869 355 929 populum3
377 888 386 913 ε
415 887 435 909 »
458 877 588 929 atque
604 869 662 912 ita
679 868 952 928 praecidentis
974 868 1175 912 insanum
1198 867 1441 912 tumultum

53 944 231 994 eorum,
260 947 309 982 ut
339 937 444 983 alios
474 939 520 982 in
551 938 805 984 charitatem
835 953 957 983 suam
988 938 1224 999 trajiceret,
1262 937 1366 983 alios
1396 938 1442 981 in

53 1008 217 1054 malitia
234 1024 385 1053 eorum
407 1008 687 1070 relinqueret.

111 1082 234 1137 VIII.
259 1109 279 1133 «
300 1093 394 1136 Vox
420 1091 595 1135 Domini
617 1091 928 1136 commoventis
950 1089 1231 1136 solitudinem
1246 1090 1277 1135 ⁴.
1304 1108 1324 1131 »
1349 1091 1443 1135 Vox

55 1162 227 1208 Domini
248 1162 561 1207 commoventis
591 1161 645 1206 ad
668 1160 799 1205 fidem
823 1163 981 1206 Gentes
1011 1161 1235 1222 quondam
1257 1161 1349 1205 sine
1369 1177 1444 1221 spe

55 1241 99 1277 et
122 1232 213 1276 sine
235 1235 325 1277 Deo
346 1232 392 1275 in
419 1232 504 1276 hoc
524 1230 692 1275 mundo
709 1233 722 1257 ⁵
744 1251 752 1276 :
774 1231 852 1275 ubi
873 1231 1020 1275 nullus
1037 1232 1270 1291 propheta,
1297 1231 1444 1275 nullus

54 1302 178 1347 verbi
199 1302 278 1348 Dei
298 1301 572 1363 praedicator,
586 1300 721 1346 veluti
739 1300 886 1346 nullus
898 1302 1030 1346 homo
1054 1302 1340 1346 habitaverat.
1358 1304 1445 1346 «Et

61 1393 80 1417 n
115 1373 410 1419 commovebit
429 1373 641 1418 Dominus
659 1371 880 1417 desertum
904 1372 1057 1417 Cades.
1087 1391 1106 1415 n
1128 1375 1185 1417 Et
1208 1382 1313 1417 tunc
1331 1372 1445 1417 cele-

57 1445 173 1490 brari
194 1443 324 1489 faciet
345 1444 555 1489 Dominus
577 1453 776 1488 sanctum
798 1443 982 1487 verbum
1003 1445 1325 1503 Scripturarum
1347 1460 1446 1489 sua-

57 1532 172 1572 rum,
198 1514 321 1576 quod
340 1531 363 1559 a
377 1517 402 1558 J
407 1514 542 1558 udaeis
559 1530 649 1558 non
667 1513 1012 1573 intelligentibus
1030 1514 1325 1559 deserebatur.

116 1599 193 1642 IX.
214 1599 332 1641 «Vox
343 1596 517 1641 Domini
530 1596 793 1656 perficientis
807 1612 953 1641 cervos
964 1599 995 1641 ⁰.
1005 1616 1025 1639 »
1039 1600 1132 1642 Vox
1144 1598 1261 1641 enim
1275 1597 1449 1642 Domini

59 1669 200 1730 primo
213 1666 399 1728 perfecit
416 1675 705 1726 superatores,
720 1676 764 1711 et
775 1666 1017 1727 repulsores
1034 1683 1351 1712 venenosarum
1364 1667 1450 1711 lin-

61 1755 261 1800 guarum.
288 1757 305 1779 «
322 1741 380 1783 Et
401 1736 612 1782 revelabit
629 1737 785 1795 sylvas.
807 1757 827 1780 υ
849 1742 905 1783 Et
925 1748 1031 1783 tunc
1050 1739 1108 1783 eis
1122 1739 1333 1783 revelabit
1346 1755 1451 1799 opa-

61 1811 210 1855 citates
237 1808 486 1854 divinorum
509 1808 742 1852 Librorum
763 1818 806 1853 et
829 1808 1086 1853 umbracula
1110 1810 1417 1868 mysteriorum
1436 1845 1448 1865 ,

0 1916 1 1940 ἦ
62 1880 140 1925 ubi
161 1895 263 1924 cum
294 1872 497 1923 libertate
533 1888 779 1938 pascantur.
805 1899 824 1920 ι(
854 1881 911 1923 Et
931 1879 976 1923 in
1000 1879 1162 1939 templo
1193 1880 1283 1940 ejus
1310 1895 1451 1924 unus-

65 1971 85 1993 »
121 1950 305 2011 quisque
328 1949 436 1994 dicit
467 1949 663 2008 gloriam.
693 1968 712 1991 »
744 1952 801 1993 Et
828 1949 872 1993 in
905 1948 1096 1993 Ecclesia
1118 1951 1208 2009 ejus
1237 1951 1376 1995 omnis
1405 1951 1452 1993 in

62 2036 184 2081 spem
208 2011 416 2064 aeternam
434 2028 709 2078 regeneratus
730 2018 882 2064 laudat
902 2023 1039 2063 Deum
1060 2036 1140 2080 pro
1167 2036 1245 2065 suo
1267 2021 1452 2081 quisque

64 2091 204 2148 dono,
228 2090 350 2152 quod
371 2107 395 2135 a
414 2100 563 2136 sancto
583 2091 747 2151 Spiritu
763 2091 945 2151 accepit.

122 2178 179 2219 X.
211 2194 234 2216 (ι
261 2174 472 2220 Dominus
514 2172 731 2218 diluvium
762 2173 1024 2218 inhabitat⁷.
1059 2192 1079 2215 »
1113 2174 1323 2220 Dominus
1352 2189 1454 2234 ergo

65 2246 256 2308 primum
286 2245 502 2290 inhabitat
523 2245 738 2291 diluvium
757 2246 886 2305 hujus
915 2245 1061 2290 saeculi
1083 2247 1127 2290 in
1151 2247 1308 2291 sanctis
1336 2248 1421 2291 suis
1440 2283 1452 2303 ,

67 2327 276 2378 tanquam
291 2318 338 2362 in
355 2333 452 2362 arca
465 2319 500 2374 S,
522 2318 582 2362 ita
608 2319 653 2361 in
675 2317 865 2362 Ecclesia
889 2317 1129 2362 custoditis.
1160 2337 1179 2360 «
1204 2321 1261 2362 Et
1287 2318 1456 2363 sedebit

70 2406 92 2430 »
127 2389 337 2434 Dominus
359 2403 433 2432 lex
453 2389 500 2433 in
521 2398 749 2434 aeternum.
774 2407 794 2430 n
825 2391 883 2433 Et
902 2387 1061 2433 deinde
1081 2387 1249 2434 sedebit
1270 2404 1454 2448 regnans

69 2460 114 2503 in
131 2459 188 2505 eis
204 2460 251 2504 in
267 2469 370 2505 aete1
373 2476 495 2504 num

118 2576 127 2592 ¹
153 2572 245 2602 Rom.
260 2581 292 2611 x,
312 2569 343 2602 3.
370 2587 412 2592 —
431 2576 445 2593 ²
463 2568 545 2602 Psal.
562 2579 676 2611 xxvm,
692 2581 724 2613 7.
750 2587 791 2593 —
813 2568 826 2593 3
840 2572 933 2602 Joan.
949 2581 1005 2611 vn,
1028 2578 1078 2603 12.
1093 2568 1162 2600 —4
1186 2569 1266 2602 Psal.
1287 2581 1401 2611 xxvm,
1416 2573 1452 2603 8.

71 2641 113 2648 -
127 2623 142 2648 ⁵
163 2625 277 2668 Ephes.
292 2637 330 2667 11,
352 2635 404 2659 12.
426 2642 465 2648 -
478 2623 493 2648 G
509 2625 587 2658 Psal.
610 2636 718 2668 xxviii,
736 2637 768 2668 9.
785 2643 827 2649 —
846 2626 943 2659 71bid
980 2636 1029 2658 10.
1046 2643 1088 2649 -
1106 2625 1121 2647 8
1135 2628 1249 2659 Genes,
1271 2637 1327 2658 vn.
