1833 3284
375 178 460 217 360
808 199 841 222 s.
879 196 1108 227 Auous'ruvt
1140 203 1320 232 Emscom

376 256 489 315 ipsos
508 291 518 311 ‚
554 273 663 316 quos
697 274 774 317 per
794 262 1081 320 Evangelium
1104 266 1236 313 duces
1260 286 1439 330 gregum
1474 276 1671 334 Apostoli
1694 293 1769 337 ge·
1828 289 1830 339 ᾗ

375 336 584 371 nuerunt.
626 347 645 369 «
675 329 841 374 Ass'crte
869 334 1057 380 Domino
1088 336 1269 396 gloriam
1304 351 1347 386 et
1378 343 1604 391 honorem.
1634 366 1654 389 »
1687 351 1769 393 Per
1828 359 1830 363 '

374 413 504 456 opera
521 407 662 443 vostra
684 401 893 446 Dominus
912 404 1179 463 glorificetur
1200 420 1243 455 et
1259 413 1540 461 honoretur¹.
1571 419 1768 465 «Affertc
1828 438 1831 468 1

375 487 395 509 n
433 470 620 516 Domino
643 472 824 531 gloriam
846 477 1014 521 nomini
1036 480 1141 539 ejus.
1171 500 1191 522 >›
1219 484 1413 530 Gloriosc¹
1429 503 1507 547 per
1528 490 1680 535 orbem
1700 492 1769 536 in-

372 550 582 587 notescat.
614 563 633 585 «
650 544 840 589 Adorate
855 548 1091 594 Dominum
1107 551 1153 595 in
1171 553 1268 599 aula
1286 567 1434 602 sancta
1452 560 1583 620 ejus‘2.
1608 579 1628 602 »
1648 561 1770 608 Ado-
1829 570 1831 599 ἑ

375 622 466 656 rate
486 614 720 658 Dominum
740 616 783 660 in
801 615 982 664 dilatato
1007 630 1049 664 et
1071 625 1338 673 sanctificato
1359 629 1490 675 corde
1506 637 1769 681 vestrm-Vos
1829 637 1833 683 ᾗ

372 685 488 728 enim
512 685 610 729 estis
635 688 798 745 regium
822 700 1022 736 sanctum
1046 694 1343 744 habitaculum
1360 702 1467 760 ejus.
1623 747 1627 750 ,
1830 762 1831 766 ¹

432 758 513 799 III.
546 775 566 798 «
590 759 684 802 Vox
717 760 890 804 Domini
924 778 1054 823 super
1089 781 1237 827 aquas.
1269 789 1287 810 »
1315 773 1409 816 Vox
1442 773 1603 820 Christi
1638 791 1768 837 super
1831 799 1833 808 ·

368 826 571 885 populos.
603 832 757 874 «Deus
779 833 1012 893 majestatis
1034 834 1242 884 intonuit.
1270 859 1289 882 »
1317 844 1432 887 Deus
1460 846 1691 906 majestatis
1714 849 1769 893 de
1830 865 1833 912 ξ

369 898 490 941 nube
514 900 654 944 carnis
677 902 927 948 terribiliter
948 907 1254 966 poenitentiam
1273 914 1542 972 praedicavit.
1578 937 1598 960 «
1617 921 1767 964 Domi·

373 985 393 1008 »
429 984 511 1014 nus
529 986 659 1030 super
676 988 809 1033 aquas
832 975 1036 1022 multas³.
1066 997 1085 1020 »
1108 984 1203 1041 Ipse
1225 985 1436 1032 Dominus
1453 990 1576 1034 Jesus
1599 1000 1767 1050 postea·
1831 1018 1833 1026 ι

368 1055 502 1098 quam
525 1057 679 1086 vocem
697 1045 839 1090 emisit
860 1061 990 1106 super
1012 1052 1199 1111 populos
1212 1090 1222 1109 ‚
1239 1065 1283 1100 et
1301 1060 1538 1116 perterruit
1553 1076 1640 1118 eOS,
1667 1078 1765 1108 con-

367 1112 499 1156 vertit
520 1113 565 1157 in
588 1130 632 1158 se
646 1150 656 1170 ‚
678 1125 721 1160 et
736 1117 950 1164 habitavit
967 1121 1012 1164 in
1028 1122 1100 1167 eis.

427 1186 503 1227 IV.
528 1204 547 1227 «
568 1187 662 1230 Vox
680 1189 855 1232 Domini
872 1190 917 1234 iu
934 1191 1112 1238 virtute.
1133 1213 1152 1235 »
1176 1198 1269 1241 Vox
1288 1201 1461 1245 Domini
1477 1203 1628 1262 jamin
1645 1205 1762 1266 ipsis,

365 1263 565 1313 potentes
598 1256 761 1302 faciens
795 1275 881 1305 eos.
913 1280 932 1303 «
958 1264 1053 1308 Vox
1081 1267 1253 1312 Domini
1276 1269 1320 1314 in
1348 1274 1715 1332 magnificentia⁴.
1741 1296 1761 1319 »

367 1326 460 1370 Vox
477 1327 652 1371 Domini
673 1344 829 1389 magna
848 1331 1009 1378 faciens
1030 1335 1075 1379 in
1099 1337 1172 1382 eis.

425 1400 479 1442 V.
511 1418 530 1440 «
556 1401 651 1444 Vox
669 1403 843 1446 Domini
866 1415 1094 1452 conterens
1116 1410 1282 1456 cedros.
1315 1434 1332 1455 »
1359 1417 1452 1461 Vox
1474 1419 1646 1464 Domini
1664 1436 1764 1466 con-

368 1469 543 1514 tritione
574 1471 715 1516 cordis
743 1474 978 1522 humilians
1001 1482 1226 1539 superbos.
1266 1503 1286 1527 ‹<
1311 1488 1519 1534 Conteret
1552 1493 1764 1539 Dominus

367 1558 387 1581 »
424 1540 577 1586 cedros
600 1543 757 1588 Libani
774 1548 805 1589 ⁵.
839 1566 856 1587 »
883 1549 1091 1595 Conteret
1113 1568 1190 1612 per
1211 1557 1517 1615 poenitentiam
1554 1564 1765 1609 Dominus

365 1610 500 1656 elatos
524 1614 665 1658 nitore
688 1624 870 1661 terrente
894 1619 1153 1679 nobilitatis,
1181 1641 1280 1671 cum
1307 1628 1360 1672 ad
1383 1645 1454 1674 eos
1482 1632 1761 1681 confunden-

364 1682 442 1726 dos
475 1684 685 1742 ignobilia
719 1687 849 1748 hujus
872 1691 1028 1736 mundi
1051 1693 1274 1754 elegerit⁰‚
1306 1699 1350 1743 in
1379 1702 1540 1761 quibus
1563 1707 1762 1752 ostendat

364 1754 647 1799 Divinitatem
667 1772 804 1802 suam.

422 1827 498 1868 VI.
531 1845 549 1867 «
575 1829 632 1871 Et
653 1830 922 1875 comminuet
949 1848 1018 1878 eas
1050 1844 1261 1897 tanquam
1283 1841 1471 1888 vitulum
1507 1845 1663 1892 Libani
1676 1851 1706 1893 ⁷.
1735 1869 1757 1891 »

362 1897 419 1939 Et
441 1906 667 1955 amputata
688 1901 875 1959 superba
898 1903 1156 1952 celsitudine
1173 1909 1370 1969 illorum,
1397 1914 1590 1975 deponet
1610 1934 1682 1964 eos
1704 1921 1759 1965 ad

361 1967 650 2013 imitationem
684 1970 940 2018 humilitatis
984 1991 1100 2034 suae,
1133 1981 1209 2040 qui
1246 1992 1456 2045 tanquam
1490 1988 1654 2035 vitulus
1682 2008 1759 2052 per

362 2038 497 2097 ipsam
518 2040 647 2099 hujus
676 2043 824 2087 saeculi
852 2045 1127 2093 nobilitatem
1155 2052 1210 2096 ad
1242 2054 1464 2102 victimam
1493 2058 1651 2106 ductus
1675 2074 1753 2108 est.

365 2128 384 2149 ‹<
419 2109 663 2156 Astiterunt
690 2113 806 2157 enim
833 2130 953 2175 reges
976 2127 1127 2176 terrae,
1154 2132 1197 2167 et
1214 2125 1429 2186 principes
1454 2144 1756 2179 convenerunt

363 2196 383 2219 υ
419 2179 464 2224 in
499 2198 638 2226 unum
668 2184 871 2230 adversus
906 2190 1140 2235 Dominum
1164 2229 1175 2248 ‚
1214 2204 1257 2239 et
1291 2196 1495 2244 adversus
1532 2202 1755 2250 Christum

360 2268 380 2291 ³>
418 2252 549 2311 ejusss.
570 2257 626 2298 Et
643 2254 828 2301 dilectus
851 2258 963 2304 sicut
984 2260 1098 2305 filius
1122 2264 1415 2313 unicornium.
1435 2273 1581 2317 »Nam
1604 2283 1646 2318 et
1664 2275 1756 2335 ipse

358 2321 542 2369 dilectus
557 2335 689 2387 atque
702 2329 857 2374 unicus
877 2332 994 2376 Patri
1011 2334 1247 2381 exinanivit
1270 2354 1314 2383 se
1332 2341 1561 2388 nobilitate
1583 2361 1660 2390 sua
1681 2368 1692 2404 3
1711 2357 1753 2391 et

356 2394 497 2438 sactus
520 2406 583 2440 cst
611 2398 768 2456 homo,
794 2401 907 2447 sicut
928 2402 1040 2448 filius
1063 2405 1320 2454 Judaeorum
1348 2411 1643 2471 ignorantium
1658 2418 1753 2478 jus-

406 2492 512 2523 ¹1¹sat.
536 2504 650 2536 xxviii,
674 2507 702 2528 1.
719 2514 760 2519 —u
782 2505 794 2520 ²
813 2498 894 2531 Ibid.
917 2509 947 2532 2.
965 2518 1007 2523 -—
1024 2500 1036 2524 3
1056 2502 1139 2536 Ibid.
1158 2505 1188 2537 3.
1210 2523 1252 2528 -—
1270 2506 1286 2537 4
1301 2508 1380 2542 Ibid.
1400 2509 1432 2552 ί,
1454 2528 1496 2534 -—-
1516 2510 1628 2546 51bid.
1650 2515 1685 2546 5.
1708 2533 1750 2538 —-

357 2543 372 2565 ζ’
396 2559 405 2578 t
429 2552 499 2581 Cor.
519 2561 540 2586 ι,
562 2554 614 2583 ¹28.
633 2569 672 2574 *-
700 2562 712 2585 7
730 2555 807 2586 Psnl.
824 2567 934 2598 imvm,
960 2557 993 2589 6,
1015 2576 1055 2581 —
1074 2559 1088 2581 8
1113 2561 1158 2591 I-l.
1180 2573 1212 2601 u,
1230 2572 1261 2594 9..
