1833 3284
380 235 432 275 48
817 247 849 275 s.
888 248 910 276 Α
920 251 1116 277 causum
1149 251 1329 278 EPlSCOPI

383 331 402 352 »
439 312 615 356 liabuit¹
641 333 649 356 2
680 332 699 353 »
726 314 979 374 111111101111117
1006 314 1109 374 quia
1143 315 1276 360 modo
1308 330 1459 359 euram
1493 329 1644 360 eorum
1677 333 1766 362 non

379 383 599 437 habendo,
623 384 725 428 fecit
748 400 819 430 eos
843 384 1069 445 desperare
1087 384 1141 430 de
1156 385 1322 445 judicio
1341 387 1416 430 Dei
1436 406 1444 430 :
1463 386 1566 446 quia
1588 386 1769 447 impune

380 453 489 497 mala
511 452 746 499 faciebant.
774 475 789 495 «
818 459 874 500 Et
891 456 988 500 ideo
1007 456 1050 499 in
1070 456 1269 501 tenebras
1288 457 1435 501 traditi
1453 466 1581 501 sunt:
1604 476 1622 498 »
1649 458 1770 517 igno-

378 525 528 569 rantize
543 525 696 585 judicii
725 527 815 571 Dei.
849 548 868 568 «
895 531 951 571 Et
973 536 1150 587 repente
1174 537 1224 572 ut
1246 526 1339 583 fur,
1381 548 1398 570 »
1433 544 1504 574 eos
1537 530 1770 589 occupabit

378 594 469 640 dics
500 594 587 639 illc.
619 616 638 638 «
664 595 828 640 Oculus
856 596 1041 641 adulteri
1074 597 1276 642 observat
1298 599 1541 643 tenebras·2.
1570 618 1588 640 »
1613 602 1772 644 Osten-

380 664 482 709 dcrc
500 666 610 721 vult,
632 668 676 710 in
697 683 802 727 quas
828 668 1026 712 tenebras
1050 668 1279 713 tradantur
1297 670 1418 729 impii
1440 685 1517 729 per
1539 669 1773 729 impunita-

381 745 466 780 tem
489 757 496 781 ;
524 752 614 781 11οη
642 738 758 781 enim
789 753 857 782 eas
880 755 987 799 quas
1020 748 1199 799 captant
1230 739 1438 795 adulteri,
1465 750 1507 784 et
1528 741 1674 785 creteri
1695 741 1772 802 qui

380 807 491 851 male
514 806 681 852 faciunt
714 824 790 868 per
819 819 1017 865 noctem,
1043 827 1097 854 nc
1129 820 1416 869 agnoscantur
1438 827 1515 871 per
1536 811 1648 855 diem
1663 847 1674 867 ,
1696 810 1773 855 sed

381 878 474 923 illas
493 896 591 940 quae
614 880 744 924 etiam
768 897 896 925 mane
923 898 1052 941 super
1074 898 1147 926 eos
1170 891 1286 926 sunt.
1316 901 1334 924 «
1363 882 1554 927 Suss‘odit
1575 883 1620 926 in
1648 889 1772 926 tene-

385 971 404 993 »
441 952 528 996 bris
551 953 718 997 domos.
741 972 759 993 »
786 952 881 997 Alia
900 953 1012 997 mala
1031 952 1144 998 facta
1162 963 1487 999 commemorat.
1513 974 1533 996 «
1554 957 1635 997 Per
1656 952 1773 997 diem

387 1043 406 1066 »
443 1025 785 1083 obsignaverunt
807 1025 1056 1084 semetipsos
1078 1045 1085 1068 :
1111 1043 1130 1065 »
1158 1024 1506 1069 occultaverunt.
1524 1027 1651 1070 «Non
1667 1039 1772 1083 cog-

387 1116 406 1137 »
443 1104 661 1140 noverunt
693 1094 860 1150 lucem,
897 1096 1001 1155 quia
1031 1095 1159 1139 simul
1193 1095 1252 1139 eis
1287 1105 1435 1139 manet
1468 1095 1623 1139 umbra
1654 1110 1775 1139 mor-

387 1186 406 1207 »
446 1167 495 1211 tis
528 1186 535 1210 ;
572 1185 590 1206 η
628 1182 716 1211 non
750 1166 852 1226 quia
885 1181 971 1210 nox
1005 1166 1198 1220 recessit,
1224 1175 1452 1225 propterca
1483 1181 1556 1210 eos
1584 1165 1776 1209 deseruit

384 1238 538 1283 umbra
561 1237 725 1281 mortis.
744 1236 903 1280 «Levis
927 1246 990 1280 est
1010 1252 1139 1295 super
1160 1235 1315 1280 faeiem
1341 1238 1490 1297 aquae3
1509 1256 1516 1280 :
1543 1255 1563 1277 »
1588 1235 1643 1280 ad
1660 1250 1777 1281 com-

387 1309 654 1369 parationem
694 1317 839 1361 terrae⁷
879 1306 1193 1367 splendidiores
1239 1306 1478 1367 accipiendi
1511 1316 1634 1362 sunt,
1667 1323 1776 1368 quos

385 1381 460 1425 lux
482 1389 682 1440 penetrat
704 1389 746 1423 ct
769 1380 911 1438 imago
933 1378 1118 1423 levitatis
1136 1399 1144 1423 ε
1172 1370 1334 1423 ρι’ἰάρο
1352 1379 1455 1423 levis
1473 1389 1538 1423 est
1559 1394 1688 1439 super
1705 1394 1777 1424 eos

387 1452 542 1496 umbra
566 1451 727 1494 mortis.
755 1453 865 1494 Nam
889 1459 931 1493 et
953 1450 1033 1509 ipsi
1057 1459 1233 1509 portant
1255 1465 1350 1493 eam
1379 1466 1456 1510 per
1481 1449 1778 1494 conditionem

386 1524 539 1569 earnis.
566 1521 663 1575 Vel,
689 1541 708 1563 α
737 1521 858 1565 Levis
881 1530 944 1564 est
966 1536 1095 1580 super
1124 1520 1279 1564 faciem
1303 1536 1427 1580 aquae
1454 1540 1473 1561 n
1505 1521 1628 1576 dixit,
1648 1536 1778 1581 super

387 1610 458 1639 cos
480 1594 553 1654 qui
579 1593 623 1636 in
652 1592 868 1651 baptismo
902 1593 1183 1636 confitentur.
1216 1611 1235 1632 «
1271 1591 1558 1636 Malcdieatur
1585 1608 1681 1651 pars
1704 1608 1779 1637 eo-

389 1684 408 1706 »
446 1680 540 1708 rum
565 1679 693 1722 super
716 1672 889 1706 terram.
919 1680 938 1702 >›
969 1661 1121 1706 Sterile
1147 1661 1201 1705 sit
1229 1661 1349 1722 quod
1371 1661 1645 1721 delegerunt,
1670 1682 1689 1704 »
1716 1666 1779 1707 De

392 1756 409 1777 υ
447 1736 544 1780 sinu
567 1735 681 1778 enim
704 1732 973 1793 pupillorum
997 1742 1237 1792 rapuerunt
1259 1753 1266 1776 2
1302 1752 1319 1773 »
1346 1733 1400 1776 de
1430 1734 1560 1777 corde
1582 1733 1779 1778 infirmo-

389 1824 485 1852 rum
508 1807 691 1850 verbum
721 1821 797 1864 per
816 1804 974 1848 malam
997 1806 1256 1849 suasionem.
1282 1825 1301 1846 «
1330 1804 1494 1849 Deinde
1517 1820 1780 1850 rememora-

392 1900 411 1919 »
449 1889 541 1923 tum
565 1887 626 1921 est
648 1886 877 1936 peceatum
895 1878 1012 1936 ejus:
1043 1895 1061 1916 >›
1089 1875 1208 1936 quod
1235 1876 1415 1935 putabat
1436 1877 1480 1919 in
1512 1876 1779 1921 oblivionem

391 1950 553 1995 venire.
589 1968 609 1989 «
639 1950 902 1992 Conteratur
930 1946 1042 1990 sicut
1071 1946 1239 2005 liguum
1268 1946 1509 1990 insanabile
1533 1948 1672 1991 omnis
1697 1947 1780 1991 ini-

394 2041 414 2062 »
450 2035 587 2081 quus:
609 2038 628 2059 »
646 2016 766 2079 quod
783 2033 872 2061 non
885 2027 1020 2061 sanat.
1045 2037 1064 2058 ι(
1089 2017 1230 2061 Sterili
1246 2017 1362 2060 enim
1380 2033 1469 2061 non
1480 2017 1584 2061 fecit
1602 2018 1734 2062 bene:
1755 2037 1774 2059 »

391 2110 490 2155 quac
525 2092 616 2135 sine
649 2088 944 2134 consolatione
979 2088 1170 2133 filiorum
1204 2098 1280 2133 est.
1312 2109 1332 2131 «
1366 2092 1641 2147 Consurgens
1677 2106 1780 2149 ergo

395 2185 414 2205 )›
451 2178 540 2207 non
563 2160 700 2205 credit
720 2169 870 2204 contra
892 2159 1025 2203 vitam
1049 2159 1215 2203 suam⁴z
1245 2177 1264 2200 »
1296 2175 1386 2203 non
1415 2159 1554 2203 credit
1577 2160 1781 2204 adversus

391 2236 524 2279 vitam
548 2248 668 2277 suam
691 2251 699 2275 2
727 2230 881 2274 debuit
907 2230 1022 2273 enim
1057 2229 1232 2273 credere
1264 2230 1424 2274 malam
1454 2246 1497 2274 se
1524 2230 1687 2275 habere
1711 2231 1779 2275 vi-

395 2316 497 2359 tam,
518 2314 559 2348 et
582 2320 633 2347 eo
656 2303 748 2362 ipso
769 2317 1044 2360 consurgere.
1076 2321 1094 2342 «
1117 2304 1229 2346 Cum
1251 2301 1460 2345 infirmari
1476 2303 1673 2362 coeperit,
1691 2318 1779 2346 non

394 2395 414 2417 η
451 2384 594 2435 speret
619 2374 847 2418 sanitatem
877 2392 884 2416 :
917 2394 932 2413 »
963 2371 1176 2416 tribulari.
1209 2391 1227 2413 «
1263 2372 1346 2416 Sed
1378 2371 1495 2416 cadit
1519 2373 1563 2416 in
1590 2372 1778 2432 languo-

396 2466 414 2488 »
451 2448 576 2490 rcm5.
596 2464 615 2485 »
637 2443 759 2488 Tales
774 2444 889 2487 enim
903 2443 1061 2503 impius
1081 2442 1396 2488 consolationes
1414 2443 1570 2504 quaerit
1587 2443 1632 2487 in
1651 2445 1779 2489 rebus

442 2552 448 2567 ¹
475 2544 546 2574 Job.
574 2553 660 2582 xxiv,
682 2554 732 2575 11,
757 2552 857 2573 ¹2—
875 2549 886 2564 2
906 2541 982 2573 ibid.
1012 2540 1063 2583 14'4,
1088 2541 1136 2572 1:3-
1153 2559 1191 2562 ——
1212 2539 1224 2562 3
1248 2541 1327 2572 Ibid.
1359 2541 1517 2574 1618.-
1533 2539 1647 2573 4111111.
1670 2552 1774 2583 19-22.

403 2618 434 2624 --
450 2598 463 2620 :3
480 2599 559 2630 thid.
585 2598 636 2630 253.
