1833 3284
177 248 421 277 ENARnATio
453 250 485 276 11
518 250 563 277 ΙΝ
596 247 800 277 PsALMUM
834 251 1004 286 xxxin,
1039 248 1165 276 seuit.
1203 252 1249 276 11.
1331 239 1414 277 529

30 315 217 361 Domino
239 325 358 380 eigtra
381 331 575 377 quaerere
592 352 603 372 ,
639 315 713 361 sed
735 317 876 376 ipsum
911 316 1146 361 Dominum
1168 332 1339 377 quaere,
1374 327 1418 361 et

30 385 230 431 exaudiet
250 396 309 442 te,
330 395 373 430 et
396 385 540 431 adhuc
561 396 603 430 te
622 385 830 447 loquente
847 386 960 431 dicet
977 406 985 431 :
1008 406 1027 429 «
1044 391 1157 432 Ecce
1177 387 1330 431 adsum
1344 389 1374 430 1.
1391 394 1410 428 5>

29 455 146 510 Quid
164 465 248 512 est,
277 475 298 499 «
322 459 436 501 Ecce
458 455 640 501 adsum?
664 475 684 498 n
707 460 819 501 Ecce
840 472 1028 516 praesens
1050 473 1168 512 sum,
1194 457 1302 518 quid
1324 458 1418 502 vis?

27 526 135 587 quid
156 543 181 571 a
203 543 272 572 me
291 527 450 588 quaeris
468 528 486 568 ‘?
502 526 730 588 Quidquid
744 527 822 571 tibi
840 527 1024 582 dedero,
1048 527 1175 572 vilius
1197 537 1261 572 est
1282 543 1413 588 quam

28 612 107 656 ego
127 613 136 638 :
162 613 232 641 me
251 597 394 658 ipsum
412 598 542 652 habe,
562 613 631 641 me
648 597 812 652 fruere,
828 613 897 641 me
914 597 1174 657 amplectere
1194 598 1415 643 :nondum

27 677 150 728 potes
168 677 307 726 totus3
333 684 384 712 ex
404 667 491 712 fide
513 668 718 727 continge
736 683 821 723 me,
842 677 886 712 et
906 669 1137 713 inhaercbis
1159 668 1266 713 mihi
1281 704 1291 724 ,
1308 672 1324 726 (
1335 670 1419 713 hoc

27 738 107 783 tibi
129 742 242 783 Deus
269 739 377 783 dicit
393 741 436 796 ,)
458 748 502 782 et
522 748 677 783 caetera
705 755 835 783 onera
857 748 931 783 tua
957 754 1035 797 ego
1058 756 1081 783 a
1103 749 1148 783 te
1170 739 1386 798 deponam
1406 775 1416 794 ,

28 819 79 855 ut
95 819 213 854 totus
228 810 335 854 mihi
351 810 578 864 inhaereas,
597 825 697 854 cum
718 810 802 854 hoc
822 810 1004 855 mortale
1023 820 1149 854 tuum
1167 811 1223 854 ad
1240 811 1421 855 immor-

31 879 241 925 talitatem
263 884 545 925 convertero²
563 902 574 937 ᾖ,
609 889 659 924 ut
688 880 742 924 sis
766 879 944 940 aequalis
977 879 1150 938 Angelis
1187 881 1334 936 meis3,
1377 891 1420 926 et

27 968 197 1012 semper
211 951 358 997 videas
375 951 528 996 faciem
547 968 705 1007 meam,
724 961 767 995 et
782 951 983 1010 gaudeas,
1000 962 1042 996 et
1066 952 1273 1011 gaudium
1291 962 1419 996 tuum

32 1039 162 1068 nemo
184 1022 353 1068 auferet
369 1039 391 1067 a
405 1023 472 1066 te⁴
487 1045 498 1080 ·,
516 1023 617 1083 quia
633 1023 847 1083 inquisisti
872 1023 1123 1077 Dominum,
1141 1032 1184 1067 et
1202 1024 1422 1068 exaudivit

29 1102 95 1149 te,
115 1103 160 1138 et
180 1109 231 1138 ex
252 1093 457 1138 omnibus
474 1093 829 1137 tribulationibus
853 1093 936 1137 tuis
955 1095 1065 1137 eruit
1085 1103 1143 1137 te.

87 1166 145 1209 X.
171 1165 367 1209 Diximus
389 1165 485 1225 quis
508 1173 618 1208 esset
642 1165 907 1218 exhortator,
929 1173 1095 1207 amator
1115 1163 1205 1218 ille,
1231 1165 1309 1224 qui
1333 1180 1423 1210 non

29 1235 145 1281 solus
168 1236 264 1281 vult
290 1235 493 1296 amplecti
516 1235 638 1295 quod
670 1245 807 1290 amat,
841 1244 883 1278 et
911 1234 1016 1279 dicit
1042 1254 1050 1279 :
1086 1254 1106 1276 «
1132 1235 1335 1280 Accedite
1368 1236 1423 1280 ad
1453 1224 1469 1231 ’

32 1326 52 1348 »
87 1322 205 1356 eum,
230 1315 274 1350 et
289 1306 611 1350 illuminamini.
632 1324 652 1346 ³>
672 1306 785 1349 Dicit
806 1306 919 1349 enim
945 1305 1066 1366 quod
1086 1306 1177 1365 ipse
1197 1307 1414 1365 probavit.

30 1376 242 1437 Spiritalis
263 1377 379 1421 enim
400 1375 578 1437 quidam
595 1375 642 1419 in
666 1391 846 1435 corpore
879 1376 1063 1430 Christi,
1093 1376 1163 1420 vel
1185 1377 1313 1421 etiam
1331 1377 1427 1437 ipse,

26 1450 240 1494 Dominus
268 1457 415 1493 noster
433 1451 556 1492 Jesus
583 1447 780 1492 Christus
803 1447 1045 1491 secundum
1065 1463 1262 1503 carnem,
1289 1458 1422 1509 caput

27 1522 258 1565 exhortans
271 1520 468 1564 membra
490 1528 663 1569 caetera,
684 1518 791 1579 quid
813 1519 946 1563 dicit?
962 1538 981 1561 «
999 1519 1203 1563 Accedite
1227 1520 1280 1563 ad
1299 1535 1417 1576 eum,

29 1610 49 1633 »
86 1601 130 1635 et
149 1590 497 1636 illuminamini5.
526 1608 546 1631 »
574 1593 663 1634 Aut
685 1589 829 1649 potius
858 1589 1129 1633 Christianus
1152 1589 1307 1650 aliquis
1329 1591 1419 1650 spi-

27 1662 161 1706 ritalis
183 1661 238 1706 ad
259 1661 403 1722 ipsum
428 1660 666 1705 Dominum
698 1669 897 1704 nostrum
921 1662 1069 1703 Jesurn
1099 1660 1322 1705 Christum
1345 1661 1416 1705 in-

26 1734 134 1779 vitat
154 1743 205 1778 ut
226 1733 498 1778 accedamus.
528 1731 612 1777 Sed
632 1730 886 1776 accedamus
915 1730 970 1775 ad
988 1746 1108 1786 eum,
1134 1741 1177 1776 et
1197 1730 1420 1776 illumine-

27 1820 154 1863 mur,
178 1820 266 1848 non
287 1802 511 1865 quomodo
533 1801 590 1847 ad
610 1817 711 1846 eum
733 1810 1006 1846 accesserunt
1027 1804 1050 1845 J
1057 1800 1171 1845 udaei
1187 1837 1197 1857 ,
1224 1812 1274 1846 ut
1296 1813 1418 1847 tene-

27 1876 274 1920 brarentur.
305 1878 592 1919 Accesserant
619 1873 736 1917 enim
756 1873 810 1920 ad
832 1871 979 1926 illurn,
1010 1881 1060 1915 ut
1080 1873 1384 1931 crucifigerent
1406 1894 1414 1918 :

27 1962 106 1991 nos
124 1945 180 1990 ad
201 1960 300 1990 eum
319 1943 597 1998 accedamus,
623 1952 673 1987 ut
701 1958 858 2001 corpus
878 1951 922 1986 et
949 1943 1205 2001 sanguinem
1233 1945 1325 2004 ejus
1347 1960 1420 1988 ac-

27 2018 252 2077 cipiamus.
269 2014 338 2060 Illi
350 2015 406 2060 de
423 2014 627 2059 crucifixo
643 2012 858 2057 tenebrati
880 2022 1002 2057 sunt:
1018 2028 1096 2057 nos
1109 2013 1417 2060 manducando

27 2088 284 2133 crucifixum
305 2094 350 2130 et
369 2083 564 2129 bibendo
595 2083 910 2128 illuminamur.
941 2102 963 2126 «
987 2083 1193 2128 Accedite
1215 2085 1271 2128 ad
1288 2100 1412 2141 eum,

30 2177 52 2202 »
87 2168 131 2204 et
164 2156 497 2211 illuminamini,
526 2174 547 2197 »
580 2170 680 2200 ecce
712 2155 926 2199 Gentibus
961 2154 1134 2199 dicitur.
1174 2156 1416 2201 Crucifixus

27 2230 226 2276 Christus
245 2229 360 2273 inter
380 2230 404 2272 J
410 2226 556 2271 udaeos
583 2236 675 2271 erat
697 2226 920 2270 saevientes
944 2234 987 2269 et
1007 2225 1204 2270 videntes
1219 2262 1230 2282 ,
1256 2229 1417 2272 Gentes

28 2300 227 2344 absentes
242 2307 367 2343 erant
386 2317 395 2342 :
417 2313 516 2342 ecce
536 2295 601 2340 illi
615 2304 886 2341 accesserunt
902 2296 979 2356 qui
996 2296 1042 2339 in
1062 2297 1251 2341 tenebris
1273 2307 1411 2351 erant,

27 2379 73 2414 et
92 2370 168 2430 qui
188 2384 280 2413 non
299 2367 507 2412 viderunt
527 2366 762 2410 illuminati
783 2376 896 2410 sunt.
927 2365 1051 2410 L'nde
1069 2367 1283 2411 accedunt
1298 2370 1417 2412 Gen-

30 2443 123 2486 tes?
145 2439 254 2485 Fide
280 2438 510 2493 sectando,
533 2438 664 2482 corde
684 2437 917 2491 inhiand0‚
949 2438 1158 2482 charitate
1179 2439 1411 2484 currendo.

79 2546 86 2563 ¹
107 2539 176 2572 lsai.
192 2548 266 2579 mxv,
281 2536 336 2579 24.
365 2554 408 2559 —
426 2543 439 2559 ²
469 2548 481 2568 1
499 2537 571 2568 Cor.
589 2546 642 2578 xv,
663 2534 717 2578 54.
738 2552 779 2558 —-
800 2533 813 2557 3
831 2535 944 2567 Matth.
967 2546 1050 2576 xxix,
1072 2536 1124 2569 30.
1142 2553 1183 2559 —
1201 2535 1217 2566 4
1234 2539 1326 2569 Joan.
1347 2550 1416 2580 xvi,

31 2604 85 2628 22.
103 2612 145 2618 —-
163 2593 178 2619 5
193 2593 273 2627 psal.
289 2604 410 2635 xxxin,
427 2592 461 2624 6.

216 2656 337 2689 cxxv.
1128 2646 1180 2685 374
