1833 3284
419 226 502 265 354
861 236 894 263 s.
933 238 1162 264 Atots'rmr
1196 238 1376 265 misceri

413 292 553 350 legem
567 326 577 345 ,
603 290 803 350 implebis
826 293 947 334 eam?
964 294 1061 336 Non
1084 290 1265 336 auderet
1282 301 1450 352 petere,
1477 292 1557 335 nisi
1577 291 1717 351 primo
1739 290 1807 335 dj-

414 372 551 407 ceret:
569 382 582 399 «
602 361 813 406 Dominus
833 371 979 406 autem
992 362 1179 421 suscepit
1202 377 1282 405 me.
1300 365 1429 406 »Non
1445 361 1624 407 auderet
1641 372 1804 422 petere,

414 432 494 476 nisi
518 432 656 492 primo
671 431 856 477 diceret:
882 431 1068 492 Adjutor
1080 447 1200 476 meus
1219 442 1324 477 esto.
1348 435 1462 491 Ergo
1483 432 1517 476 si
1540 443 1586 476 tu
1604 431 1805 493 adjuvas,

414 503 448 548 si
473 514 521 549 tu
534 504 728 564 suscipis,
744 504 798 548 da
816 503 957 563 legem
975 523 983 547 ;
1008 523 1028 545 «
1051 507 1209 562 Legem
1230 503 1333 547 mibi
1354 503 1584 557 constitue,
1608 503 1806 556 Domine,

420 594 439 616 »
460 575 507 619 in
523 576 590 620 via
613 585 700 619 tua.
726 594 744 615 »
768 578 884 634 Ergo
906 575 1047 634 legem
1077 575 1184 618 mihi
1212 576 1426 620 constitue
1455 576 1499 619 in
1518 575 1691 620 Christo
1713 583 1805 618 tuo.

416 650 515 707 Ipsa
538 646 654 690 enim
677 646 744 690 via
762 645 907 691 locuta
930 655 994 690 est
1016 646 1137 690 nobis
1152 681 1162 700 ‚
1196 655 1239 689 et
1262 645 1370 690 dixit
1392 666 1400 690 ;
1427 666 1446 688 «
1473 649 1566 705 Ego
1594 660 1690 689 sum
1714 643 1807 700 via,

417 735 438 757 >›
463 717 622 761 veritas
641 726 684 760 et
705 717 835 760 vita¹.
867 735 886 757 »
909 719 996 760 Lex
1014 717 1057 760 in
1080 716 1253 761 Christo
1268 752 1278 772 ‚
1304 716 1372 761 lex
1397 732 1499 761 cum
1516 714 1811 769 misericordia

416 797 494 833 est.
519 791 615 848 Ipsa
639 796 703 832 est
725 787 933 848 sapientia
949 824 959 843 ‚
981 788 1035 832 de
1055 804 1142 849 qua
1169 788 1379 848 scriptum
1401 797 1464 832 est
1482 807 1490 831 :
1515 807 1534 829 «
1556 790 1715 845 Lege-m
1730 801 1810 830 au·-

419 877 438 899 »
468 869 554 903 tem
573 869 616 903 et
632 858 968 903 misericordiam
988 859 1033 903 in
1049 858 1196 917 lingua
1215 863 1398 919 portast.
1420 878 1437 899 »
1457 862 1514 903 Et
1531 858 1563 902 si
1579 856 1813 902 offenderis

417 930 583 992 aliquid
604 930 649 974 in
667 929 785 990 lege3
804 930 875 974 ille
889 931 965 991 qui
981 946 1058 990 pro
1074 940 1115 974 tc
1135 929 1250 975 fudit
1265 931 1518 989 sanguinem
1536 944 1663 974 suum
1678 964 1689 984 ‚
1705 944 1813 973 con-

418 1002 555 1046 fitenti
572 1002 757 1061 ignoscit
779 1002 859 1045 tibi
878 1021 886 1045 ;
906 1011 953 1045 tu
972 1011 1144 1045 tantum
1162 1002 1276 1045 viam
1296 1002 1385 1045 noli
1404 1001 1616 1056 deserere,
1637 1000 1706 1044 dic
1720 998 1784 1043 illi
1801 1019 1809 1043 ε

420 1076 653 1134 Susceptor
674 1089 795 1117 meus
815 1082 921 1117 esto.
939 1093 959 1115 «
982 1076 1038 1117 Et
1056 1073 1192 1132 dirige
1216 1088 1285 1116 me
1302 1073 1347 1116 in
1365 1073 1515 1117 semita
1542 1081 1657 1116 recta
1684 1087 1816 1132 prop-

422 1162 442 1185 »
471 1154 534 1189 ter
557 1145 753 1189 inimicos
776 1160 894 1188 meos
910 1145 941 1187 ³.
971 1163 990 1185 n
1019 1147 1176 1202 Legem
1200 1143 1272 1199 da,
1288 1143 1363 1188 sed
1387 1160 1440 1188 ne
1456 1143 1626 1188 auferas
1649 1143 1815 1187 miseri-

419 1215 611 1260 cordiam
629 1235 636 1259 ;
656 1215 732 1276 qui
746 1215 854 1259 dixit
871 1216 914 1258 in
929 1213 1012 1259 alio
1031 1214 1199 1259 Psalmo
1219 1234 1227 1259 :
1251 1235 1270 1256 «
1293 1217 1400 1260 Nam
1421 1224 1464 1259 et
1477 1214 1814 1259 misericordiam

405 1304 441 1346 v»
468 1285 616 1340 dabit⁷
641 1286 716 1346 qui
736 1284 877 1344 legem
900 1284 1068 1329 dedit4.
1094 1303 1113 1326 »
1141 1288 1278 1344 Ergo,
1298 1305 1318 1327 «
1344 1289 1504 1345 Legem
1522 1286 1628 1329 mihi
1651 1284 1816 1330 consti-

422 1375 442 1397 »
470 1365 560 1412 tue,
584 1356 785 1411 Domine,
811 1356 855 1399 in
878 1356 944 1399 via
957 1365 1048 1411 tua⁷
1068 1374 1088 1396 »
1114 1356 1198 1400 hoc
1217 1357 1272 1400 ad
1296 1366 1563 1416 praeceptum
1586 1356 1777 1416 pertinet
1802 1376 1812 1401 :

420 1425 476 1471 ad
497 1425 834 1470 misericordiam
868 1425 976 1487 quid
1000 1427 1218 1486 pertinet?
1245 1446 1264 1469 «
1293 1430 1350 1471 Et
1367 1427 1504 1486 dirige
1528 1441 1620 1482 me,
1646 1427 1812 1488 inquit,

423 1517 442 1539 ›)
472 1498 517 1541 in
539 1497 691 1541 semita
715 1506 828 1540 recta
843 1532 853 1551 ‚
876 1506 1056 1556 propter
1071 1497 1269 1542 inimicos
1292 1513 1426 1542 meos.
1465 1517 1486 1539 »

478 1570 599 1612 XXI.
623 1587 642 1609 «
663 1570 725 1612 Ne
751 1566 976 1611 tradideris
994 1583 1064 1611 me
1082 1567 1127 1610 in
1139 1568 1302 1612 animas
1326 1567 1633 1612 tribulantium
1654 1570 1749 1612 me⁵
1766 1587 1776 1612 ι
1792 1586 1813 1610 »

420 1639 466 1684 id
487 1650 572 1696 est,
599 1655 655 1684 ne
674 1639 944 1684 consentiam
971 1639 1283 1685 tribulantibus
1303 1656 1387 1684 mc.
1419 1639 1462 1685 Si
1484 1640 1601 1684 enim
1629 1655 1815 1685 cousen-

421 1711 523 1756 seris
546 1710 773 1755 tribulanti
809 1719 850 1754 te
872 1710 918 1753 in
936 1710 1127 1754 animam
1159 1710 1314 1771 ipsius,
1351 1709 1546 1771 quodam
1565 1710 1696 1755 modo
1726 1726 1817 1756 non

422 1782 649 1828 devorabit
665 1798 863 1837 carnem,
897 1780 974 1826 sed
995 1780 1222 1826 voluntate
1248 1798 1446 1842 perversa
1475 1782 1665 1827 animam
1697 1792 1833 1827 tuam*

420 1854 720 1899 manducabit.
751 1873 771 1895 «
804 1856 867 1898 Ne
897 1853 1126 1897 tradideris
1146 1868 1216 1897 me
1243 1854 1289 1898 in
1319 1854 1482 1898 animas
1511 1854 1819 1898 tribulantium

424 1945 445 1967 »
473 1941 556 1970 me.
591 1945 611 1967 η
647 1925 812 1980 Trade,
838 1925 872 1968 si
908 1925 992 1968 hoc
1024 1922 1189 1984 placet,
1225 1925 1271 1969 in
1300 1941 1453 1969 manus
1491 1925 1813 1971 tribulantium.

422 1998 632 2043 Dixerunt
649 1997 765 2041 enim
782 1998 865 2041 hoc
882 1995 944 2040 illi
966 1999 1196 2055 Martyres,
1217 2006 1260 2041 et
1282 1996 1461 2042 tradidit
1477 2013 1576 2042 suos
1596 1998 1641 2042 in
1663 2013 1817 2042 manus

422 2060 746 2114 tribulantium.
779 2067 864 2113 Sed
893 2066 1002 2128 quid
1035 2067 1238 2113 tradidit?
1268 2071 1469 2114 Carnem.
1503 2069 1634 2123 Quod
1656 2069 1818 2114 dicitur

421 2141 466 2185 in
488 2140 602 2185 libro
623 2140 708 2185 Job
732 2159 740 2185 :
766 2159 785 2181 «
812 2142 941 2184 Terra
964 2138 1120 2184 tradita
1144 2149 1208 2184 est
1230 2140 1276 2184 in
1298 2155 1451 2184 manus
1473 2141 1646 2200 impiiss:
1670 2159 1690 2182 »
1716 2157 1818 2187 caro

422 2212 581 2257 tradita
611 2221 676 2256 est
702 2211 748 2254 in
778 2226 931 2254 manus
959 2212 1260 2270 persecutoris.
1292 2231 1312 2254 (ι
1338 2215 1399 2256 Ne
1423 2211 1650 2256 tradideris
1674 2228 1769 2268 me,
1792 2230 1812 2253 »

423 2300 514 2328 non
536 2298 711 2328 carnem
730 2298 870 2326 meam
887 2318 898 2338 ,
916 2282 991 2326 sed
1011 2297 1095 2326 me.
1121 2283 1278 2326 Anima
1304 2284 1379 2327 tibi
1395 2283 1576 2344 loquor,
1597 2298 1718 2327 mens
1736 2283 1816 2328 tibi

422 2356 580 2417 loquor
603 2375 612 2400 :
640 2371 730 2400 non
751 2354 850 2399 dico
866 2390 877 2410 ‚
909 2353 1007 2399 Noli
1032 2353 1202 2398 tradere
1228 2371 1404 2400 carnem
1432 2370 1572 2399 meam
1595 2355 1640 2398 in
1663 2371 1814 2400 manus

423 2427 732 2472 tribulantium
755 2442 852 2484 me3
875 2426 973 2482 sed,
1004 2445 1026 2468 a
1054 2425 1152 2472 Noli
1179 2442 1250 2471 mc
1273 2427 1444 2473 tradere
1470 2429 1516 2473 in
1547 2428 1710 2473 animas
1734 2428 1814 2473 tri-

475 2532 483 2548 ¹
501 2528 592 2558 Joan.
612 2536 678 2568 xiv,
690 2524 724 2558 6.
744 2541 786 2547 —-
807 2531 820 2547 ²
840 2527 933 2557 Prov.
950 2535 1039 2565 xxxi,
1054 2524 1109 2557 26.
1122 2541 1165 2547 —-
1181 2522 1194 2547 ³
1209 2524 1292 2558 Psal.
1312 2536 1399 2567 xxvi,
1422 2537 1472 2558 11.
1489 2523 1556 2550 *A
1574 2525 1766 2568 Iduum,
1778 2526 1810 2559 8.

427 2598 469 2605 -—·
491 2579 570 2613 ⁵1d.
594 2590 755 2621 uvi,12.
777 2597 818 2603 —-
836 2579 852 2602 ⁶
869 2579 1009 2621 Job.1x‚
1035 2579 1088 2622 24.
1508 2577 1511 2581 ’
