1833 3284
401 290 479 326 128
839 296 873 324 5,.
910 295 1139 323 AUGUS'MNI
1172 297 1352 324 Erlscom

395 364 518 423 quod
535 367 659 406 erant
676 396 687 416 ‚
713 371 756 405 et
777 360 1109 405 transmutando
1129 361 1175 404 in
1193 360 1237 405 id
1251 360 1373 422 quod
1394 361 1485 420 ipse
1501 370 1625 404 esset.
1651 364 1708 405 Et
1729 361 1783 405 de

399 435 463 478 his
485 433 690 477 dentibus
704 433 909 477 Ecclesiae
932 432 1090 476 dieitur
1111 451 1119 478 :
1152 435 1345 477 «Dentes
1365 432 1426 476 tui
1448 432 1561 476 sicut
1581 447 1681 491 grex
1703 431 1784 476 de-

402 523 423 547 »
459 514 684 549 tonsarum
707 504 942 548 ascendens
974 503 1028 546 de
1050 502 1246 558 lavaero,
1284 519 1385 564 quae
1420 518 1569 547 omnes
1592 503 1785 561 geminos

400 594 420 617 »
455 575 633 635 pariunt
647 610 657 630 ‚
674 584 718 619 et
736 574 892 618 sterilis
910 589 1001 618 non
1023 573 1148 618 estin
1169 573 1252 618 illis
1272 576 1302 617 1.
1332 591 1352 615 »
1375 573 1431 618 Hi
1450 582 1552 617 sunt
1572 573 1649 633 qui
1670 582 1786 618 recte

396 645 684 705 praecipiunt,
705 654 748 689 et
763 642 1134 704 quemadmodum
1149 644 1409 703 praecipiunt
1424 644 1484 688 ita
1506 643 1661 688 vivunt
1678 662 1686 688 :
1709 644 1787 704 qui

396 716 564 761 faciunt
585 715 706 776 quod
728 715 896 759 dictum
917 723 981 759 est
1013 734 1021 759 :
1062 717 1294 759 «Luceant
1322 730 1452 774 opera
1473 723 1615 759 vestra
1640 729 1787 759 coram

399 805 419 828 »
456 786 724 841 hominibus,
746 795 796 830 ut
812 784 1076 829 benedicant
1099 788 1271 829 Patrem
1286 794 1481 830 vestrum
1501 785 1578 844 qui
1599 785 1645 829 in
1663 784 1787 829 coelis

399 875 419 898 υ
455 860 560 901 est'2.
582 875 602 898 >›
630 859 800 902 Horum
823 857 940 901 enim
957 856 1216 900 auctoritate
1235 856 1467 911 commoti,
1489 858 1580 900 Deo
1595 871 1672 915 per
1692 854 1789 900 illos

395 927 595 987 loquenti
622 936 666 972 et
689 927 888 987 operanti
919 926 1117 971 homines
1148 925 1360 982 credunt,
1389 935 1433 971 et
1456 926 1641 985 separati
1663 941 1686 969 a
1709 941 1788 970 sae-

395 997 496 1042 culo
518 998 588 1042 cui
604 997 865 1043 conformati
881 1006 1020 1052 erant,
1040 997 1086 1041 in
1106 996 1311 1042 Ecclesiae
1329 997 1525 1041 membra
1543 1006 1785 1041 transeunt.

396 1072 454 1113 Et
481 1068 579 1112 ideo
609 1078 725 1113 recte
754 1069 848 1124 isti,
884 1084 962 1129 per
989 1085 1099 1129 qauos
1126 1070 1220 1114 haec
1240 1071 1376 1126 fiunt,
1402 1069 1554 1114 dentes
1582 1069 1790 1115 dicuntur

396 1139 587 1184 detonsis
610 1140 764 1184 ovibus
791 1140 950 1185 similes
966 1176 977 1194 ,
1008 1141 1112 1201 quia
1133 1151 1404 1185 terrenarum
1425 1157 1629 1186 curarum
1659 1156 1790 1186 onera

395 1210 723 1270 deposuerunt,
747 1221 790 1255 et
813 1211 1096 1256 ascendentes
1121 1211 1176 1256 de
1202 1212 1399 1268 lavacro,
1421 1212 1476 1256 de
1501 1211 1695 1257 sordium
1716 1228 1789 1256 sae-

396 1282 485 1327 culi
514 1281 740 1326 ablutione
761 1298 839 1342 per
867 1293 1185 1327 sacramentum
1209 1284 1502 1343 baptismatis,
1536 1299 1686 1328 omnes
1713 1298 1790 1341 ge-

396 1353 536 1397 minos
559 1353 750 1412 pariunt.
775 1356 1023 1412 Operantur
1045 1354 1163 1397 enim
1186 1353 1276 1398 duo
1290 1363 1528 1414 praecepta,
1555 1354 1609 1398 de
1631 1354 1790 1414 quibus

396 1423 565 1466 dietum
587 1432 650 1470 est
668 1442 676 1467 :
708 1442 728 1464 «
755 1426 807 1467 In
828 1423 894 1467 his
914 1423 1087 1468 duobus
1111 1424 1338 1484 praeceptis
1356 1433 1448 1469 tota
1460 1427 1547 1468 Lex
1564 1423 1728 1484 pendet
1747 1434 1792 1468 et

398 1513 418 1535 »
455 1495 711 1554 Prophetae³
730 1514 739 1538 2
760 1513 780 1535 »
806 1494 1035 1552 diligentes
1058 1499 1198 1540 Deum
1218 1512 1268 1540 ex
1285 1505 1379 1541 toto
1397 1496 1550 1551 eorde,
1568 1504 1680 1541 etex
1698 1505 1791 1541 tota

394 1565 560 1620 anima,
586 1574 630 1609 et
651 1581 702 1609 ex
726 1574 815 1609 tota
833 1575 1000 1621 mente,
1027 1575 1069 1609 et
1090 1567 1338 1625 proximum
1358 1576 1568 1627 tanquam
1590 1581 1634 1610 se
1657 1567 1786 1626 ipsos.

396 1637 448 1678 In
470 1635 631 1694 quibus
654 1635 808 1679 sterilis
830 1651 921 1679 non
943 1644 1028 1690 est,
1050 1637 1258 1695 quoniam
1276 1636 1384 1681 tales
1406 1636 1576 1680 fruetus
1597 1636 1791 1681 reddunt

395 1707 500 1749 Deo.
529 1705 781 1750 Secundum
802 1721 906 1765 ergo
938 1707 1069 1750 istum
1101 1706 1375 1751 intellectum
1403 1707 1463 1751 sic
1485 1707 1790 1767 accipiendum

395 1787 459 1822 est
476 1813 487 1832 ‚
517 1796 538 1819 ‹<
554 1780 713 1821 Dentes
732 1787 1011 1836 peccatorum
1031 1778 1299 1833 contrivisti,
1326 1796 1345 1820 »
1371 1778 1417 1822 id
1434 1787 1498 1822 est
1514 1813 1525 1833 ‚
1549 1778 1595 1822 in
1616 1778 1790 1823 irritum

395 1848 610 1892 adduxisti
624 1848 837 1907 principes
855 1858 1150 1908 peccatorum,
1170 1848 1457 1909 percutiendo
1476 1864 1626 1893 omnes
1640 1849 1789 1894 adver-

393 1929 535 1964 santes
570 1919 677 1963 mihi
708 1920 799 1963 sine
826 1936 970 1964 causa.
1009 1920 1230 1980 Principes
1261 1920 1378 1963 enim
1412 1935 1512 1963 eum
1546 1919 1789 1964 secundum

393 1991 686 2049 evangelicam
709 1991 932 2035 historiam
956 1992 1171 2051 persecuti
1194 2001 1317 2047 sunt,
1343 2006 1446 2035 eum
1467 1990 1706 2036 multitudo
1727 1991 1788 2035 in-

393 2060 525 2106 ferior
546 2063 797 2106 honoraret.

453 2135 577 2176 Vlll,
617 2133 819 2177 «Domini
838 2142 902 2177 est
920 2133 1055 2187 salus,
1081 2142 1124 2177 et
1136 2147 1266 2192 super
1282 2133 1498 2193 populum
1514 2142 1641 2178 tuum
1660 2133 1788 2177 bene-

396 2222 414 2243 »
451 2203 585 2248 dictio
613 2205 729 2247 tua4.
759 2222 778 2245 »
812 2206 862 2247 In
884 2219 972 2248 una
1007 2204 1221 2248 sententia
1244 2213 1287 2248 et
1307 2205 1514 2264 praecepit
1535 2204 1788 2249 hominibus

390 2273 499 2333 quid
521 2272 770 2329 crederent,
797 2283 840 2317 et
863 2289 941 2333 pro
954 2273 1234 2318 credentibus
1249 2275 1402 2319 oravit.
1421 2277 1555 2330 Nam,
1580 2273 1787 2318 «Domini

396 2362 416 2385 »
452 2354 516 2388 est
549 2343 663 2388 salus
688 2363 707 2385 ³)
748 2358 849 2388 cum
877 2343 1058 2400 dicitur,
1096 2344 1151 2388 ad
1174 2345 1374 2390 homines
1395 2361 1536 2390 sermo
1564 2344 1783 2403 dirigitur.

390 2418 477 2460 Nec
512 2415 570 2459 ita
595 2415 813 2475 sequitur,
847 2435 864 2455 «
885 2418 941 2460 Et
962 2430 1090 2474 super
1119 2415 1333 2475 populum
1373 2431 1500 2460 suum
1535 2414 1786 2460 benedictio

393 2505 412 2527 »
448 2487 560 2545 ejus,
594 2508 609 2528 »
641 2496 690 2531 ut
716 2496 855 2531 totum
877 2487 1129 2532 hominibus
1153 2487 1321 2532 dictum
1343 2489 1397 2532 sit
1422 2507 1431 2533 :
1457 2487 1534 2532 sed
1556 2486 1611 2531 ad
1641 2486 1783 2546 ipsum

390 2561 528 2602 Deum
553 2558 689 2602 oratio
707 2558 991 2614 convertitur,
1018 2574 1096 2618 pro
1116 2559 1208 2619 ipso
1226 2559 1391 2620 populo
1408 2559 1480 2604 cui
1503 2558 1672 2603 dictum
1695 2567 1778 2602 est:

441 2649 449 2664 ¹
469 2645 559 2674 (ζωή,
580 2653 624 2685 iv,
639 2651 672 2685 2,
693 2646 727 2674 et
739 2654 782 2685 vi,
802 2642 833 2673 si.
848 2660 888 2665 --
901 2649 914 2665 ²
930 2642 1044 2675 Matth.
1059 2653 1089 2683 v,
1108 2643 1158 2675 16.
1180 2661 1209 2665 =—-
1226 2641 1239 2666 3
1258 2644 1303 2676 Id.
1326 2655 1402 2686 xxn,
1421 2642 1475 2686 4ο.
1490 2661 1532 2666 --
1546 2642 1562 2675 4
1581 2639 1781 2684 Psal.1n‚9.
