<?xml version="1.0" encoding="UTF-8"?>
<!DOCTYPE html PUBLIC "-//W3C//DTD XHTML 1.0 Transitional//EN"
    "http://www.w3.org/TR/xhtml1/DTD/xhtml1-transitional.dtd">
<html xmlns="http://www.w3.org/1999/xhtml" xml:lang="en" lang="en">
 <head>
  <title>
</title>
<meta http-equiv="Content-Type" content="text/html;charset=utf-8" />
  <meta name='ocr-system' content='tesseract 3.04.00' />
  <meta name='ocr-capabilities' content='ocr_page ocr_carea ocr_par ocr_line ocrx_word'/>
</head>
<body>
  <div class='ocr_page' id='page_1' title='image "./operaomniaaccura07auguuoft_0218.png"; bbox 0 0 1833 3284; ppageno 0'>
   <div class='ocr_carea' id='block_1_1' title="bbox 371 189 1325 227">
    <p class='ocr_par' dir='ltr' id='par_1_1' title="bbox 371 189 1325 227">
     <span class='ocr_line' id='line_1_1' title="bbox 371 189 1325 227; baseline -0.006 0"><span class='ocrx_word' id='word_1_1' title='bbox 371 189 457 227; x_wconf 77' lang='lat'>206</span> <span class='ocrx_word' id='word_1_2' title='bbox 811 196 843 222; x_wconf 81' lang='lat' dir='ltr'>s.</span> <span class='ocrx_word' id='word_1_3' title='bbox 882 194 1113 223; x_wconf 74' lang='lat' dir='ltr'>AuousTmr</span> <span class='ocrx_word' id='word_1_4' title='bbox 1145 195 1325 222; x_wconf 81' lang='lat' dir='ltr'><strong>EPISCOPI</strong></span> 
     </span>
    </p>
   </div>
   <div class='ocr_carea' id='block_1_2' title="bbox 374 256 1824 2451">
    <p class='ocr_par' dir='ltr' id='par_1_2' title="bbox 374 256 1824 464">
     <span class='ocr_line' id='line_1_2' title="bbox 374 256 1824 315; baseline -0.006 -7"><span class='ocrx_word' id='word_1_5' title='bbox 374 265 519 308; x_wconf 85' lang='lat' dir='ltr'>anima</span> <span class='ocrx_word' id='word_1_6' title='bbox 553 262 607 305; x_wconf 88' lang='lat' dir='ltr'>ad</span> <span class='ocrx_word' id='word_1_7' title='bbox 635 264 775 305; x_wconf 82' lang='lat' dir='ltr'>Deum</span> <span class='ocrx_word' id='word_1_8' title='bbox 797 296 807 315; x_wconf 72' lang='lat'>⁷</span> <span class='ocrx_word' id='word_1_9' title='bbox 834 261 914 305; x_wconf 90' lang='lat' dir='ltr'>nisi</span> <span class='ocrx_word' id='word_1_10' title='bbox 942 261 1047 304; x_wconf 86' lang='lat' dir='ltr'>dum</span> <span class='ocrx_word' id='word_1_11' title='bbox 1072 260 1126 304; x_wconf 86' lang='lat' dir='ltr'>ab</span> <span class='ocrx_word' id='word_1_12' title='bbox 1142 261 1226 305; x_wconf 87' lang='lat' dir='ltr'>hoc</span> <span class='ocrx_word' id='word_1_13' title='bbox 1250 258 1409 304; x_wconf 85' lang='lat' dir='ltr'>saeculo</span> <span class='ocrx_word' id='word_1_14' title='bbox 1430 258 1650 312; x_wconf 81' lang='lat' dir='ltr'>avertitur,</span> <span class='ocrx_word' id='word_1_15' title='bbox 1686 256 1767 300; x_wconf 90' lang='lat' dir='ltr'>nisi</span> <span class='ocrx_word' id='word_1_16' title='bbox 1822 302 1824 315; x_wconf 56' lang='grc'><strong>,</strong></span> 
     </span>
     <span class='ocr_line' id='line_1_3' title="bbox 377 328 1769 392; baseline -0.005 -14"><span class='ocrx_word' id='word_1_17' title='bbox 377 333 618 392; x_wconf 76' lang='lat' dir='ltr'>nugatoriis</span> <span class='ocrx_word' id='word_1_18' title='bbox 631 334 722 392; x_wconf 86' lang='lat' dir='ltr'>ejus</span> <span class='ocrx_word' id='word_1_19' title='bbox 740 340 781 375; x_wconf 87' lang='lat' dir='ltr'>et</span> <span class='ocrx_word' id='word_1_20' title='bbox 801 331 940 375; x_wconf 72' lang='lat' dir='ltr'>noxiis</span> <span class='ocrx_word' id='word_1_21' title='bbox 961 340 1004 375; x_wconf 87' lang='lat' dir='ltr'>et</span> <span class='ocrx_word' id='word_1_22' title='bbox 1020 331 1268 391; x_wconf 81' lang='lat' dir='ltr'>perniciosis</span> <span class='ocrx_word' id='word_1_23' title='bbox 1286 329 1582 390; x_wconf 87' lang='lat' dir='ltr'>voluptatibus</span> <span class='ocrx_word' id='word_1_24' title='bbox 1598 328 1769 373; x_wconf 88' lang='lat' dir='ltr'>labores</span> 
     </span>
     <span class='ocr_line' id='line_1_4' title="bbox 374 403 932 464; baseline -0.005 -16"><span class='ocrx_word' id='word_1_25' title='bbox 374 405 633 464; x_wconf 76' lang='lat' dir='ltr'>doloresque</span> <span class='ocrx_word' id='word_1_26' title='bbox 657 403 932 447; x_wconf 77' lang='lat' dir='ltr'>misceantur.</span> 
     </span>
    </p>

    <p class='ocr_par' dir='ltr' id='par_1_3' title="bbox 375 470 1812 2309">
     <span class='ocr_line' id='line_1_5' title="bbox 433 470 1766 533; baseline -0.003 -15"><span class='ocrx_word' id='word_1_27' title='bbox 433 478 512 518; x_wconf 83' lang='lat' dir='ltr'>XI.</span> <span class='ocrx_word' id='word_1_28' title='bbox 543 494 563 516; x_wconf 87' lang='lat'>«</span> <span class='ocrx_word' id='word_1_29' title='bbox 582 477 640 518; x_wconf 88' lang='lat' dir='ltr'>Et</span> <span class='ocrx_word' id='word_1_30' title='bbox 656 483 831 533; x_wconf 81' lang='lat' dir='ltr'>sperent</span> <span class='ocrx_word' id='word_1_31' title='bbox 851 473 895 516; x_wconf 89' lang='lat' dir='ltr'>in</span> <span class='ocrx_word' id='word_1_32' title='bbox 920 482 962 516; x_wconf 91' lang='lat' dir='ltr'>te</span> <span class='ocrx_word' id='word_1_33' title='bbox 975 472 1050 533; x_wconf 89' lang='lat' dir='ltr'>qui</span> <span class='ocrx_word' id='word_1_34' title='bbox 1073 481 1340 530; x_wconf 81' lang='lat' dir='ltr'>cognoscunt</span> <span class='ocrx_word' id='word_1_35' title='bbox 1362 486 1522 515; x_wconf 85' lang='lat' dir='ltr'>nomen</span> <span class='ocrx_word' id='word_1_36' title='bbox 1546 480 1672 514; x_wconf 88' lang='lat' dir='ltr'>tuum</span> <span class='ocrx_word' id='word_1_37' title='bbox 1690 470 1701 494; x_wconf 88' lang='lat'><strong>¹</strong></span> <span class='ocrx_word' id='word_1_38' title='bbox 1721 486 1766 513; x_wconf 73' lang='grc' dir='ltr'>ι»</span> 
     </span>
     <span class='ocr_line' id='line_1_6' title="bbox 375 539 1771 605; baseline -0.005 -14"><span class='ocrx_word' id='word_1_39' title='bbox 375 563 477 592; x_wconf 89' lang='lat' dir='ltr'>cum</span> <span class='ocrx_word' id='word_1_40' title='bbox 500 546 743 590; x_wconf 84' lang='lat' dir='ltr'>destiterint</span> <span class='ocrx_word' id='word_1_41' title='bbox 765 559 937 605; x_wconf 83' lang='lat' dir='ltr'>sperare</span> <span class='ocrx_word' id='word_1_42' title='bbox 969 545 1014 587; x_wconf 90' lang='lat' dir='ltr'>in</span> <span class='ocrx_word' id='word_1_43' title='bbox 1037 543 1196 588; x_wconf 90' lang='lat' dir='ltr'>divitiis</span> <span class='ocrx_word' id='word_1_44' title='bbox 1225 554 1267 588; x_wconf 87' lang='lat' dir='ltr'>et</span> <span class='ocrx_word' id='word_1_45' title='bbox 1290 544 1333 587; x_wconf 92' lang='lat' dir='ltr'>in</span> <span class='ocrx_word' id='word_1_46' title='bbox 1358 542 1448 587; x_wconf 88' lang='lat' dir='ltr'>aliis</span> <span class='ocrx_word' id='word_1_47' title='bbox 1469 543 1600 603; x_wconf 87' lang='lat' dir='ltr'>hujus</span> <span class='ocrx_word' id='word_1_48' title='bbox 1625 539 1771 586; x_wconf 82' lang='lat' dir='ltr'>saeculi</span> 
     </span>
     <span class='ocr_line' id='line_1_7' title="bbox 377 614 1767 675; baseline -0.004 -14"><span class='ocrx_word' id='word_1_49' title='bbox 377 616 703 662; x_wconf 81' lang='lat' dir='ltr'>blandimentis.</span> <span class='ocrx_word' id='word_1_50' title='bbox 731 618 1011 668; x_wconf 76' lang='lat' dir='ltr'>Quaerentcm</span> <span class='ocrx_word' id='word_1_51' title='bbox 1030 614 1191 675; x_wconf 83' lang='lat' dir='ltr'>quippe</span> <span class='ocrx_word' id='word_1_52' title='bbox 1206 615 1394 658; x_wconf 84' lang='lat' dir='ltr'>animam</span> <span class='ocrx_word' id='word_1_53' title='bbox 1414 614 1489 658; x_wconf 87' lang='lat' dir='ltr'>ubi</span> <span class='ocrx_word' id='word_1_54' title='bbox 1508 614 1612 672; x_wconf 82' lang='lat' dir='ltr'>figat</span> <span class='ocrx_word' id='word_1_55' title='bbox 1629 625 1767 672; x_wconf 87' lang='lat' dir='ltr'>spem,</span> 
     </span>
     <span class='ocr_line' id='line_1_8' title="bbox 381 684 1774 745; baseline -0.005 -13"><span class='ocrx_word' id='word_1_56' title='bbox 381 703 483 732; x_wconf 90' lang='lat' dir='ltr'>cum</span> <span class='ocrx_word' id='word_1_57' title='bbox 520 688 573 730; x_wconf 90' lang='lat' dir='ltr'>ab</span> <span class='ocrx_word' id='word_1_58' title='bbox 598 688 680 730; x_wconf 89' lang='lat' dir='ltr'>hoc</span> <span class='ocrx_word' id='word_1_59' title='bbox 705 685 872 730; x_wconf 88' lang='lat' dir='ltr'>mundo</span> <span class='ocrx_word' id='word_1_60' title='bbox 896 685 1112 740; x_wconf 72' lang='lat' dir='ltr'>avellitur,</span> <span class='ocrx_word' id='word_1_61' title='bbox 1138 695 1383 745; x_wconf 84' lang='lat' dir='ltr'>opportune</span> <span class='ocrx_word' id='word_1_62' title='bbox 1406 684 1563 744; x_wconf 81' lang='lat' dir='ltr'>excipit</span> <span class='ocrx_word' id='word_1_63' title='bbox 1584 684 1774 742; x_wconf 84' lang='lat' dir='ltr'>cognitio</span> 
     </span>
     <span class='ocr_line' id='line_1_9' title="bbox 382 748 1775 817; baseline -0.004 -14"><span class='ocrx_word' id='word_1_64' title='bbox 382 759 570 803; x_wconf 89' lang='lat' dir='ltr'>nominis</span> <span class='ocrx_word' id='word_1_65' title='bbox 604 757 696 803; x_wconf 82' lang='lat' dir='ltr'>Dei.</span> <span class='ocrx_word' id='word_1_66' title='bbox 728 761 838 803; x_wconf 86' lang='lat' dir='ltr'>Nam</span> <span class='ocrx_word' id='word_1_67' title='bbox 870 773 1031 802; x_wconf 81' lang='lat' dir='ltr'>nomen</span> <span class='ocrx_word' id='word_1_68' title='bbox 1052 757 1193 817; x_wconf 88' lang='lat' dir='ltr'>ipsum</span> <span class='ocrx_word' id='word_1_69' title='bbox 1218 757 1293 801; x_wconf 89' lang='lat' dir='ltr'>Dei</span> <span class='ocrx_word' id='word_1_70' title='bbox 1317 773 1435 801; x_wconf 83' lang='lat' dir='ltr'>nunc</span> <span class='ocrx_word' id='word_1_71' title='bbox 1457 748 1775 816; x_wconf 82' lang='lat' dir='ltr'>usquequaque</span> 
     </span>
     <span class='ocr_line' id='line_1_10' title="bbox 379 826 1778 887; baseline -0.004 -13"><span class='ocrx_word' id='word_1_72' title='bbox 379 830 607 887; x_wconf 78' lang='lat' dir='ltr'>vulgatum</span> <span class='ocrx_word' id='word_1_73' title='bbox 631 838 695 873; x_wconf 89' lang='lat' dir='ltr'>est</span> <span class='ocrx_word' id='word_1_74' title='bbox 717 848 725 873; x_wconf 90' lang='lat'>:</span> <span class='ocrx_word' id='word_1_75' title='bbox 754 829 829 873; x_wconf 87' lang='lat' dir='ltr'>sed</span> <span class='ocrx_word' id='word_1_76' title='bbox 851 829 1039 887; x_wconf 78' lang='lat' dir='ltr'>cognitio</span> <span class='ocrx_word' id='word_1_77' title='bbox 1058 829 1244 873; x_wconf 87' lang='lat' dir='ltr'>nominis</span> <span class='ocrx_word' id='word_1_78' title='bbox 1261 838 1324 872; x_wconf 88' lang='lat' dir='ltr'>est</span> <span class='ocrx_word' id='word_1_79' title='bbox 1339 865 1349 883; x_wconf 74' lang='lat'>⁷</span> <span class='ocrx_word' id='word_1_80' title='bbox 1375 843 1476 872; x_wconf 73' lang='lat' dir='ltr'>cum</span> <span class='ocrx_word' id='word_1_81' title='bbox 1499 826 1572 870; x_wconf 89' lang='lat' dir='ltr'>ille</span> <span class='ocrx_word' id='word_1_82' title='bbox 1593 840 1778 884; x_wconf 82' lang='lat' dir='ltr'>cognos-</span> 
     </span>
     <span class='ocr_line' id='line_1_11' title="bbox 380 900 1778 960; baseline -0.004 -16"><span class='ocrx_word' id='word_1_83' title='bbox 380 901 494 944; x_wconf 85' lang='lat' dir='ltr'>citur</span> <span class='ocrx_word' id='word_1_84' title='bbox 515 901 639 960; x_wconf 84' lang='lat' dir='ltr'>cujus</span> <span class='ocrx_word' id='word_1_85' title='bbox 663 910 726 944; x_wconf 90' lang='lat' dir='ltr'>est</span> <span class='ocrx_word' id='word_1_86' title='bbox 750 915 925 944; x_wconf 87' lang='lat' dir='ltr'>nomen.</span> <span class='ocrx_word' id='word_1_87' title='bbox 963 902 1060 944; x_wconf 90' lang='lat' dir='ltr'>Non</span> <span class='ocrx_word' id='word_1_88' title='bbox 1094 900 1208 943; x_wconf 89' lang='lat' dir='ltr'>enim</span> <span class='ocrx_word' id='word_1_89' title='bbox 1232 914 1393 943; x_wconf 90' lang='lat' dir='ltr'>nomen</span> <span class='ocrx_word' id='word_1_90' title='bbox 1421 908 1599 958; x_wconf 89' lang='lat' dir='ltr'>propter</span> <span class='ocrx_word' id='word_1_91' title='bbox 1620 912 1664 941; x_wconf 87' lang='lat' dir='ltr'>se</span> <span class='ocrx_word' id='word_1_92' title='bbox 1696 911 1778 940; x_wconf 90' lang='lat' dir='ltr'>no-</span> 
     </span>
     <span class='ocr_line' id='line_1_12' title="bbox 381 971 1776 1031; baseline -0.003 -15"><span class='ocrx_word' id='word_1_93' title='bbox 381 988 483 1016; x_wconf 86' lang='lat' dir='ltr'>men</span> <span class='ocrx_word' id='word_1_94' title='bbox 502 981 563 1015; x_wconf 85' lang='lat' dir='ltr'>est</span> <span class='ocrx_word' id='word_1_95' title='bbox 577 1008 586 1026; x_wconf 78' lang='lat'><strong>‚</strong></span> <span class='ocrx_word' id='word_1_96' title='bbox 604 971 677 1015; x_wconf 87' lang='lat' dir='ltr'>sed</span> <span class='ocrx_word' id='word_1_97' title='bbox 695 981 871 1031; x_wconf 86' lang='lat' dir='ltr'>propter</span> <span class='ocrx_word' id='word_1_98' title='bbox 889 971 933 1015; x_wconf 86' lang='lat' dir='ltr'>id</span> <span class='ocrx_word' id='word_1_99' title='bbox 947 971 1065 1031; x_wconf 87' lang='lat' dir='ltr'>quod</span> <span class='ocrx_word' id='word_1_100' title='bbox 1085 972 1311 1030; x_wconf 82' lang='lat' dir='ltr'>significat.</span> <span class='ocrx_word' id='word_1_101' title='bbox 1329 971 1503 1015; x_wconf 87' lang='lat' dir='ltr'>Dictum</span> <span class='ocrx_word' id='word_1_102' title='bbox 1523 979 1587 1014; x_wconf 90' lang='lat' dir='ltr'>est</span> <span class='ocrx_word' id='word_1_103' title='bbox 1600 978 1746 1014; x_wconf 82' lang='lat' dir='ltr'>autem</span> <span class='ocrx_word' id='word_1_104' title='bbox 1766 987 1776 1012; x_wconf 75' lang='grc' dir='ltr'>ε</span> 
     </span>
     <span class='ocr_line' id='line_1_13' title="bbox 387 1041 1782 1103; baseline -0.001 -20"><span class='ocrx_word' id='word_1_105' title='bbox 387 1063 407 1084; x_wconf 91' lang='lat'>«</span> <span class='ocrx_word' id='word_1_106' title='bbox 429 1043 640 1087; x_wconf 86' lang='lat' dir='ltr'>Dominus</span> <span class='ocrx_word' id='word_1_107' title='bbox 669 1058 832 1087; x_wconf 91' lang='lat' dir='ltr'>nomen</span> <span class='ocrx_word' id='word_1_108' title='bbox 860 1053 923 1087; x_wconf 86' lang='lat' dir='ltr'>est</span> <span class='ocrx_word' id='word_1_109' title='bbox 945 1042 1047 1086; x_wconf 82' lang='lat' dir='ltr'>illi2.</span> <span class='ocrx_word' id='word_1_110' title='bbox 1072 1062 1092 1084; x_wconf 82' lang='lat'>»</span> <span class='ocrx_word' id='word_1_111' title='bbox 1119 1046 1395 1103; x_wconf 81' lang='lat' dir='ltr'>Quapropter</span> <span class='ocrx_word' id='word_1_112' title='bbox 1424 1042 1498 1103; x_wconf 90' lang='lat' dir='ltr'>qui</span> <span class='ocrx_word' id='word_1_113' title='bbox 1528 1057 1571 1086; x_wconf 87' lang='lat' dir='ltr'>se</span> <span class='ocrx_word' id='word_1_114' title='bbox 1592 1041 1782 1085; x_wconf 85' lang='lat' dir='ltr'>libenter</span> 
     </span>
     <span class='ocr_line' id='line_1_14' title="bbox 381 1114 1784 1173; baseline -0.003 -14"><span class='ocrx_word' id='word_1_115' title='bbox 381 1118 473 1159; x_wconf 85' lang='lat' dir='ltr'>Deo</span> <span class='ocrx_word' id='word_1_116' title='bbox 498 1114 713 1159; x_wconf 87' lang='lat' dir='ltr'>famulum</span> <span class='ocrx_word' id='word_1_117' title='bbox 738 1114 912 1170; x_wconf 77' lang='lat' dir='ltr'>subdit,</span> <span class='ocrx_word' id='word_1_118' title='bbox 941 1115 1145 1173; x_wconf 78' lang='lat' dir='ltr'>cognovit</span> <span class='ocrx_word' id='word_1_119' title='bbox 1167 1116 1250 1159; x_wconf 87' lang='lat' dir='ltr'>hoc</span> <span class='ocrx_word' id='word_1_120' title='bbox 1280 1130 1457 1159; x_wconf 86' lang='lat' dir='ltr'>nomen.</span> <span class='ocrx_word' id='word_1_121' title='bbox 1486 1134 1506 1156; x_wconf 84' lang='lat'>«</span> <span class='ocrx_word' id='word_1_122' title='bbox 1531 1117 1588 1158; x_wconf 88' lang='lat' dir='ltr'>Et</span> <span class='ocrx_word' id='word_1_123' title='bbox 1610 1120 1784 1173; x_wconf 84' lang='lat' dir='ltr'>sperent</span> 
     </span>
     <span class='ocr_line' id='line_1_15' title="bbox 385 1182 1810 1245; baseline -0.002 -17"><span class='ocrx_word' id='word_1_124' title='bbox 385 1204 407 1227; x_wconf 86' lang='lat'>»</span> <span class='ocrx_word' id='word_1_125' title='bbox 443 1187 488 1229; x_wconf 90' lang='lat' dir='ltr'>in</span> <span class='ocrx_word' id='word_1_126' title='bbox 511 1195 553 1229; x_wconf 89' lang='lat' dir='ltr'>te</span> <span class='ocrx_word' id='word_1_127' title='bbox 572 1186 647 1245; x_wconf 89' lang='lat' dir='ltr'>qui</span> <span class='ocrx_word' id='word_1_128' title='bbox 668 1195 937 1243; x_wconf 77' lang='lat' dir='ltr'>cognoscunt</span> <span class='ocrx_word' id='word_1_129' title='bbox 960 1202 1120 1230; x_wconf 91' lang='lat' dir='ltr'>nomen</span> <span class='ocrx_word' id='word_1_130' title='bbox 1139 1195 1281 1230; x_wconf 91' lang='lat' dir='ltr'>tuum.</span> <span class='ocrx_word' id='word_1_131' title='bbox 1306 1205 1326 1227; x_wconf 83' lang='lat'>»</span> <span class='ocrx_word' id='word_1_132' title='bbox 1355 1187 1465 1230; x_wconf 88' lang='lat' dir='ltr'>It&#39;em</span> <span class='ocrx_word' id='word_1_133' title='bbox 1487 1184 1699 1230; x_wconf 87' lang='lat' dir='ltr'>Dominus</span> <span class='ocrx_word' id='word_1_134' title='bbox 1722 1182 1785 1226; x_wconf 88' lang='lat' dir='ltr'>di·—</span> <span class='ocrx_word' id='word_1_135' title='bbox 1808 1196 1810 1199; x_wconf 89' lang='lat'>·</span> 
     </span>
     <span class='ocr_line' id='line_1_16' title="bbox 384 1252 1785 1317; baseline -0.003 -17"><span class='ocrx_word' id='word_1_136' title='bbox 384 1256 444 1300; x_wconf 88' lang='lat' dir='ltr'>cit</span> <span class='ocrx_word' id='word_1_137' title='bbox 481 1256 537 1299; x_wconf 88' lang='lat' dir='ltr'>ad</span> <span class='ocrx_word' id='word_1_138' title='bbox 569 1260 753 1314; x_wconf 79' lang='lat' dir='ltr'>Moysen</span> <span class='ocrx_word' id='word_1_139' title='bbox 792 1276 799 1300; x_wconf 91' lang='lat'>:</span> <span class='ocrx_word' id='word_1_140' title='bbox 835 1275 855 1298; x_wconf 89' lang='lat'>«</span> <span class='ocrx_word' id='word_1_141' title='bbox 881 1259 974 1315; x_wconf 80' lang='lat' dir='ltr'>Ego</span> <span class='ocrx_word' id='word_1_142' title='bbox 1004 1273 1100 1300; x_wconf 83' lang='lat' dir='ltr'>sum</span> <span class='ocrx_word' id='word_1_143' title='bbox 1134 1258 1209 1317; x_wconf 90' lang='lat' dir='ltr'>qui</span> <span class='ocrx_word' id='word_1_144' title='bbox 1238 1259 1388 1301; x_wconf 56' lang='lat' dir='ltr'>sumss:</span> <span class='ocrx_word' id='word_1_145' title='bbox 1418 1276 1437 1297; x_wconf 72' lang='lat' dir='ltr'>n</span> <span class='ocrx_word' id='word_1_146' title='bbox 1471 1265 1515 1300; x_wconf 87' lang='lat' dir='ltr'>et</span> <span class='ocrx_word' id='word_1_147' title='bbox 1548 1253 1664 1299; x_wconf 88' lang='lat' dir='ltr'>dices</span> <span class='ocrx_word' id='word_1_148' title='bbox 1687 1252 1785 1298; x_wconf 84' lang='lat' dir='ltr'>filiis</span> 
     </span>
     <span class='ocr_line' id='line_1_17' title="bbox 386 1327 1785 1388; baseline -0.002 -17"><span class='ocrx_word' id='word_1_149' title='bbox 386 1327 535 1381; x_wconf 69' lang='lat' dir='ltr'>Israel,</span> <span class='ocrx_word' id='word_1_150' title='bbox 565 1346 581 1367; x_wconf 87' lang='lat'>«</span> <span class='ocrx_word' id='word_1_151' title='bbox 601 1328 719 1371; x_wconf 81' lang='lat' dir='ltr'>Misit</span> <span class='ocrx_word' id='word_1_152' title='bbox 741 1343 811 1371; x_wconf 87' lang='lat' dir='ltr'>me</span> <span class='ocrx_word' id='word_1_153' title='bbox 833 1328 910 1388; x_wconf 88' lang='lat' dir='ltr'>qui</span> <span class='ocrx_word' id='word_1_154' title='bbox 940 1337 1017 1372; x_wconf 89' lang='lat' dir='ltr'>est.</span> <span class='ocrx_word' id='word_1_155' title='bbox 1046 1331 1229 1387; x_wconf 88' lang='lat' dir='ltr'>Sperent</span> <span class='ocrx_word' id='word_1_156' title='bbox 1249 1343 1352 1386; x_wconf 77' lang='lat' dir='ltr'>ergo</span> <span class='ocrx_word' id='word_1_157' title='bbox 1375 1328 1418 1371; x_wconf 87' lang='lat' dir='ltr'>in</span> <span class='ocrx_word' id='word_1_158' title='bbox 1442 1336 1484 1370; x_wconf 87' lang='lat' dir='ltr'>te</span> <span class='ocrx_word' id='word_1_159' title='bbox 1506 1327 1581 1386; x_wconf 90' lang='lat' dir='ltr'>qui</span> <span class='ocrx_word' id='word_1_160' title='bbox 1600 1339 1785 1383; x_wconf 86' lang='lat' dir='ltr'>cognos-</span> 
     </span>
     <span class='ocr_line' id='line_1_18' title="bbox 385 1399 1788 1459; baseline -0.001 -17"><span class='ocrx_word' id='word_1_161' title='bbox 385 1408 493 1443; x_wconf 88' lang='lat' dir='ltr'>cunt</span> <span class='ocrx_word' id='word_1_162' title='bbox 514 1414 677 1442; x_wconf 86' lang='lat' dir='ltr'>nomen</span> <span class='ocrx_word' id='word_1_163' title='bbox 694 1408 823 1443; x_wconf 87' lang='lat' dir='ltr'>tuum</span> <span class='ocrx_word' id='word_1_164' title='bbox 850 1419 858 1444; x_wconf 89' lang='lat'><strong>:</strong></span> <span class='ocrx_word' id='word_1_165' title='bbox 876 1418 895 1441; x_wconf 86' lang='lat'>»</span> <span class='ocrx_word' id='word_1_166' title='bbox 922 1415 977 1443; x_wconf 91' lang='lat' dir='ltr'>ne</span> <span class='ocrx_word' id='word_1_167' title='bbox 1000 1409 1175 1459; x_wconf 86' lang='lat' dir='ltr'>sperent</span> <span class='ocrx_word' id='word_1_168' title='bbox 1199 1400 1243 1443; x_wconf 86' lang='lat' dir='ltr'>in</span> <span class='ocrx_word' id='word_1_169' title='bbox 1264 1400 1330 1443; x_wconf 90' lang='lat' dir='ltr'>his</span> <span class='ocrx_word' id='word_1_170' title='bbox 1355 1399 1485 1442; x_wconf 80' lang='lat' dir='ltr'>rebus</span> <span class='ocrx_word' id='word_1_171' title='bbox 1503 1414 1602 1459; x_wconf 78' lang='lat' dir='ltr'>quae</span> <span class='ocrx_word' id='word_1_172' title='bbox 1620 1407 1788 1457; x_wconf 87' lang='lat' dir='ltr'>tempo-</span> 
     </span>
     <span class='ocr_line' id='line_1_19' title="bbox 383 1468 1788 1529; baseline -0.001 -16"><span class='ocrx_word' id='word_1_173' title='bbox 383 1470 440 1513; x_wconf 88' lang='lat' dir='ltr'>ris</span> <span class='ocrx_word' id='word_1_174' title='bbox 466 1468 745 1514; x_wconf 81' lang='lat' dir='ltr'>volubilitate</span> <span class='ocrx_word' id='word_1_175' title='bbox 774 1471 1085 1529; x_wconf 78' lang='lat' dir='ltr'>praeterfluunt</span> <span class='ocrx_word' id='word_1_176' title='bbox 1105 1506 1115 1525; x_wconf 73' lang='lat'>,</span> <span class='ocrx_word' id='word_1_177' title='bbox 1140 1468 1250 1514; x_wconf 88' lang='lat' dir='ltr'>nihil</span> <span class='ocrx_word' id='word_1_178' title='bbox 1272 1470 1484 1514; x_wconf 84' lang='lat' dir='ltr'>habentes</span> <span class='ocrx_word' id='word_1_179' title='bbox 1506 1469 1588 1513; x_wconf 90' lang='lat' dir='ltr'>nisi</span> <span class='ocrx_word' id='word_1_180' title='bbox 1614 1468 1718 1523; x_wconf 76' lang='lat' dir='ltr'>erit,</span> <span class='ocrx_word' id='word_1_181' title='bbox 1744 1476 1788 1511; x_wconf 88' lang='lat' dir='ltr'>et</span> 
     </span>
     <span class='ocr_line' id='line_1_20' title="bbox 386 1525 1812 1600; baseline -0.002 -16"><span class='ocrx_word' id='word_1_182' title='bbox 386 1539 486 1584; x_wconf 69' lang='lat' dir='ltr'>fuit.</span> <span class='ocrx_word' id='word_1_183' title='bbox 514 1541 730 1593; x_wconf 84' lang='lat' dir='ltr'>Quoniam</span> <span class='ocrx_word' id='word_1_184' title='bbox 755 1540 876 1600; x_wconf 88' lang='lat' dir='ltr'>quod</span> <span class='ocrx_word' id='word_1_185' title='bbox 898 1541 943 1584; x_wconf 92' lang='lat' dir='ltr'>in</span> <span class='ocrx_word' id='word_1_186' title='bbox 964 1540 1049 1584; x_wconf 87' lang='lat' dir='ltr'>illis</span> <span class='ocrx_word' id='word_1_187' title='bbox 1072 1540 1273 1584; x_wconf 86' lang='lat' dir='ltr'>futurum</span> <span class='ocrx_word' id='word_1_188' title='bbox 1291 1549 1354 1584; x_wconf 89' lang='lat' dir='ltr'>est</span> <span class='ocrx_word' id='word_1_189' title='bbox 1370 1576 1380 1595; x_wconf 83' lang='lat'>,</span> <span class='ocrx_word' id='word_1_190' title='bbox 1406 1539 1713 1593; x_wconf 75' lang='lat' dir='ltr'>cumvenerit,</span> <span class='ocrx_word' id='word_1_191' title='bbox 1737 1538 1789 1582; x_wconf 87' lang='lat' dir='ltr'>fit</span> <span class='ocrx_word' id='word_1_192' title='bbox 1808 1525 1812 1532; x_wconf 45' lang='grc'><strong>”</strong></span> 
     </span>
     <span class='ocr_line' id='line_1_21' title="bbox 388 1610 1789 1671; baseline -0.002 -16"><span class='ocrx_word' id='word_1_193' title='bbox 388 1612 534 1655; x_wconf 87' lang='lat' dir='ltr'>statim</span> <span class='ocrx_word' id='word_1_194' title='bbox 559 1612 828 1667; x_wconf 80' lang='lat' dir='ltr'>praeteritum</span> <span class='ocrx_word' id='word_1_195' title='bbox 857 1632 865 1655; x_wconf 89' lang='lat'><strong>:</strong></span> <span class='ocrx_word' id='word_1_196' title='bbox 892 1621 1143 1671; x_wconf 79' lang='lat' dir='ltr'>expectatur</span> <span class='ocrx_word' id='word_1_197' title='bbox 1169 1628 1270 1656; x_wconf 89' lang='lat' dir='ltr'>cum</span> <span class='ocrx_word' id='word_1_198' title='bbox 1293 1611 1549 1671; x_wconf 80' lang='lat' dir='ltr'>cupiditate,</span> <span class='ocrx_word' id='word_1_199' title='bbox 1575 1610 1789 1654; x_wconf 88' lang='lat' dir='ltr'>amittitur</span> 
     </span>
     <span class='ocr_line' id='line_1_22' title="bbox 389 1678 1790 1742; baseline -0.002 -16"><span class='ocrx_word' id='word_1_200' title='bbox 389 1697 491 1726; x_wconf 90' lang='lat' dir='ltr'>cum</span> <span class='ocrx_word' id='word_1_201' title='bbox 515 1681 681 1726; x_wconf 89' lang='lat' dir='ltr'>dolore.</span> <span class='ocrx_word' id='word_1_202' title='bbox 711 1686 761 1726; x_wconf 90' lang='lat' dir='ltr'>In</span> <span class='ocrx_word' id='word_1_203' title='bbox 780 1682 856 1726; x_wconf 90' lang='lat' dir='ltr'>Dei</span> <span class='ocrx_word' id='word_1_204' title='bbox 883 1692 1029 1726; x_wconf 87' lang='lat' dir='ltr'>autem</span> <span class='ocrx_word' id='word_1_205' title='bbox 1053 1692 1208 1726; x_wconf 83' lang='lat' dir='ltr'>natura</span> <span class='ocrx_word' id='word_1_206' title='bbox 1227 1699 1316 1727; x_wconf 86' lang='lat' dir='ltr'>non</span> <span class='ocrx_word' id='word_1_207' title='bbox 1339 1682 1422 1726; x_wconf 89' lang='lat' dir='ltr'>erit</span> <span class='ocrx_word' id='word_1_208' title='bbox 1444 1681 1610 1742; x_wconf 86' lang='lat' dir='ltr'>aliquid</span> <span class='ocrx_word' id='word_1_209' title='bbox 1628 1716 1639 1736; x_wconf 82' lang='lat'>,</span> <span class='ocrx_word' id='word_1_210' title='bbox 1666 1678 1790 1741; x_wconf 86' lang='lat' dir='ltr'>quasi</span> 
     </span>
     <span class='ocr_line' id='line_1_23' title="bbox 390 1752 1789 1813; baseline -0.002 -17"><span class='ocrx_word' id='word_1_211' title='bbox 390 1752 591 1796; x_wconf 87' lang='lat' dir='ltr'>nondum</span> <span class='ocrx_word' id='word_1_212' title='bbox 612 1753 692 1804; x_wconf 84' lang='lat' dir='ltr'>sit;</span> <span class='ocrx_word' id='word_1_213' title='bbox 718 1762 793 1796; x_wconf 90' lang='lat' dir='ltr'>aut</span> <span class='ocrx_word' id='word_1_214' title='bbox 818 1752 923 1807; x_wconf 79' lang='lat' dir='ltr'>fuit,</span> <span class='ocrx_word' id='word_1_215' title='bbox 950 1754 1071 1813; x_wconf 86' lang='lat' dir='ltr'>quasi</span> <span class='ocrx_word' id='word_1_216' title='bbox 1090 1754 1180 1812; x_wconf 83' lang='lat' dir='ltr'>jam</span> <span class='ocrx_word' id='word_1_217' title='bbox 1204 1769 1294 1796; x_wconf 90' lang='lat' dir='ltr'>non</span> <span class='ocrx_word' id='word_1_218' title='bbox 1316 1752 1370 1797; x_wconf 88' lang='lat' dir='ltr'>sit</span> <span class='ocrx_word' id='word_1_219' title='bbox 1396 1771 1404 1796; x_wconf 90' lang='lat'>:</span> <span class='ocrx_word' id='word_1_220' title='bbox 1431 1752 1506 1795; x_wconf 90' lang='lat' dir='ltr'>sed</span> <span class='ocrx_word' id='word_1_221' title='bbox 1528 1760 1592 1796; x_wconf 89' lang='lat' dir='ltr'>est</span> <span class='ocrx_word' id='word_1_222' title='bbox 1615 1759 1789 1794; x_wconf 86' lang='lat' dir='ltr'>tantum</span> 
     </span>
     <span class='ocr_line' id='line_1_24' title="bbox 390 1822 1791 1883; baseline -0.002 -17"><span class='ocrx_word' id='word_1_223' title='bbox 390 1822 438 1866; x_wconf 86' lang='lat' dir='ltr'>id</span> <span class='ocrx_word' id='word_1_224' title='bbox 461 1823 582 1882; x_wconf 88' lang='lat' dir='ltr'>quod</span> <span class='ocrx_word' id='word_1_225' title='bbox 604 1832 666 1867; x_wconf 86' lang='lat' dir='ltr'>est</span> <span class='ocrx_word' id='word_1_226' title='bbox 683 1858 693 1878; x_wconf 86' lang='lat'>‚</span> <span class='ocrx_word' id='word_1_227' title='bbox 715 1832 759 1866; x_wconf 90' lang='lat' dir='ltr'>et</span> <span class='ocrx_word' id='word_1_228' title='bbox 774 1824 863 1883; x_wconf 81' lang='lat' dir='ltr'>ipsa</span> <span class='ocrx_word' id='word_1_229' title='bbox 884 1832 948 1867; x_wconf 90' lang='lat' dir='ltr'>est</span> <span class='ocrx_word' id='word_1_230' title='bbox 969 1823 1200 1867; x_wconf 81' lang='lat' dir='ltr'>aeternitas.</span> <span class='ocrx_word' id='word_1_231' title='bbox 1227 1823 1436 1867; x_wconf 86' lang='lat' dir='ltr'>Desinant</span> <span class='ocrx_word' id='word_1_232' title='bbox 1462 1822 1598 1880; x_wconf 84' lang='lat' dir='ltr'>igitur</span> <span class='ocrx_word' id='word_1_233' title='bbox 1620 1835 1791 1880; x_wconf 86' lang='lat' dir='ltr'>sperare.</span> 
     </span>
     <span class='ocr_line' id='line_1_25' title="bbox 390 1890 1787 1955; baseline -0.002 -17"><span class='ocrx_word' id='word_1_234' title='bbox 390 1904 435 1938; x_wconf 87' lang='lat' dir='ltr'>et</span> <span class='ocrx_word' id='word_1_235' title='bbox 452 1894 630 1953; x_wconf 83' lang='lat' dir='ltr'>diligere</span> <span class='ocrx_word' id='word_1_236' title='bbox 648 1894 924 1955; x_wconf 80' lang='lat' dir='ltr'>temporalia,</span> <span class='ocrx_word' id='word_1_237' title='bbox 951 1904 993 1939; x_wconf 90' lang='lat' dir='ltr'>et</span> <span class='ocrx_word' id='word_1_238' title='bbox 1014 1911 1058 1939; x_wconf 89' lang='lat' dir='ltr'>se</span> <span class='ocrx_word' id='word_1_239' title='bbox 1081 1895 1136 1938; x_wconf 87' lang='lat' dir='ltr'>ad</span> <span class='ocrx_word' id='word_1_240' title='bbox 1158 1904 1366 1938; x_wconf 82' lang='lat' dir='ltr'>aeternam</span> <span class='ocrx_word' id='word_1_241' title='bbox 1390 1909 1510 1953; x_wconf 89' lang='lat' dir='ltr'>spem</span> <span class='ocrx_word' id='word_1_242' title='bbox 1532 1890 1787 1946; x_wconf 84' lang='lat' dir='ltr'>conferant,</span> 
     </span>
     <span class='ocr_line' id='line_1_26' title="bbox 392 1964 1787 2027; baseline -0.003 -17"><span class='ocrx_word' id='word_1_243' title='bbox 392 1967 469 2027; x_wconf 87' lang='lat' dir='ltr'>qui</span> <span class='ocrx_word' id='word_1_244' title='bbox 482 1976 754 2025; x_wconf 78' lang='lat' dir='ltr'>cognoscunt</span> <span class='ocrx_word' id='word_1_245' title='bbox 770 1982 929 2010; x_wconf 89' lang='lat' dir='ltr'>nomen</span> <span class='ocrx_word' id='word_1_246' title='bbox 943 1967 977 2026; x_wconf 85' lang='lat' dir='ltr'>ej</span> <span class='ocrx_word' id='word_1_247' title='bbox 985 1982 1034 2010; x_wconf 91' lang='lat' dir='ltr'>us</span> <span class='ocrx_word' id='word_1_248' title='bbox 1048 1966 1125 2026; x_wconf 88' lang='lat' dir='ltr'>qui</span> <span class='ocrx_word' id='word_1_249' title='bbox 1138 1965 1245 2010; x_wconf 81' lang='lat' dir='ltr'>dixit</span> <span class='ocrx_word' id='word_1_250' title='bbox 1261 1986 1269 2010; x_wconf 74' lang='lat'><em>2</em></span> <span class='ocrx_word' id='word_1_251' title='bbox 1290 1969 1415 2024; x_wconf 81' lang='lat' dir='ltr'>«Ego</span> <span class='ocrx_word' id='word_1_252' title='bbox 1433 1980 1528 2009; x_wconf 89' lang='lat' dir='ltr'>sum</span> <span class='ocrx_word' id='word_1_253' title='bbox 1543 1964 1619 2024; x_wconf 89' lang='lat' dir='ltr'>qui</span> <span class='ocrx_word' id='word_1_254' title='bbox 1633 1979 1728 2007; x_wconf 90' lang='lat' dir='ltr'>sum</span> <span class='ocrx_word' id='word_1_255' title='bbox 1744 1982 1752 2007; x_wconf 94' lang='lat'>:</span> <span class='ocrx_word' id='word_1_256' title='bbox 1768 1980 1787 2003; x_wconf 90' lang='lat'>»</span> 
     </span>
     <span class='ocr_line' id='line_1_27' title="bbox 393 2035 1792 2097; baseline -0.003 -16"><span class='ocrx_word' id='word_1_257' title='bbox 393 2046 436 2081; x_wconf 89' lang='lat' dir='ltr'>et</span> <span class='ocrx_word' id='word_1_258' title='bbox 459 2037 513 2081; x_wconf 91' lang='lat' dir='ltr'>de</span> <span class='ocrx_word' id='word_1_259' title='bbox 545 2054 632 2097; x_wconf 87' lang='lat' dir='ltr'>quo</span> <span class='ocrx_word' id='word_1_260' title='bbox 663 2038 831 2083; x_wconf 87' lang='lat' dir='ltr'>dictum</span> <span class='ocrx_word' id='word_1_261' title='bbox 854 2048 918 2082; x_wconf 91' lang='lat' dir='ltr'>est</span> <span class='ocrx_word' id='word_1_262' title='bbox 935 2074 945 2093; x_wconf 80' lang='lat'><strong>‚</strong></span> <span class='ocrx_word' id='word_1_263' title='bbox 986 2058 1005 2080; x_wconf 87' lang='lat'>‹&lt;</span> <span class='ocrx_word' id='word_1_264' title='bbox 1025 2038 1144 2083; x_wconf 85' lang='lat' dir='ltr'>Misit</span> <span class='ocrx_word' id='word_1_265' title='bbox 1164 2053 1235 2081; x_wconf 91' lang='lat' dir='ltr'>me</span> <span class='ocrx_word' id='word_1_266' title='bbox 1256 2037 1332 2097; x_wconf 90' lang='lat' dir='ltr'>qui</span> <span class='ocrx_word' id='word_1_267' title='bbox 1357 2046 1435 2081; x_wconf 88' lang='lat' dir='ltr'>est.</span> <span class='ocrx_word' id='word_1_268' title='bbox 1461 2035 1680 2089; x_wconf 87' lang='lat' dir='ltr'>Quoniam</span> <span class='ocrx_word' id='word_1_269' title='bbox 1701 2049 1792 2078; x_wconf 89' lang='lat' dir='ltr'>non</span> 
     </span>
     <span class='ocr_line' id='line_1_28' title="bbox 394 2107 1788 2169; baseline -0.002 -18"><span class='ocrx_word' id='word_1_270' title='bbox 394 2127 417 2150; x_wconf 76' lang='lat'>&gt;›</span> <span class='ocrx_word' id='word_1_271' title='bbox 441 2108 708 2169; x_wconf 86' lang='lat' dir='ltr'>dereliquisti</span> <span class='ocrx_word' id='word_1_272' title='bbox 730 2117 976 2169; x_wconf 77' lang='lat' dir='ltr'>quaerentes</span> <span class='ocrx_word' id='word_1_273' title='bbox 996 2117 1054 2164; x_wconf 83' lang='lat' dir='ltr'>te,</span> <span class='ocrx_word' id='word_1_274' title='bbox 1081 2109 1281 2153; x_wconf 87' lang='lat' dir='ltr'>Domine.</span> <span class='ocrx_word' id='word_1_275' title='bbox 1299 2126 1319 2148; x_wconf 85' lang='lat'>»</span> <span class='ocrx_word' id='word_1_276' title='bbox 1338 2107 1423 2160; x_wconf 87' lang='lat' dir='ltr'>Qui</span> <span class='ocrx_word' id='word_1_277' title='bbox 1447 2121 1548 2150; x_wconf 85' lang='lat' dir='ltr'>eum</span> <span class='ocrx_word' id='word_1_278' title='bbox 1567 2113 1788 2166; x_wconf 78' lang='lat' dir='ltr'>quaeruut,</span> 
     </span>
     <span class='ocr_line' id='line_1_29' title="bbox 389 2175 1793 2239; baseline -0.004 -15"><span class='ocrx_word' id='word_1_279' title='bbox 389 2181 480 2239; x_wconf 82' lang='lat' dir='ltr'>jam</span> <span class='ocrx_word' id='word_1_280' title='bbox 504 2181 772 2224; x_wconf 84' lang='lat' dir='ltr'>transeuntia</span> <span class='ocrx_word' id='word_1_281' title='bbox 791 2190 834 2224; x_wconf 91' lang='lat' dir='ltr'>et</span> <span class='ocrx_word' id='word_1_282' title='bbox 856 2180 1064 2223; x_wconf 85' lang='lat' dir='ltr'>moritura</span> <span class='ocrx_word' id='word_1_283' title='bbox 1090 2195 1179 2223; x_wconf 90' lang='lat' dir='ltr'>non</span> <span class='ocrx_word' id='word_1_284' title='bbox 1202 2187 1408 2239; x_wconf 83' lang='lat' dir='ltr'>quaerunt</span> <span class='ocrx_word' id='word_1_285' title='bbox 1437 2198 1445 2222; x_wconf 92' lang='lat'>:</span> <span class='ocrx_word' id='word_1_286' title='bbox 1470 2194 1494 2219; x_wconf 65' lang='lat' dir='ltr'>r(</span> <span class='ocrx_word' id='word_1_287' title='bbox 1513 2180 1651 2223; x_wconf 87' lang='lat' dir='ltr'>Nemo</span> <span class='ocrx_word' id='word_1_288' title='bbox 1675 2175 1793 2220; x_wconf 87' lang='lat' dir='ltr'>enim</span> 
     </span>
     <span class='ocr_line' id='line_1_30' title="bbox 401 2248 1260 2309; baseline -0.001 -19"><span class='ocrx_word' id='word_1_289' title='bbox 401 2267 422 2290; x_wconf 88' lang='lat'>»</span> <span class='ocrx_word' id='word_1_290' title='bbox 447 2259 592 2309; x_wconf 88' lang='lat' dir='ltr'>potest</span> <span class='ocrx_word' id='word_1_291' title='bbox 609 2249 783 2293; x_wconf 87' lang='lat' dir='ltr'>duobus</span> <span class='ocrx_word' id='word_1_292' title='bbox 800 2249 987 2294; x_wconf 86' lang='lat' dir='ltr'>dominis</span> <span class='ocrx_word' id='word_1_293' title='bbox 1009 2248 1210 2293; x_wconf 68' lang='lat' dir='ltr'>servire-4.</span> <span class='ocrx_word' id='word_1_294' title='bbox 1240 2267 1260 2289; x_wconf 91' lang='lat'>»</span> 
     </span>
    </p>

    <p class='ocr_par' dir='ltr' id='par_1_4' title="bbox 400 2313 1793 2451">
     <span class='ocr_line' id='line_1_31' title="bbox 457 2313 1792 2379; baseline -0.004 -15"><span class='ocrx_word' id='word_1_295' title='bbox 457 2324 562 2364; x_wconf 80' lang='lat' dir='ltr'>XII.</span> <span class='ocrx_word' id='word_1_296' title='bbox 605 2339 623 2362; x_wconf 87' lang='lat'>«</span> <span class='ocrx_word' id='word_1_297' title='bbox 646 2320 821 2365; x_wconf 83' lang='lat' dir='ltr'>Psallite</span> <span class='ocrx_word' id='word_1_298' title='bbox 855 2320 1064 2375; x_wconf 77' lang='lat' dir='ltr'>Domino,</span> <span class='ocrx_word' id='word_1_299' title='bbox 1099 2320 1174 2379; x_wconf 89' lang='lat' dir='ltr'>qui</span> <span class='ocrx_word' id='word_1_300' title='bbox 1201 2318 1374 2363; x_wconf 85' lang='lat' dir='ltr'>habitat</span> <span class='ocrx_word' id='word_1_301' title='bbox 1403 2318 1450 2362; x_wconf 93' lang='lat' dir='ltr'>in</span> <span class='ocrx_word' id='word_1_302' title='bbox 1481 2317 1611 2363; x_wconf 84' lang='lat' dir='ltr'>Sion⁵</span> <span class='ocrx_word' id='word_1_303' title='bbox 1639 2335 1647 2362; x_wconf 88' lang='lat'>:</span> <span class='ocrx_word' id='word_1_304' title='bbox 1674 2334 1696 2357; x_wconf 68' lang='lat' dir='ltr'>i)</span> <span class='ocrx_word' id='word_1_305' title='bbox 1726 2313 1792 2359; x_wconf 87' lang='lat' dir='ltr'>his</span> 
     </span>
     <span class='ocr_line' id='line_1_32' title="bbox 400 2388 1793 2451; baseline -0.004 -17"><span class='ocrx_word' id='word_1_306' title='bbox 400 2391 578 2447; x_wconf 83' lang='lat' dir='ltr'>dicitur,</span> <span class='ocrx_word' id='word_1_307' title='bbox 602 2407 712 2451; x_wconf 85' lang='lat' dir='ltr'>quos</span> <span class='ocrx_word' id='word_1_308' title='bbox 734 2407 824 2436; x_wconf 90' lang='lat' dir='ltr'>non</span> <span class='ocrx_word' id='word_1_309' title='bbox 841 2390 1108 2451; x_wconf 87' lang='lat' dir='ltr'>derelinquit</span> <span class='ocrx_word' id='word_1_310' title='bbox 1124 2399 1369 2451; x_wconf 82' lang='lat' dir='ltr'>quaerentes</span> <span class='ocrx_word' id='word_1_311' title='bbox 1386 2405 1429 2433; x_wconf 90' lang='lat' dir='ltr'>se</span> <span class='ocrx_word' id='word_1_312' title='bbox 1446 2388 1673 2433; x_wconf 90' lang='lat' dir='ltr'>Dominus.</span> <span class='ocrx_word' id='word_1_313' title='bbox 1696 2388 1793 2446; x_wconf 84' lang='lat' dir='ltr'>Ipse</span> 
     </span>
    </p>
   </div>
   <div class='ocr_carea' id='block_1_3' title="bbox 1821 11 1831 1564">
    <p class='ocr_par' dir='ltr' id='par_1_5' title="bbox 1821 11 1831 1564">
     <span class='ocr_line' id='line_1_33' title="bbox 1821 11 1831 1564; baseline 0 0"><span class='ocrx_word' id='word_1_314' title='bbox 1821 11 1831 1564; x_wconf 95' lang='lat' dir='ltr'> </span> 
     </span>
    </p>
   </div>
   <div class='ocr_carea' id='block_1_4' title="bbox 395 2480 1788 2585">
    <p class='ocr_par' dir='ltr' id='par_1_6' title="bbox 395 2480 1788 2585">
     <span class='ocr_line' id='line_1_34' title="bbox 446 2480 1788 2530; baseline -0.004 -11"><span class='ocrx_word' id='word_1_315' title='bbox 446 2495 455 2510; x_wconf 90' lang='lat'>¹</span> <span class='ocrx_word' id='word_1_316' title='bbox 475 2489 554 2519; x_wconf 75' lang='lat' dir='ltr'>l‘sal.</span> <span class='ocrx_word' id='word_1_317' title='bbox 576 2500 622 2530; x_wconf 71' lang='lat' dir='ltr'>u,</span> <span class='ocrx_word' id='word_1_318' title='bbox 642 2501 652 2520; x_wconf 90' lang='lat'>1</span> <span class='ocrx_word' id='word_1_319' title='bbox 666 2490 882 2521; x_wconf 79' lang='lat' dir='ltr'>1.—²Jerem.</span> <span class='ocrx_word' id='word_1_320' title='bbox 903 2498 1032 2528; x_wconf 80' lang='lat' dir='ltr'>xxxm,</span> <span class='ocrx_word' id='word_1_321' title='bbox 1046 2497 1076 2520; x_wconf 88' lang='lat'>2.</span> <span class='ocrx_word' id='word_1_322' title='bbox 1091 2504 1132 2509; x_wconf 93' lang='lat'>—-</span> <span class='ocrx_word' id='word_1_323' title='bbox 1154 2485 1166 2509; x_wconf 77' lang='lat'>3</span> <span class='ocrx_word' id='word_1_324' title='bbox 1182 2487 1279 2519; x_wconf 80' lang='lat' dir='ltr'>Exod.</span> <span class='ocrx_word' id='word_1_325' title='bbox 1300 2498 1354 2528; x_wconf 84' lang='grc' dir='ltr'>ιιι,</span> <span class='ocrx_word' id='word_1_326' title='bbox 1374 2484 1423 2526; x_wconf 68' lang='grc'>14.</span> <span class='ocrx_word' id='word_1_327' title='bbox 1449 2502 1491 2508; x_wconf 92' lang='lat'>--</span> <span class='ocrx_word' id='word_1_328' title='bbox 1507 2483 1523 2514; x_wconf 75' lang='grc'><em>4</em></span> <span class='ocrx_word' id='word_1_329' title='bbox 1539 2484 1654 2517; x_wconf 84' lang='lat' dir='ltr'>Matth.</span> <span class='ocrx_word' id='word_1_330' title='bbox 1673 2494 1719 2524; x_wconf 85' lang='lat' dir='ltr'>vl,</span> <span class='ocrx_word' id='word_1_331' title='bbox 1734 2480 1788 2524; x_wconf 75' lang='grc'>24.</span> 
     </span>
     <span class='ocr_line' id='line_1_35' title="bbox 395 2541 704 2585; baseline 0.006 -11"><span class='ocrx_word' id='word_1_332' title='bbox 395 2559 437 2566; x_wconf 93' lang='grc'>-</span> <span class='ocrx_word' id='word_1_333' title='bbox 456 2541 470 2566; x_wconf 92' lang='grc'><strong><em>5</em></strong></span> <span class='ocrx_word' id='word_1_334' title='bbox 489 2543 568 2575; x_wconf 78' lang='lat' dir='ltr'>Psal.</span> <span class='ocrx_word' id='word_1_335' title='bbox 586 2555 630 2585; x_wconf 74' lang='lat' dir='ltr'>lx,</span> <span class='ocrx_word' id='word_1_336' title='bbox 655 2553 704 2576; x_wconf 84' lang='lat'>12.</span> 
     </span>
    </p>
   </div>
  </div>
 </body>
</html>
