1833 3284
375 203 614 228 1553003110
649 205 678 228 11
717 205 755 228 iix
794 203 993 228 mximum
1034 204 1151 226 xxix.
1377 196 1453 231 :571

75 264 208 324 ipsius
233 265 442 319 hominis,
471 265 548 309 sed
572 266 783 310 universae
811 264 1013 309 Ecclesiae
1034 264 1184 324 populi
1208 266 1428 310 christiani
1449 289 1458 312 :

75 333 178 394 quia
194 334 478 378 omnishomo
494 334 536 377 in
553 335 725 379 Christo
741 350 852 378 unus
871 335 1002 378 1101110
1016 344 1093 388 cst,
1109 343 1152 377 et
1164 335 1306 378 unitas
1320 335 1464 378 Chris-

76 405 294 449 tianorum
324 421 438 449 unus
460 405 607 450 homo.
634 409 832 450 Fortasse
858 406 947 465 ipse
970 406 1118 459 1101110,
1136 405 1179 449 id
1202 414 1265 449 cst
1280 441 1290 461 ,
1324 406 1464 450 unitas

75 476 421 521 Christianorum
436 477 526 536 ipsa
547 477 653 522 dicit
670 497 678 522 ι
697 477 939 522 «Exaltabo
959 486 1016 531 te,
1035 477 1234 532 Domine,
1255 477 1464 537 quoniam

78 565 98 588 »
119 547 424 607 suscepistime
443 567 452 592 2
475 563 554 592 nec
567 548 820 609 jucundasti
840 548 1034 593 inimicos
1052 564 1168 593 meos
1190 564 1318 607 super
1335 564 1421 592 me.
1437 567 1457 590 >›

75 617 307 672 Quomodo
330 627 375 663 et
393 619 477 664 11οο
499 635 648 667 verum
665 629 726 663 est
739 619 794 664 de
808 619 915 663 illis?
936 623 1032 665 Non
1047 629 1148 664 sunt
1161 620 1463 679 comprehensi

74 688 288 749 Apostoli,
300 705 388 734 non
405 699 507 735 sunt
520 691 633 745 caesi,
646 707 736 735 non
749 706 797 734 su
805 700 851 734 nt
864 690 1085 749 flagellati,
1099 707 1188 735 non
1200 701 1301 735 sunt
1317 691 1460 746 occisi,

74 776 164 805 non
182 770 284 805 50111
302 761 494 806 crucifixi
511 798 522 817 ,
547 778 633 806 non
659 771 761 806 sunt
783 762 947 806 incensi
972 762 1082 817 vivi,
1113 778 1202 807 non
1230 761 1286 806 ad
1310 762 1466 807 bestias

74 841 381 892 pugnaverunt
393 868 404 887 ,
429 849 618 893 quorum
633 832 860 877 memorias
873 832 1169 878 celebramus?
1187 834 1375 886 Quando
1386 850 1465 878 au-

74 911 161 946 tem
185 904 264 947 ista
282 902 363 947 illis
383 902 601 948 faciebant
618 903 832 959 homines,
856 919 1002 948 nonne
1011 904 1373 964 jucundabantur
1395 922 1462 950 su—

74 990 152 1034 per
184 990 255 1019 eos
275 976 292 1017 ⁵?
329 975 560 1028 Quomodo
595 991 696 1034 crgo
726 986 869 1035 potest
907 985 948 1020 et
976 975 1164 1036 populus
1206 977 1464 1022 christianus

76 1044 234 1100 dicere,
251 1065 271 1087 «
288 1046 499 1091 Exaltabo
519 1056 575 1101 te,
596 1048 795 1101 Domine,
814 1048 1018 1107 quoniam
1037 1048 1262 1107 suscepisti
1282 1064 1367 1104 me,
1385 1065 1465 1094 nec

79 1133 99 1156 »
117 1115 367 1176 jucundasti
386 1117 584 1162 inimicos
605 1133 724 1162 meos
745 1134 874 1177 super
897 1120 996 1162 me?
1017 1137 1036 1159 »

137 1189 211 1230 VI.
231 1186 527 1245 Intelligemus
540 1188 639 1240 hoc,
655 1189 688 1232 si
700 1187 923 1232 videamus
938 1189 1077 1248 primo
1098 1188 1276 1233 titulum
1290 1190 1464 1235 Psalmi.

76 1257 221 1302 Habet
233 1258 364 1314 enim,
385 1261 463 1302 «In
472 1259 604 1302 finem
613 1259 808 1304 psalmus
825 1260 992 1305 Cantici
1006 1259 1288 1305 dedicationis
1305 1261 1460 1307 domus

80 1346 99 1370 »
119 1329 200 1389 ipsi
223 1328 401 1374 David¹.
419 1349 437 1371 »
466 1333 518 1374 In
540 1331 624 1375 1100
646 1330 773 1375 titulo
791 1340 855 1375 051
873 1332 1012 1375 01111115
1025 1348 1135 1391 spes,
1155 1346 1198 1377 et
1209 1334 1461 1378 universum

76 1409 393 1445 sacramentum
423 1399 710 1446 dissolvendae
730 1403 859 1462 hujus
883 1403 1146 1462 quaestionis.
1174 1404 1457 1450 Dedicabitur

76 1473 232 1518 domus
246 1473 499 1534 aliquando,
515 1491 614 1535 quae
629 1473 760 1519 modo
775 1474 935 1519 fabrica
945 1484 1027 1518 tur.
1047 1475 1179 1520 Modo
1193 1476 1310 1520 enim
1326 1476 1464 1521 fabri-

75 1555 199 1590 catur
213 1545 384 1602 domus,
402 1545 447 1590 id
460 1556 538 1602 est,
558 1545 766 1600 Ecclesia,
787 1556 934 1606 postea
952 1546 1245 1592 dedicabitur.
1270 1552 1321 1592 In
1339 1549 1468 1594 dedi-

77 1617 246 1662 catione
264 1617 489 1677 apparebit
506 1617 641 1676 gloria
663 1617 813 1676 populi
829 1618 1068 1673 christiani,
1085 1635 1183 1679 quae
1196 1619 1326 1664 modo
1338 1619 1461 1666 latet.

79 1688 267 1733 Saeviant
280 1689 411 1733 modo
424 1688 604 1744 inimici,
617 1689 864 1744 humilient,
882 1689 1044 1733 faciant
1054 1706 1142 1734 non
1156 1691 1374 1751 quidquid
1391 1709 1466 1737 vo-

77 1759 202 1814 lunt,
244 1759 320 1804 sed
367 1759 584 1820 quidquid
624 1760 809 1819 desuper
842 1761 1171 1819 permittuntur.
1222 1765 1319 1806 Non
1351 1764 1468 1808 enini

76 1830 292 1892 quidquid
310 1831 422 1890 passi
441 1830 497 1874 ab
514 1830 698 1875 inimicis
713 1829 938 1884 fuerimus,
962 1831 1145 1875 inimicis
1163 1831 1468 1892 deputandum

78 1911 163 1956 est,
195 1911 240 1946 et
267 1918 355 1947 non
378 1902 565 1946 Domino
587 1905 676 1946 Deo
699 1912 864 1946 nostro.
890 1901 1261 1963 Quandoquidem
1293 1905 1339 1949 in
1376 1906 1469 1965 ipso

78 1988 157 2017 suo
179 1971 379 2033 exemplo
402 1971 616 2017 mediator
640 1971 978 2026 demonstravit,
1003 1973 1180 2032 quando
1198 1975 1326 2020 nobis
1344 1975 1469 2021 desu-

76 2059 153 2104 per
166 2043 380 2104 permittit
391 2043 591 2088 homines
604 2059 777 2097 nocere,
798 2059 888 2087 non
901 2042 1174 2089 voluntatem
1188 2046 1377 2090 nocendi
1390 2047 1471 2092 de-

79 2130 209 2175 super
219 2114 328 2170 dari,
353 2114 429 2158 sed
445 2123 720 2174 potestatem.
739 2115 1050 2175 Unusquisque
1066 2116 1181 2159 enim
1199 2115 1338 2162 malus
1352 2117 1472 2178 apud

0 2206 2 2233 1
57 2181 61 2186 ’
79 2203 124 2232 50
142 2187 276 2232 1131101
290 2185 562 2231 voluntatem
578 2185 766 2231 nocendi
786 2206 794 2231 ε
811 2195 860 2230 ut
877 2194 1022 2230 autem
1042 2187 1176 2246 possit
1188 2203 1360 2245 nocere,
1381 2206 1473 2236 non

79 2260 209 2306 habet
231 2259 277 2302 in
299 2267 528 2319 potestate,
554 2261 612 2303 Ut
632 2257 739 2303 velit
757 2294 767 2313 ,
791 2264 879 2316 jam
899 2274 997 2302 reus
1021 2268 1083 2302 est
1108 2278 1116 2303 :
1142 2268 1192 2303 ut
1214 2261 1367 2320 possit,
1393 2278 1471 2308 oc·-

81 2329 199 2375 culta
213 2328 533 2389 dispensatione
547 2328 833 2389 providentiae
850 2329 923 2373 Dci
937 2329 980 2372 in
990 2327 1122 2372 alium
1136 2331 1404 2389 permittitur
1416 2334 1473 2378 ad

80 2415 275 2462 poenam,
291 2400 337 2443 in
351 2398 484 2443 alium
498 2399 765 2459 permittitur
777 2399 832 2443 ad
845 2399 1164 2459 probationem,
1175 2400 1220 2444 in
1233 2400 1366 2447 alium
1376 2419 1474 2463 per-

0 2475 6 2518 2
63 2471 269 2517 „mittitur
293 2469 348 2516 ad
367 2485 587 2516 coronam.
604 2469 674 2514 Ad
687 2485 864 2530 poenam
883 2505 894 2526 ,
915 2469 1138 2530 quomodo
1155 2472 1351 2531 permissi
1370 2484 1474 2522 sunt

131 2563 140 2580 ¹
161 2556 239 2588 Psal.
255 2566 343 2597 xxix,
368 2568 394 2588 1.

1218 2613 1282 2653 231.
