<?xml version="1.0" encoding="UTF-8"?>
<!DOCTYPE html PUBLIC "-//W3C//DTD XHTML 1.0 Transitional//EN"
    "http://www.w3.org/TR/xhtml1/DTD/xhtml1-transitional.dtd">
<html xmlns="http://www.w3.org/1999/xhtml" xml:lang="en" lang="en">
 <head>
  <title>
</title>
<meta http-equiv="Content-Type" content="text/html;charset=utf-8" />
  <meta name='ocr-system' content='tesseract 3.04.00' />
  <meta name='ocr-capabilities' content='ocr_page ocr_carea ocr_par ocr_line ocrx_word'/>
</head>
<body>
  <div class='ocr_page' id='page_1' title='image "./operaomniaaccura07auguuoft_0415.png"; bbox 0 0 1833 3284; ppageno 0'>
   <div class='ocr_carea' id='block_1_1' title="bbox 230 267 1427 316">
    <p class='ocr_par' dir='ltr' id='par_1_1' title="bbox 230 267 1427 316">
     <span class='ocr_line' id='line_1_1' title="bbox 230 267 1427 316; baseline -0.001 -10"><span class='ocrx_word' id='word_1_1' title='bbox 230 279 471 307; x_wconf 72' lang='lat' dir='ltr'>ENARRATIO</span> <span class='ocrx_word' id='word_1_2' title='bbox 503 281 535 307; x_wconf 87' lang='lat'>11</span> <span class='ocrx_word' id='word_1_3' title='bbox 568 281 613 308; x_wconf 79' lang='lat' dir='ltr'>IN</span> <span class='ocrx_word' id='word_1_4' title='bbox 645 279 847 308; x_wconf 72' lang='lat' dir='ltr'>PsALMUM</span> <span class='ocrx_word' id='word_1_5' title='bbox 880 280 995 312; x_wconf 79' lang='lat' dir='ltr'>xxx,</span> <span class='ocrx_word' id='word_1_6' title='bbox 1030 278 1157 306; x_wconf 71' lang='lat' dir='ltr'>snum.</span> <span class='ocrx_word' id='word_1_7' title='bbox 1192 280 1222 305; x_wconf 94' lang='lat'>1.</span> <span class='ocrx_word' id='word_1_8' title='bbox 1336 267 1427 316; x_wconf 31' lang='lat'>393,</span> 
     </span>
    </p>
   </div>
   <div class='ocr_carea' id='block_1_2' title="bbox 13 342 1425 2588">
    <p class='ocr_par' dir='ltr' id='par_1_2' title="bbox 13 342 1425 2588">
     <span class='ocr_line' id='line_1_2' title="bbox 38 342 1421 404; baseline 0.001 -18"><span class='ocrx_word' id='word_1_9' title='bbox 38 342 198 398; x_wconf 88' lang='lat' dir='ltr'>multa,</span> <span class='ocrx_word' id='word_1_10' title='bbox 226 359 366 388; x_wconf 88' lang='lat' dir='ltr'>unum</span> <span class='ocrx_word' id='word_1_11' title='bbox 386 359 558 404; x_wconf 82' lang='lat' dir='ltr'>corpus.</span> <span class='ocrx_word' id='word_1_12' title='bbox 584 347 701 403; x_wconf 82' lang='lat' dir='ltr'>Ergo</span> <span class='ocrx_word' id='word_1_13' title='bbox 729 343 858 388; x_wconf 90' lang='lat' dir='ltr'>simul</span> <span class='ocrx_word' id='word_1_14' title='bbox 880 358 1028 387; x_wconf 82' lang='lat' dir='ltr'>omnes</span> <span class='ocrx_word' id='word_1_15' title='bbox 1058 358 1136 386; x_wconf 91' lang='lat' dir='ltr'>nos</span> <span class='ocrx_word' id='word_1_16' title='bbox 1157 358 1258 387; x_wconf 89' lang='lat' dir='ltr'>cum</span> <span class='ocrx_word' id='word_1_17' title='bbox 1280 342 1421 402; x_wconf 87' lang='lat' dir='ltr'>capite</span> 
     </span>
     <span class='ocr_line' id='line_1_3' title="bbox 36 413 1422 474; baseline 0 -17"><span class='ocrx_word' id='word_1_18' title='bbox 36 421 184 458; x_wconf 88' lang='lat' dir='ltr'>nostro</span> <span class='ocrx_word' id='word_1_19' title='bbox 205 414 399 469; x_wconf 85' lang='lat' dir='ltr'>Christo,</span> <span class='ocrx_word' id='word_1_20' title='bbox 424 415 515 458; x_wconf 89' lang='lat' dir='ltr'>sine</span> <span class='ocrx_word' id='word_1_21' title='bbox 537 415 677 474; x_wconf 89' lang='lat' dir='ltr'>capite</span> <span class='ocrx_word' id='word_1_22' title='bbox 700 424 848 459; x_wconf 90' lang='lat' dir='ltr'>nostro</span> <span class='ocrx_word' id='word_1_23' title='bbox 875 413 985 457; x_wconf 89' lang='lat' dir='ltr'>nihil</span> <span class='ocrx_word' id='word_1_24' title='bbox 1007 413 1213 458; x_wconf 88' lang='lat' dir='ltr'>valentes.</span> <span class='ocrx_word' id='word_1_25' title='bbox 1245 415 1422 467; x_wconf 76' lang='lat' dir='ltr'>Quare?</span> 
     </span>
     <span class='ocr_line' id='line_1_4' title="bbox 36 484 1416 544; baseline 0.002 -18"><span class='ocrx_word' id='word_1_26' title='bbox 36 484 148 537; x_wconf 85' lang='lat' dir='ltr'>Quia</span> <span class='ocrx_word' id='word_1_27' title='bbox 183 499 261 528; x_wconf 90' lang='lat' dir='ltr'>nos</span> <span class='ocrx_word' id='word_1_28' title='bbox 291 500 392 529; x_wconf 91' lang='lat' dir='ltr'>cum</span> <span class='ocrx_word' id='word_1_29' title='bbox 433 484 574 544; x_wconf 87' lang='lat' dir='ltr'>capite</span> <span class='ocrx_word' id='word_1_30' title='bbox 608 494 755 529; x_wconf 87' lang='lat' dir='ltr'>nostro</span> <span class='ocrx_word' id='word_1_31' title='bbox 788 484 919 529; x_wconf 85' lang='lat' dir='ltr'>vitis:</span> <span class='ocrx_word' id='word_1_32' title='bbox 950 484 1042 528; x_wconf 89' lang='lat' dir='ltr'>sine</span> <span class='ocrx_word' id='word_1_33' title='bbox 1073 485 1213 544; x_wconf 86' lang='lat' dir='ltr'>capite</span> <span class='ocrx_word' id='word_1_34' title='bbox 1245 494 1416 539; x_wconf 85' lang='lat' dir='ltr'>nostro,</span> 
     </span>
     <span class='ocr_line' id='line_1_5' title="bbox 35 553 1420 615; baseline 0.001 -17"><span class='ocrx_word' id='word_1_35' title='bbox 35 553 156 614; x_wconf 89' lang='lat' dir='ltr'>quod</span> <span class='ocrx_word' id='word_1_36' title='bbox 182 554 310 609; x_wconf 88' lang='lat' dir='ltr'>absit,</span> <span class='ocrx_word' id='word_1_37' title='bbox 333 564 549 599; x_wconf 88' lang='lat' dir='ltr'>sarmenta</span> <span class='ocrx_word' id='word_1_38' title='bbox 578 556 771 615; x_wconf 69' lang='lat' dir='ltr'>praecisa,</span> <span class='ocrx_word' id='word_1_39' title='bbox 792 571 882 600; x_wconf 86' lang='lat' dir='ltr'>non</span> <span class='ocrx_word' id='word_1_40' title='bbox 904 555 1033 599; x_wconf 89' lang='lat' dir='ltr'>alicui</span> <span class='ocrx_word' id='word_1_41' title='bbox 1064 556 1183 614; x_wconf 86' lang='lat' dir='ltr'>operi</span> <span class='ocrx_word' id='word_1_42' title='bbox 1206 554 1420 614; x_wconf 80' lang='lat' dir='ltr'>agricola-</span> 
     </span>
     <span class='ocr_line' id='line_1_6' title="bbox 13 625 1421 686; baseline 0.001 -18"><span class='ocrx_word' id='word_1_43' title='bbox 13 655 17 661; x_wconf 73' lang='lat'><em>·</em></span> <span class='ocrx_word' id='word_1_44' title='bbox 34 639 148 680; x_wconf 85' lang='lat' dir='ltr'>rum,</span> <span class='ocrx_word' id='word_1_45' title='bbox 165 625 240 669; x_wconf 93' lang='lat' dir='ltr'>sed</span> <span class='ocrx_word' id='word_1_46' title='bbox 256 626 345 684; x_wconf 87' lang='lat' dir='ltr'>igni</span> <span class='ocrx_word' id='word_1_47' title='bbox 362 626 668 671; x_wconf 89' lang='lat' dir='ltr'>tantummodo</span> <span class='ocrx_word' id='word_1_48' title='bbox 685 626 909 671; x_wconf 81' lang='lat' dir='ltr'>destinata.</span> <span class='ocrx_word' id='word_1_49' title='bbox 931 627 1035 670; x_wconf 88' lang='lat' dir='ltr'>Ideo</span> <span class='ocrx_word' id='word_1_50' title='bbox 1053 627 1202 686; x_wconf 88' lang='lat' dir='ltr'>etipse</span> <span class='ocrx_word' id='word_1_51' title='bbox 1219 627 1264 669; x_wconf 89' lang='lat' dir='ltr'>in</span> <span class='ocrx_word' id='word_1_52' title='bbox 1281 629 1421 670; x_wconf 86' lang='lat' dir='ltr'>Evan-</span> 
     </span>
     <span class='ocr_line' id='line_1_7' title="bbox 35 694 1420 757; baseline 0.001 -18"><span class='ocrx_word' id='word_1_53' title='bbox 35 694 177 755; x_wconf 81' lang='lat' dir='ltr'>gelio:</span> <span class='ocrx_word' id='word_1_54' title='bbox 209 716 228 738; x_wconf 88' lang='lat'>«</span> <span class='ocrx_word' id='word_1_55' title='bbox 252 700 346 756; x_wconf 86' lang='lat' dir='ltr'>Ego</span> <span class='ocrx_word' id='word_1_56' title='bbox 374 713 471 741; x_wconf 90' lang='lat' dir='ltr'>sum</span> <span class='ocrx_word' id='word_1_57' title='bbox 502 698 622 750; x_wconf 88' lang='lat' dir='ltr'>vitis,</span> <span class='ocrx_word' id='word_1_58' title='bbox 655 714 731 742; x_wconf 86' lang='lat' dir='ltr'>vos</span> <span class='ocrx_word' id='word_1_59' title='bbox 764 698 862 742; x_wconf 88' lang='lat' dir='ltr'>estis</span> <span class='ocrx_word' id='word_1_60' title='bbox 895 697 1114 757; x_wconf 80' lang='lat' dir='ltr'>palmites,</span> <span class='ocrx_word' id='word_1_61' title='bbox 1140 701 1267 741; x_wconf 84' lang='lat' dir='ltr'>Pater</span> <span class='ocrx_word' id='word_1_62' title='bbox 1297 712 1420 740; x_wconf 90' lang='lat' dir='ltr'>meus</span> 
     </span>
     <span class='ocr_line' id='line_1_8' title="bbox 37 765 1419 828; baseline 0.003 -20"><span class='ocrx_word' id='word_1_63' title='bbox 37 784 58 808; x_wconf 87' lang='lat'>»</span> <span class='ocrx_word' id='word_1_64' title='bbox 93 765 280 825; x_wconf 82' lang='lat' dir='ltr'>agricola</span> <span class='ocrx_word' id='word_1_65' title='bbox 307 776 372 811; x_wconf 90' lang='lat' dir='ltr'>est</span> <span class='ocrx_word' id='word_1_66' title='bbox 391 786 400 812; x_wconf 89' lang='lat'>:</span> <span class='ocrx_word' id='word_1_67' title='bbox 423 786 443 808; x_wconf 88' lang='lat'>»</span> <span class='ocrx_word' id='word_1_68' title='bbox 468 777 532 822; x_wconf 89' lang='lat' dir='ltr'>et,</span> <span class='ocrx_word' id='word_1_69' title='bbox 557 787 577 810; x_wconf 88' lang='lat'>«</span> <span class='ocrx_word' id='word_1_70' title='bbox 605 768 705 813; x_wconf 86' lang='lat' dir='ltr'>Sine</span> <span class='ocrx_word' id='word_1_71' title='bbox 726 783 816 822; x_wconf 87' lang='lat' dir='ltr'>me,</span> <span class='ocrx_word' id='word_1_72' title='bbox 836 768 1000 828; x_wconf 85' lang='lat' dir='ltr'>inquit,</span> <span class='ocrx_word' id='word_1_73' title='bbox 1021 767 1130 812; x_wconf 89' lang='lat' dir='ltr'>nihil</span> <span class='ocrx_word' id='word_1_74' title='bbox 1151 768 1330 828; x_wconf 83' lang='lat' dir='ltr'>potestis</span> <span class='ocrx_word' id='word_1_75' title='bbox 1350 768 1419 812; x_wconf 86' lang='lat' dir='ltr'>fa-</span> 
     </span>
     <span class='ocr_line' id='line_1_9' title="bbox 37 837 1416 893; baseline 0.004 -16"><span class='ocrx_word' id='word_1_76' title='bbox 37 854 58 878; x_wconf 82' lang='lat'>»</span> <span class='ocrx_word' id='word_1_77' title='bbox 93 839 230 882; x_wconf 70' lang='lat' dir='ltr'>cere1.</span> <span class='ocrx_word' id='word_1_78' title='bbox 258 856 278 879; x_wconf 85' lang='lat'>»</span> <span class='ocrx_word' id='word_1_79' title='bbox 308 839 513 893; x_wconf 84' lang='lat' dir='ltr'>Domine,</span> <span class='ocrx_word' id='word_1_80' title='bbox 539 839 572 882; x_wconf 91' lang='lat' dir='ltr'>si</span> <span class='ocrx_word' id='word_1_81' title='bbox 592 838 683 882; x_wconf 91' lang='lat' dir='ltr'>sine</span> <span class='ocrx_word' id='word_1_82' title='bbox 707 847 748 882; x_wconf 85' lang='lat' dir='ltr'>te</span> <span class='ocrx_word' id='word_1_83' title='bbox 770 837 901 893; x_wconf 81' lang='lat' dir='ltr'>nihil,</span> <span class='ocrx_word' id='word_1_84' title='bbox 922 847 1065 882; x_wconf 91' lang='lat' dir='ltr'>totum</span> <span class='ocrx_word' id='word_1_85' title='bbox 1092 838 1137 881; x_wconf 90' lang='lat' dir='ltr'>in</span> <span class='ocrx_word' id='word_1_86' title='bbox 1160 847 1217 882; x_wconf 87' lang='lat' dir='ltr'>te.</span> <span class='ocrx_word' id='word_1_87' title='bbox 1243 839 1416 884; x_wconf 84' lang='lat' dir='ltr'>Etenim</span> 
     </span>
     <span class='ocr_line' id='line_1_10' title="bbox 33 906 1419 968; baseline 0.002 -18"><span class='ocrx_word' id='word_1_88' title='bbox 33 906 250 968; x_wconf 86' lang='lat' dir='ltr'>quidquid</span> <span class='ocrx_word' id='word_1_89' title='bbox 270 907 343 952; x_wconf 92' lang='lat' dir='ltr'>ille</span> <span class='ocrx_word' id='word_1_90' title='bbox 369 917 574 968; x_wconf 82' lang='lat' dir='ltr'>operatur</span> <span class='ocrx_word' id='word_1_91' title='bbox 595 924 672 968; x_wconf 90' lang='lat' dir='ltr'>per</span> <span class='ocrx_word' id='word_1_92' title='bbox 693 924 770 953; x_wconf 92' lang='lat' dir='ltr'>nos</span> <span class='ocrx_word' id='word_1_93' title='bbox 783 944 793 963; x_wconf 97' lang='lat'>,</span> <span class='ocrx_word' id='word_1_94' title='bbox 811 925 889 953; x_wconf 92' lang='lat' dir='ltr'>nos</span> <span class='ocrx_word' id='word_1_95' title='bbox 906 908 1106 953; x_wconf 87' lang='lat' dir='ltr'>videmur</span> <span class='ocrx_word' id='word_1_96' title='bbox 1128 909 1311 967; x_wconf 86' lang='lat' dir='ltr'>operari.</span> <span class='ocrx_word' id='word_1_97' title='bbox 1331 913 1419 953; x_wconf 92' lang='lat' dir='ltr'>Po-</span> 
     </span>
     <span class='ocr_line' id='line_1_11' title="bbox 36 976 1414 1039; baseline 0.002 -18"><span class='ocrx_word' id='word_1_98' title='bbox 36 986 115 1022; x_wconf 82' lang='lat' dir='ltr'>test</span> <span class='ocrx_word' id='word_1_99' title='bbox 135 976 208 1022; x_wconf 85' lang='lat' dir='ltr'>ille</span> <span class='ocrx_word' id='word_1_100' title='bbox 230 978 419 1023; x_wconf 90' lang='lat' dir='ltr'>multum</span> <span class='ocrx_word' id='word_1_101' title='bbox 440 988 484 1023; x_wconf 92' lang='lat' dir='ltr'>et</span> <span class='ocrx_word' id='word_1_102' title='bbox 506 988 645 1024; x_wconf 90' lang='lat' dir='ltr'>totum</span> <span class='ocrx_word' id='word_1_103' title='bbox 668 979 759 1023; x_wconf 88' lang='lat' dir='ltr'>sine</span> <span class='ocrx_word' id='word_1_104' title='bbox 780 979 928 1034; x_wconf 87' lang='lat' dir='ltr'>nobis,</span> <span class='ocrx_word' id='word_1_105' title='bbox 954 994 1032 1023; x_wconf 92' lang='lat' dir='ltr'>nos</span> <span class='ocrx_word' id='word_1_106' title='bbox 1063 979 1171 1022; x_wconf 89' lang='lat' dir='ltr'>nihil</span> <span class='ocrx_word' id='word_1_107' title='bbox 1193 979 1284 1022; x_wconf 90' lang='lat' dir='ltr'>sine</span> <span class='ocrx_word' id='word_1_108' title='bbox 1305 979 1414 1039; x_wconf 90' lang='lat' dir='ltr'>ipso.</span> 
     </span>
     <span class='ocr_line' id='line_1_12' title="bbox 91 1051 1416 1112; baseline 0.001 -18"><span class='ocrx_word' id='word_1_109' title='bbox 91 1052 145 1094; x_wconf 94' lang='lat' dir='ltr'>V.</span> <span class='ocrx_word' id='word_1_110' title='bbox 180 1053 298 1110; x_wconf 84' lang='lat' dir='ltr'>Ergo</span> <span class='ocrx_word' id='word_1_111' title='bbox 324 1052 370 1095; x_wconf 94' lang='lat' dir='ltr'>in</span> <span class='ocrx_word' id='word_1_112' title='bbox 403 1067 681 1112; x_wconf 87' lang='lat' dir='ltr'>quacumque</span> <span class='ocrx_word' id='word_1_113' title='bbox 712 1053 844 1096; x_wconf 84' lang='lat' dir='ltr'>extasi</span> <span class='ocrx_word' id='word_1_114' title='bbox 870 1051 1078 1112; x_wconf 89' lang='lat' dir='ltr'>loquatur</span> <span class='ocrx_word' id='word_1_115' title='bbox 1113 1051 1201 1096; x_wconf 92' lang='lat' dir='ltr'>sive</span> <span class='ocrx_word' id='word_1_116' title='bbox 1233 1067 1416 1111; x_wconf 86' lang='lat' dir='ltr'>pavore,</span> 
     </span>
     <span class='ocr_line' id='line_1_13' title="bbox 31 1120 1420 1183; baseline 0 -18"><span class='ocrx_word' id='word_1_117' title='bbox 31 1120 120 1165; x_wconf 88' lang='lat' dir='ltr'>sive</span> <span class='ocrx_word' id='word_1_118' title='bbox 146 1136 320 1166; x_wconf 83' lang='lat' dir='ltr'>excessu</span> <span class='ocrx_word' id='word_1_119' title='bbox 341 1123 520 1177; x_wconf 88' lang='lat' dir='ltr'>mentis,</span> <span class='ocrx_word' id='word_1_120' title='bbox 549 1132 800 1181; x_wconf 83' lang='lat' dir='ltr'>congruunt</span> <span class='ocrx_word' id='word_1_121' title='bbox 829 1138 928 1183; x_wconf 85' lang='lat' dir='ltr'>quae</span> <span class='ocrx_word' id='word_1_122' title='bbox 962 1122 1184 1166; x_wconf 87' lang='lat' dir='ltr'>dicuntur.</span> <span class='ocrx_word' id='word_1_123' title='bbox 1216 1122 1420 1166; x_wconf 84' lang='lat' dir='ltr'>Dicamus</span> 
     </span>
     <span class='ocr_line' id='line_1_14' title="bbox 31 1191 1421 1253; baseline 0.001 -19"><span class='ocrx_word' id='word_1_124' title='bbox 31 1192 76 1234; x_wconf 91' lang='lat' dir='ltr'>in</span> <span class='ocrx_word' id='word_1_125' title='bbox 98 1191 257 1236; x_wconf 90' lang='lat' dir='ltr'>Christi</span> <span class='ocrx_word' id='word_1_126' title='bbox 286 1208 482 1252; x_wconf 89' lang='lat' dir='ltr'>corpore,</span> <span class='ocrx_word' id='word_1_127' title='bbox 505 1192 699 1237; x_wconf 89' lang='lat' dir='ltr'>dicamus</span> <span class='ocrx_word' id='word_1_128' title='bbox 726 1208 875 1237; x_wconf 92' lang='lat' dir='ltr'>omnes</span> <span class='ocrx_word' id='word_1_129' title='bbox 903 1194 1024 1252; x_wconf 87' lang='lat' dir='ltr'>quasi</span> <span class='ocrx_word' id='word_1_130' title='bbox 1050 1208 1179 1247; x_wconf 68' lang='lat' dir='ltr'>unus,</span> <span class='ocrx_word' id='word_1_131' title='bbox 1203 1193 1306 1253; x_wconf 87' lang='lat' dir='ltr'>quia</span> <span class='ocrx_word' id='word_1_132' title='bbox 1329 1208 1421 1236; x_wconf 92' lang='lat' dir='ltr'>om-</span> 
     </span>
     <span class='ocr_line' id='line_1_15' title="bbox 31 1261 1419 1322; baseline 0.002 -18"><span class='ocrx_word' id='word_1_133' title='bbox 31 1276 106 1305; x_wconf 89' lang='lat' dir='ltr'>nes</span> <span class='ocrx_word' id='word_1_134' title='bbox 136 1261 310 1318; x_wconf 74' lang='lat' dir='ltr'>unitas,</span> <span class='ocrx_word' id='word_1_135' title='bbox 346 1261 575 1307; x_wconf 89' lang='lat' dir='ltr'>dicamus:</span> <span class='ocrx_word' id='word_1_136' title='bbox 612 1282 632 1305; x_wconf 89' lang='lat'>«</span> <span class='ocrx_word' id='word_1_137' title='bbox 661 1265 712 1306; x_wconf 91' lang='lat' dir='ltr'>In</span> <span class='ocrx_word' id='word_1_138' title='bbox 751 1273 816 1317; x_wconf 90' lang='lat' dir='ltr'>te,</span> <span class='ocrx_word' id='word_1_139' title='bbox 852 1263 1062 1316; x_wconf 90' lang='lat' dir='ltr'>Domine,</span> <span class='ocrx_word' id='word_1_140' title='bbox 1101 1263 1291 1322; x_wconf 85' lang='lat' dir='ltr'>speravi,</span> <span class='ocrx_word' id='word_1_141' title='bbox 1328 1278 1419 1307; x_wconf 87' lang='lat' dir='ltr'>non</span> 
     </span>
     <span class='ocr_line' id='line_1_16' title="bbox 35 1330 1416 1396; baseline 0.003 -24"><span class='ocrx_word' id='word_1_142' title='bbox 35 1349 55 1372; x_wconf 89' lang='lat'>»</span> <span class='ocrx_word' id='word_1_143' title='bbox 90 1330 337 1396; x_wconf 82' lang='lat' dir='ltr'>confundar</span> <span class='ocrx_word' id='word_1_144' title='bbox 358 1333 403 1377; x_wconf 88' lang='lat' dir='ltr'>in</span> <span class='ocrx_word' id='word_1_145' title='bbox 431 1341 660 1377; x_wconf 86' lang='lat' dir='ltr'>aeternum.</span> <span class='ocrx_word' id='word_1_146' title='bbox 689 1351 708 1374; x_wconf 75' lang='grc' dir='ltr'>η</span> <span class='ocrx_word' id='word_1_147' title='bbox 742 1332 889 1387; x_wconf 89' lang='lat' dir='ltr'>Illam,</span> <span class='ocrx_word' id='word_1_148' title='bbox 918 1333 1084 1393; x_wconf 89' lang='lat' dir='ltr'>inquit,</span> <span class='ocrx_word' id='word_1_149' title='bbox 1115 1333 1416 1377; x_wconf 84' lang='lat' dir='ltr'>confusionem</span> 
     </span>
     <span class='ocr_line' id='line_1_17' title="bbox 31 1402 1418 1463; baseline 0.001 -18"><span class='ocrx_word' id='word_1_150' title='bbox 31 1402 332 1461; x_wconf 87' lang='lat' dir='ltr'>perhorresco,</span> <span class='ocrx_word' id='word_1_151' title='bbox 353 1419 454 1463; x_wconf 82' lang='lat' dir='ltr'>quae</span> <span class='ocrx_word' id='word_1_152' title='bbox 475 1412 540 1447; x_wconf 89' lang='lat' dir='ltr'>est</span> <span class='ocrx_word' id='word_1_153' title='bbox 555 1404 600 1447; x_wconf 92' lang='lat' dir='ltr'>in</span> <span class='ocrx_word' id='word_1_154' title='bbox 621 1412 850 1446; x_wconf 85' lang='lat' dir='ltr'>aeternum.</span> <span class='ocrx_word' id='word_1_155' title='bbox 876 1406 986 1447; x_wconf 86' lang='lat' dir='ltr'>Nam</span> <span class='ocrx_word' id='word_1_156' title='bbox 1009 1412 1072 1447; x_wconf 90' lang='lat' dir='ltr'>est</span> <span class='ocrx_word' id='word_1_157' title='bbox 1091 1403 1293 1463; x_wconf 80' lang='lat' dir='ltr'>quaedam</span> <span class='ocrx_word' id='word_1_158' title='bbox 1310 1418 1418 1447; x_wconf 93' lang='lat' dir='ltr'>con-</span> 
     </span>
     <span class='ocr_line' id='line_1_18' title="bbox 31 1471 1419 1532; baseline 0.001 -16"><span class='ocrx_word' id='word_1_159' title='bbox 31 1471 144 1516; x_wconf 89' lang='lat' dir='ltr'>fusio</span> <span class='ocrx_word' id='word_1_160' title='bbox 162 1472 410 1532; x_wconf 88' lang='lat' dir='ltr'>temporalis</span> <span class='ocrx_word' id='word_1_161' title='bbox 432 1473 566 1528; x_wconf 91' lang='lat' dir='ltr'>utilis,</span> <span class='ocrx_word' id='word_1_162' title='bbox 591 1473 861 1532; x_wconf 85' lang='lat' dir='ltr'>perturbatio</span> <span class='ocrx_word' id='word_1_163' title='bbox 883 1473 1015 1517; x_wconf 87' lang='lat' dir='ltr'>animi</span> <span class='ocrx_word' id='word_1_164' title='bbox 1039 1473 1305 1532; x_wconf 87' lang='lat' dir='ltr'>respicientis</span> <span class='ocrx_word' id='word_1_165' title='bbox 1322 1488 1419 1532; x_wconf 86' lang='lat' dir='ltr'>pec-</span> 
     </span>
     <span class='ocr_line' id='line_1_19' title="bbox 31 1544 1415 1603; baseline 0.001 -17"><span class='ocrx_word' id='word_1_166' title='bbox 31 1552 125 1587; x_wconf 88' lang='lat' dir='ltr'>cata</span> <span class='ocrx_word' id='word_1_167' title='bbox 158 1559 256 1599; x_wconf 89' lang='lat' dir='ltr'>sua,</span> <span class='ocrx_word' id='word_1_168' title='bbox 297 1544 566 1603; x_wconf 88' lang='lat' dir='ltr'>respectione</span> <span class='ocrx_word' id='word_1_169' title='bbox 606 1544 844 1599; x_wconf 82' lang='lat' dir='ltr'>horrentis,</span> <span class='ocrx_word' id='word_1_170' title='bbox 881 1544 1060 1588; x_wconf 88' lang='lat' dir='ltr'>horrore</span> <span class='ocrx_word' id='word_1_171' title='bbox 1100 1544 1415 1599; x_wconf 88' lang='lat' dir='ltr'>erubescentis,</span> 
     </span>
     <span class='ocr_line' id='line_1_20' title="bbox 31 1612 1419 1674; baseline 0 -16"><span class='ocrx_word' id='word_1_172' title='bbox 31 1614 330 1658; x_wconf 86' lang='lat' dir='ltr'>erubescentia</span> <span class='ocrx_word' id='word_1_173' title='bbox 349 1615 617 1673; x_wconf 79' lang='lat' dir='ltr'>corrigentis,</span> <span class='ocrx_word' id='word_1_174' title='bbox 634 1614 760 1659; x_wconf 89' lang='lat' dir='ltr'>Unde</span> <span class='ocrx_word' id='word_1_175' title='bbox 776 1613 881 1659; x_wconf 91' lang='lat' dir='ltr'>dicit</span> <span class='ocrx_word' id='word_1_176' title='bbox 899 1623 942 1658; x_wconf 91' lang='lat' dir='ltr'>et</span> <span class='ocrx_word' id='word_1_177' title='bbox 958 1612 1190 1674; x_wconf 81' lang='lat' dir='ltr'>Apostolus</span> <span class='ocrx_word' id='word_1_178' title='bbox 1210 1634 1218 1659; x_wconf 72' lang='grc' dir='ltr'>ε</span> <span class='ocrx_word' id='word_1_179' title='bbox 1241 1617 1419 1667; x_wconf 88' lang='lat' dir='ltr'>«Quam</span> 
     </span>
     <span class='ocr_line' id='line_1_21' title="bbox 34 1683 1420 1744; baseline 0.002 -19"><span class='ocrx_word' id='word_1_180' title='bbox 34 1701 55 1725; x_wconf 88' lang='lat'>»</span> <span class='ocrx_word' id='word_1_181' title='bbox 90 1685 205 1727; x_wconf 87' lang='lat' dir='ltr'>enim</span> <span class='ocrx_word' id='word_1_182' title='bbox 239 1683 417 1743; x_wconf 81' lang='lat' dir='ltr'>gloriam</span> <span class='ocrx_word' id='word_1_183' title='bbox 454 1685 664 1729; x_wconf 86' lang='lat' dir='ltr'>habuistis</span> <span class='ocrx_word' id='word_1_184' title='bbox 700 1695 805 1729; x_wconf 90' lang='lat' dir='ltr'>tunc</span> <span class='ocrx_word' id='word_1_185' title='bbox 833 1685 878 1728; x_wconf 91' lang='lat' dir='ltr'>in</span> <span class='ocrx_word' id='word_1_186' title='bbox 909 1686 996 1739; x_wconf 88' lang='lat' dir='ltr'>his,</span> <span class='ocrx_word' id='word_1_187' title='bbox 1032 1685 1078 1728; x_wconf 86' lang='lat' dir='ltr'>in</span> <span class='ocrx_word' id='word_1_188' title='bbox 1107 1685 1268 1744; x_wconf 89' lang='lat' dir='ltr'>quibus</span> <span class='ocrx_word' id='word_1_189' title='bbox 1300 1700 1420 1729; x_wconf 88' lang='lat' dir='ltr'>nunc</span> 
     </span>
     <span class='ocr_line' id='line_1_22' title="bbox 35 1753 1416 1814; baseline 0.004 -20"><span class='ocrx_word' id='word_1_190' title='bbox 35 1772 54 1795; x_wconf 68' lang='lat' dir='ltr'><em>n</em></span> <span class='ocrx_word' id='word_1_191' title='bbox 90 1754 399 1799; x_wconf 75' lang='lat' dir='ltr'>erubescitis2?</span> <span class='ocrx_word' id='word_1_192' title='bbox 424 1774 442 1796; x_wconf 76' lang='lat' dir='ltr'>n</span> <span class='ocrx_word' id='word_1_193' title='bbox 468 1757 584 1813; x_wconf 87' lang='lat' dir='ltr'>Ergo</span> <span class='ocrx_word' id='word_1_194' title='bbox 607 1755 861 1799; x_wconf 85' lang='lat' dir='ltr'>erubescere</span> <span class='ocrx_word' id='word_1_195' title='bbox 889 1755 984 1799; x_wconf 90' lang='lat' dir='ltr'>illos</span> <span class='ocrx_word' id='word_1_196' title='bbox 1016 1753 1121 1799; x_wconf 89' lang='lat' dir='ltr'>dicit</span> <span class='ocrx_word' id='word_1_197' title='bbox 1138 1756 1227 1814; x_wconf 84' lang='lat' dir='ltr'>jam</span> <span class='ocrx_word' id='word_1_198' title='bbox 1250 1754 1416 1810; x_wconf 86' lang='lat' dir='ltr'>fideles,</span> 
     </span>
     <span class='ocr_line' id='line_1_23' title="bbox 27 1824 1421 1885; baseline 0.002 -17"><span class='ocrx_word' id='word_1_199' title='bbox 27 1834 120 1869; x_wconf 70' lang='lat' dir='ltr'>‘non</span> <span class='ocrx_word' id='word_1_200' title='bbox 138 1824 193 1869; x_wconf 92' lang='lat' dir='ltr'>de</span> <span class='ocrx_word' id='word_1_201' title='bbox 208 1827 495 1885; x_wconf 82' lang='lat' dir='ltr'>praesentibus</span> <span class='ocrx_word' id='word_1_202' title='bbox 512 1826 653 1881; x_wconf 87' lang='lat' dir='ltr'>donis,</span> <span class='ocrx_word' id='word_1_203' title='bbox 670 1825 745 1870; x_wconf 88' lang='lat' dir='ltr'>sed</span> <span class='ocrx_word' id='word_1_204' title='bbox 763 1826 818 1869; x_wconf 91' lang='lat' dir='ltr'>de</span> <span class='ocrx_word' id='word_1_205' title='bbox 836 1826 1065 1885; x_wconf 85' lang='lat' dir='ltr'>praeteritis</span> <span class='ocrx_word' id='word_1_206' title='bbox 1082 1826 1280 1885; x_wconf 85' lang='lat' dir='ltr'>peccatis.</span> <span class='ocrx_word' id='word_1_207' title='bbox 1299 1829 1421 1871; x_wconf 84' lang='lat' dir='ltr'>Hanc</span> 
     </span>
     <span class='ocr_line' id='line_1_24' title="bbox 32 1894 1419 1941; baseline 0.001 -2"><span class='ocrx_word' id='word_1_208' title='bbox 32 1894 332 1940; x_wconf 86' lang='lat' dir='ltr'>confusionem</span> <span class='ocrx_word' id='word_1_209' title='bbox 363 1913 453 1941; x_wconf 88' lang='lat' dir='ltr'>non</span> <span class='ocrx_word' id='word_1_210' title='bbox 483 1896 690 1941; x_wconf 84' lang='lat' dir='ltr'>formidet</span> <span class='ocrx_word' id='word_1_211' title='bbox 711 1897 1005 1941; x_wconf 86' lang='lat' dir='ltr'>Christianus:</span> <span class='ocrx_word' id='word_1_212' title='bbox 1027 1896 1115 1940; x_wconf 90' lang='lat' dir='ltr'>imo</span> <span class='ocrx_word' id='word_1_213' title='bbox 1137 1896 1170 1939; x_wconf 89' lang='lat' dir='ltr'>si</span> <span class='ocrx_word' id='word_1_214' title='bbox 1192 1897 1306 1940; x_wconf 87' lang='lat' dir='ltr'>hanc</span> <span class='ocrx_word' id='word_1_215' title='bbox 1330 1912 1419 1940; x_wconf 91' lang='lat' dir='ltr'>non</span> 
     </span>
     <span class='ocr_line' id='line_1_25' title="bbox 32 1965 1417 2021; baseline 0.001 -12"><span class='ocrx_word' id='word_1_216' title='bbox 32 1966 255 2021; x_wconf 88' lang='lat' dir='ltr'>habuerit,</span> <span class='ocrx_word' id='word_1_217' title='bbox 287 1975 495 2010; x_wconf 82' lang='lat' dir='ltr'>aeternam</span> <span class='ocrx_word' id='word_1_218' title='bbox 527 1966 724 2010; x_wconf 87' lang='lat' dir='ltr'>habebit.</span> <span class='ocrx_word' id='word_1_219' title='bbox 761 1969 870 2019; x_wconf 84' lang='lat' dir='ltr'>Quae</span> <span class='ocrx_word' id='word_1_220' title='bbox 903 1975 967 2010; x_wconf 88' lang='lat' dir='ltr'>est</span> <span class='ocrx_word' id='word_1_221' title='bbox 996 1975 1158 2009; x_wconf 86' lang='lat' dir='ltr'>aeterna</span> <span class='ocrx_word' id='word_1_222' title='bbox 1191 1965 1417 2021; x_wconf 87' lang='lat' dir='ltr'>confusio,</span> 
     </span>
     <span class='ocr_line' id='line_1_26' title="bbox 32 2035 1420 2097; baseline 0 -17"><span class='ocrx_word' id='word_1_223' title='bbox 32 2035 210 2097; x_wconf 84' lang='lat' dir='ltr'>quando</span> <span class='ocrx_word' id='word_1_224' title='bbox 231 2037 306 2080; x_wconf 90' lang='lat' dir='ltr'>fiet</span> <span class='ocrx_word' id='word_1_225' title='bbox 329 2036 440 2080; x_wconf 89' lang='lat' dir='ltr'>illud</span> <span class='ocrx_word' id='word_1_226' title='bbox 462 2037 583 2096; x_wconf 87' lang='lat' dir='ltr'>quod</span> <span class='ocrx_word' id='word_1_227' title='bbox 608 2036 773 2080; x_wconf 88' lang='lat' dir='ltr'>dictum</span> <span class='ocrx_word' id='word_1_228' title='bbox 797 2046 881 2090; x_wconf 86' lang='lat' dir='ltr'>est,</span> <span class='ocrx_word' id='word_1_229' title='bbox 912 2055 931 2077; x_wconf 90' lang='lat'>«</span> <span class='ocrx_word' id='word_1_230' title='bbox 957 2039 1014 2080; x_wconf 90' lang='lat' dir='ltr'>Et</span> <span class='ocrx_word' id='word_1_231' title='bbox 1031 2035 1263 2080; x_wconf 87' lang='lat' dir='ltr'>traducent</span> <span class='ocrx_word' id='word_1_232' title='bbox 1279 2052 1351 2080; x_wconf 91' lang='lat' dir='ltr'>eos</span> <span class='ocrx_word' id='word_1_233' title='bbox 1370 2052 1420 2080; x_wconf 76' lang='lat' dir='ltr'>ex</span> 
     </span>
     <span class='ocr_line' id='line_1_27' title="bbox 36 2105 1420 2166; baseline 0 -16"><span class='ocrx_word' id='word_1_234' title='bbox 36 2123 57 2147; x_wconf 86' lang='lat'>»</span> <span class='ocrx_word' id='word_1_235' title='bbox 91 2105 272 2151; x_wconf 89' lang='lat' dir='ltr'>adverso</span> <span class='ocrx_word' id='word_1_236' title='bbox 291 2106 543 2166; x_wconf 86' lang='lat' dir='ltr'>iniquitates</span> <span class='ocrx_word' id='word_1_237' title='bbox 570 2108 762 2151; x_wconf 77' lang='lat' dir='ltr'>eorum3.</span> <span class='ocrx_word' id='word_1_238' title='bbox 792 2123 812 2146; x_wconf 86' lang='lat'>»</span> <span class='ocrx_word' id='word_1_239' title='bbox 833 2109 890 2150; x_wconf 90' lang='lat' dir='ltr'>Et</span> <span class='ocrx_word' id='word_1_240' title='bbox 916 2107 992 2149; x_wconf 81' lang='lat' dir='ltr'>flet</span> <span class='ocrx_word' id='word_1_241' title='bbox 1020 2106 1351 2150; x_wconf 83' lang='lat' dir='ltr'>traducentibus</span> <span class='ocrx_word' id='word_1_242' title='bbox 1369 2122 1420 2150; x_wconf 86' lang='lat' dir='ltr'>ex</span> 
     </span>
     <span class='ocr_line' id='line_1_28' title="bbox 35 2175 1421 2237; baseline 0 -17"><span class='ocrx_word' id='word_1_243' title='bbox 35 2177 213 2221; x_wconf 88' lang='lat' dir='ltr'>adverso</span> <span class='ocrx_word' id='word_1_244' title='bbox 233 2177 537 2237; x_wconf 79' lang='lat' dir='ltr'>iniquitatibus</span> <span class='ocrx_word' id='word_1_245' title='bbox 555 2178 693 2221; x_wconf 91' lang='lat' dir='ltr'>omnis</span> <span class='ocrx_word' id='word_1_246' title='bbox 712 2192 812 2235; x_wconf 80' lang='lat' dir='ltr'>grex</span> <span class='ocrx_word' id='word_1_247' title='bbox 833 2176 972 2220; x_wconf 89' lang='lat' dir='ltr'>malus</span> <span class='ocrx_word' id='word_1_248' title='bbox 995 2175 1051 2220; x_wconf 90' lang='lat' dir='ltr'>ad</span> <span class='ocrx_word' id='word_1_249' title='bbox 1073 2177 1304 2231; x_wconf 87' lang='lat' dir='ltr'>sinistram,</span> <span class='ocrx_word' id='word_1_250' title='bbox 1333 2186 1421 2220; x_wconf 87' lang='lat' dir='ltr'>tan-</span> 
     </span>
     <span class='ocr_line' id='line_1_29' title="bbox 35 2247 1421 2307; baseline 0.001 -17"><span class='ocrx_word' id='word_1_251' title='bbox 35 2262 165 2306; x_wconf 88' lang='lat' dir='ltr'>quam</span> <span class='ocrx_word' id='word_1_252' title='bbox 193 2247 338 2291; x_wconf 88' lang='lat' dir='ltr'>hoedis</span> <span class='ocrx_word' id='word_1_253' title='bbox 367 2248 422 2291; x_wconf 88' lang='lat' dir='ltr'>ab</span> <span class='ocrx_word' id='word_1_254' title='bbox 444 2248 648 2292; x_wconf 89' lang='lat' dir='ltr'>omnibus</span> <span class='ocrx_word' id='word_1_255' title='bbox 681 2247 914 2307; x_wconf 83' lang='lat' dir='ltr'>separatis3</span> <span class='ocrx_word' id='word_1_256' title='bbox 939 2255 982 2290; x_wconf 88' lang='lat' dir='ltr'>et</span> <span class='ocrx_word' id='word_1_257' title='bbox 1005 2247 1212 2291; x_wconf 86' lang='lat' dir='ltr'>audient:</span> <span class='ocrx_word' id='word_1_258' title='bbox 1243 2267 1262 2289; x_wconf 91' lang='lat'>«</span> <span class='ocrx_word' id='word_1_259' title='bbox 1289 2250 1353 2291; x_wconf 85' lang='lat' dir='ltr'>lte</span> <span class='ocrx_word' id='word_1_260' title='bbox 1377 2248 1421 2291; x_wconf 92' lang='lat' dir='ltr'>in</span> 
     </span>
     <span class='ocr_line' id='line_1_30' title="bbox 39 2315 1418 2377; baseline 0 -19"><span class='ocrx_word' id='word_1_261' title='bbox 39 2334 60 2357; x_wconf 91' lang='lat'>»</span> <span class='ocrx_word' id='word_1_262' title='bbox 83 2317 230 2375; x_wconf 87' lang='lat' dir='ltr'>ignem</span> <span class='ocrx_word' id='word_1_263' title='bbox 245 2325 475 2372; x_wconf 82' lang='lat' dir='ltr'>aeternum,</span> <span class='ocrx_word' id='word_1_264' title='bbox 491 2318 568 2377; x_wconf 89' lang='lat' dir='ltr'>qui</span> <span class='ocrx_word' id='word_1_265' title='bbox 581 2327 756 2377; x_wconf 87' lang='lat' dir='ltr'>paratus</span> <span class='ocrx_word' id='word_1_266' title='bbox 775 2326 838 2361; x_wconf 86' lang='lat' dir='ltr'>est</span> <span class='ocrx_word' id='word_1_267' title='bbox 854 2315 1031 2360; x_wconf 88' lang='lat' dir='ltr'>diabolo</span> <span class='ocrx_word' id='word_1_268' title='bbox 1046 2325 1089 2359; x_wconf 90' lang='lat' dir='ltr'>et</span> <span class='ocrx_word' id='word_1_269' title='bbox 1104 2316 1265 2375; x_wconf 81' lang='lat' dir='ltr'>angelis</span> <span class='ocrx_word' id='word_1_270' title='bbox 1282 2318 1418 2377; x_wconf 83' lang='lat' dir='ltr'>ejus.»</span> 
     </span>
     <span class='ocr_line' id='line_1_31' title="bbox 36 2385 1423 2447; baseline 0.001 -18"><span class='ocrx_word' id='word_1_271' title='bbox 36 2388 249 2439; x_wconf 85' lang='lat' dir='ltr'>Quaerunt</span> <span class='ocrx_word' id='word_1_272' title='bbox 279 2389 445 2447; x_wconf 75' lang='lat' dir='ltr'>quare?</span> <span class='ocrx_word' id='word_1_273' title='bbox 482 2406 503 2429; x_wconf 89' lang='lat'>«</span> <span class='ocrx_word' id='word_1_274' title='bbox 535 2388 704 2431; x_wconf 86' lang='lat' dir='ltr'>Esurivi</span> <span class='ocrx_word' id='word_1_275' title='bbox 739 2387 877 2441; x_wconf 90' lang='lat' dir='ltr'>enim,</span> <span class='ocrx_word' id='word_1_276' title='bbox 915 2396 958 2430; x_wconf 92' lang='lat' dir='ltr'>et</span> <span class='ocrx_word' id='word_1_277' title='bbox 989 2402 1080 2431; x_wconf 88' lang='lat' dir='ltr'>non</span> <span class='ocrx_word' id='word_1_278' title='bbox 1112 2385 1288 2430; x_wconf 85' lang='lat' dir='ltr'>dedistis</span> <span class='ocrx_word' id='word_1_279' title='bbox 1315 2387 1423 2430; x_wconf 90' lang='lat' dir='ltr'>mihi</span> 
     </span>
     <span class='ocr_line' id='line_1_32' title="bbox 43 2456 1422 2517; baseline 0 -17"><span class='ocrx_word' id='word_1_280' title='bbox 43 2476 60 2498; x_wconf 85' lang='lat'>»</span> <span class='ocrx_word' id='word_1_281' title='bbox 94 2457 400 2501; x_wconf 79' lang='lat' dir='ltr'>manducare4.</span> <span class='ocrx_word' id='word_1_282' title='bbox 425 2476 445 2499; x_wconf 86' lang='lat'>»</span> <span class='ocrx_word' id='word_1_283' title='bbox 467 2458 819 2502; x_wconf 85' lang='lat' dir='ltr'>Contemnebant</span> <span class='ocrx_word' id='word_1_284' title='bbox 850 2466 955 2501; x_wconf 91' lang='lat' dir='ltr'>tunc</span> <span class='ocrx_word' id='word_1_285' title='bbox 972 2492 982 2512; x_wconf 96' lang='lat'>,</span> <span class='ocrx_word' id='word_1_286' title='bbox 1007 2456 1186 2517; x_wconf 86' lang='lat' dir='ltr'>quando</span> <span class='ocrx_word' id='word_1_287' title='bbox 1215 2457 1422 2501; x_wconf 88' lang='lat' dir='ltr'>esurienti</span> 
     </span>
     <span class='ocr_line' id='line_1_33' title="bbox 37 2526 1425 2588; baseline 0.001 -18"><span class='ocrx_word' id='word_1_288' title='bbox 37 2526 208 2571; x_wconf 85' lang='lat' dir='ltr'>Christo</span> <span class='ocrx_word' id='word_1_289' title='bbox 229 2543 319 2572; x_wconf 90' lang='lat' dir='ltr'>non</span> <span class='ocrx_word' id='word_1_290' title='bbox 348 2527 514 2572; x_wconf 90' lang='lat' dir='ltr'>dabant</span> <span class='ocrx_word' id='word_1_291' title='bbox 541 2528 713 2584; x_wconf 90' lang='lat' dir='ltr'>cibum,</span> <span class='ocrx_word' id='word_1_292' title='bbox 740 2526 919 2588; x_wconf 89' lang='lat' dir='ltr'>quando</span> <span class='ocrx_word' id='word_1_293' title='bbox 950 2527 1113 2571; x_wconf 85' lang='lat' dir='ltr'>sitienti</span> <span class='ocrx_word' id='word_1_294' title='bbox 1139 2543 1228 2571; x_wconf 94' lang='lat' dir='ltr'>non</span> <span class='ocrx_word' id='word_1_295' title='bbox 1257 2527 1425 2571; x_wconf 87' lang='lat' dir='ltr'>dabant</span> 
     </span>
    </p>
   </div>
   <div class='ocr_carea' id='block_1_3' title="bbox 85 2610 1419 2706">
    <p class='ocr_par' dir='ltr' id='par_1_3' title="bbox 85 2610 1419 2706">
     <span class='ocr_line' id='line_1_34' title="bbox 85 2610 1419 2654; baseline 0 -12"><span class='ocrx_word' id='word_1_296' title='bbox 85 2618 93 2633; x_wconf 85' lang='lat'>¹</span> <span class='ocrx_word' id='word_1_297' title='bbox 108 2612 198 2644; x_wconf 80' lang='lat' dir='ltr'>Joan.</span> <span class='ocrx_word' id='word_1_298' title='bbox 219 2622 272 2652; x_wconf 87' lang='lat' dir='ltr'>xv,</span> <span class='ocrx_word' id='word_1_299' title='bbox 292 2611 324 2643; x_wconf 91' lang='lat'>5.</span> <span class='ocrx_word' id='word_1_300' title='bbox 342 2628 384 2634; x_wconf 93' lang='lat'>—</span> <span class='ocrx_word' id='word_1_301' title='bbox 407 2618 420 2634; x_wconf 78' lang='lat'>²</span> <span class='ocrx_word' id='word_1_302' title='bbox 442 2614 530 2644; x_wconf 84' lang='lat' dir='ltr'>Rom¹</span> <span class='ocrx_word' id='word_1_303' title='bbox 556 2623 600 2653; x_wconf 86' lang='lat' dir='ltr'>vl,</span> <span class='ocrx_word' id='word_1_304' title='bbox 620 2621 732 2644; x_wconf 77' lang='lat'>21.—</span> <span class='ocrx_word' id='word_1_305' title='bbox 753 2611 765 2635; x_wconf 87' lang='lat'>3</span> <span class='ocrx_word' id='word_1_306' title='bbox 785 2614 860 2654; x_wconf 76' lang='lat' dir='ltr'>Sap.</span> <span class='ocrx_word' id='word_1_307' title='bbox 883 2623 930 2653; x_wconf 80' lang='lat' dir='ltr'>iv,</span> <span class='ocrx_word' id='word_1_308' title='bbox 950 2621 1004 2644; x_wconf 76' lang='lat'>20.</span> <span class='ocrx_word' id='word_1_309' title='bbox 1030 2628 1070 2635; x_wconf 85' lang='lat'>-</span> <span class='ocrx_word' id='word_1_310' title='bbox 1092 2610 1235 2643; x_wconf 71' lang='lat' dir='ltr'>4Mat1h.</span> <span class='ocrx_word' id='word_1_311' title='bbox 1263 2622 1342 2652; x_wconf 85' lang='lat' dir='ltr'>xxv,</span> <span class='ocrx_word' id='word_1_312' title='bbox 1362 2611 1419 2654; x_wconf 69' lang='lat'>41.</span> 
     </span>
     <span class='ocr_line' id='line_1_35' title="bbox 350 2682 381 2706; baseline 0 -2"><span class='ocrx_word' id='word_1_313' title='bbox 350 2682 381 2706; x_wconf 62' lang='lat' dir='ltr'>a·</span> 
     </span>
    </p>
   </div>
  </div>
 </body>
</html>
