<?xml version="1.0" encoding="UTF-8"?>
<!DOCTYPE html PUBLIC "-//W3C//DTD XHTML 1.0 Transitional//EN"
    "http://www.w3.org/TR/xhtml1/DTD/xhtml1-transitional.dtd">
<html xmlns="http://www.w3.org/1999/xhtml" xml:lang="en" lang="en">
 <head>
  <title>
</title>
<meta http-equiv="Content-Type" content="text/html;charset=utf-8" />
  <meta name='ocr-system' content='tesseract 3.04.00' />
  <meta name='ocr-capabilities' content='ocr_page ocr_carea ocr_par ocr_line ocrx_word'/>
</head>
<body>
  <div class='ocr_page' id='page_1' title='image "./operaomniaaccura07auguuoft_0051.png"; bbox 0 0 1833 3284; ppageno 0'>
   <div class='ocr_carea' id='block_1_1' title="bbox 376 218 1431 268">
    <p class='ocr_par' dir='ltr' id='par_1_1' title="bbox 376 218 1431 268">
     <span class='ocr_line' id='line_1_1' title="bbox 376 218 1431 268; baseline -0.001 -9"><span class='ocrx_word' id='word_1_1' title='bbox 376 230 720 259; x_wconf 76' lang='lat' dir='ltr'>ANNOTATIONUM</span> <span class='ocrx_word' id='word_1_2' title='bbox 752 232 797 258; x_wconf 77' lang='lat' dir='ltr'>m</span> <span class='ocrx_word' id='word_1_3' title='bbox 829 231 926 268; x_wconf 75' lang='lat' dir='ltr'>son,</span> <span class='ocrx_word' id='word_1_4' title='bbox 962 231 1100 257; x_wconf 70' lang='lat' dir='ltr'>nima.</span> <span class='ocrx_word' id='word_1_5' title='bbox 1382 218 1431 258; x_wconf 76' lang='lat'>41</span> 
     </span>
    </p>
   </div>
   <div class='ocr_carea' id='block_1_2' title="bbox 49 293 1456 2488">
    <p class='ocr_par' dir='ltr' id='par_1_2' title="bbox 49 293 1456 2488">
     <span class='ocr_line' id='line_1_2' title="bbox 49 293 1439 355; baseline -0.002 -13"><span class='ocrx_word' id='word_1_6' title='bbox 49 296 328 342; x_wconf 63' lang='lat' dir='ltr'>testabuntur</span> <span class='ocrx_word' id='word_1_7' title='bbox 340 293 511 340; x_wconf 89' lang='lat' dir='ltr'>occulta</span> <span class='ocrx_word' id='word_1_8' title='bbox 526 296 618 355; x_wconf 88' lang='lat' dir='ltr'>ejus</span> <span class='ocrx_word' id='word_1_9' title='bbox 637 311 713 355; x_wconf 90' lang='lat' dir='ltr'>per</span> <span class='ocrx_word' id='word_1_10' title='bbox 728 294 1042 339; x_wconf 84' lang='lat' dir='ltr'>tribulationes.</span> <span class='ocrx_word' id='word_1_11' title='bbox 1067 314 1086 336; x_wconf 88' lang='lat'>«</span> <span class='ocrx_word' id='word_1_12' title='bbox 1104 297 1161 338; x_wconf 91' lang='lat' dir='ltr'>Et</span> <span class='ocrx_word' id='word_1_13' title='bbox 1183 293 1330 339; x_wconf 85' lang='lat' dir='ltr'>furore</span> <span class='ocrx_word' id='word_1_14' title='bbox 1344 295 1439 353; x_wconf 87' lang='lat' dir='ltr'>dra-</span> 
     </span>
     <span class='ocr_line' id='line_1_3' title="bbox 54 364 1438 426; baseline 0 -16"><span class='ocrx_word' id='word_1_15' title='bbox 54 389 73 410; x_wconf 86' lang='lat'>»</span> <span class='ocrx_word' id='word_1_16' title='bbox 99 382 260 412; x_wconf 91' lang='lat' dir='ltr'>conum</span> <span class='ocrx_word' id='word_1_17' title='bbox 270 365 482 425; x_wconf 84' lang='lat' dir='ltr'>fulgebit¹</span> <span class='ocrx_word' id='word_1_18' title='bbox 501 386 509 410; x_wconf 87' lang='lat'>:</span> <span class='ocrx_word' id='word_1_19' title='bbox 530 384 550 406; x_wconf 84' lang='grc'>»</span> <span class='ocrx_word' id='word_1_20' title='bbox 567 374 618 409; x_wconf 92' lang='lat' dir='ltr'>ut</span> <span class='ocrx_word' id='word_1_21' title='bbox 633 365 706 410; x_wconf 89' lang='lat' dir='ltr'>ille</span> <span class='ocrx_word' id='word_1_22' title='bbox 720 366 794 426; x_wconf 89' lang='lat' dir='ltr'>qui</span> <span class='ocrx_word' id='word_1_23' title='bbox 810 365 950 425; x_wconf 90' lang='lat' dir='ltr'>primo</span> <span class='ocrx_word' id='word_1_24' title='bbox 966 364 1163 411; x_wconf 88' lang='lat' dir='ltr'>occultus</span> <span class='ocrx_word' id='word_1_25' title='bbox 1176 365 1275 420; x_wconf 84' lang='lat' dir='ltr'>fuit,</span> <span class='ocrx_word' id='word_1_26' title='bbox 1293 366 1438 410; x_wconf 88' lang='lat' dir='ltr'>tribu-</span> 
     </span>
     <span class='ocr_line' id='line_1_4' title="bbox 49 434 1437 496; baseline -0.001 -14"><span class='ocrx_word' id='word_1_27' title='bbox 49 438 286 482; x_wconf 89' lang='lat' dir='ltr'>lationibus</span> <span class='ocrx_word' id='word_1_28' title='bbox 305 435 526 496; x_wconf 88' lang='lat' dir='ltr'>proditus,</span> <span class='ocrx_word' id='word_1_29' title='bbox 546 434 692 480; x_wconf 80' lang='lat' dir='ltr'>furore</span> <span class='ocrx_word' id='word_1_30' title='bbox 718 435 958 480; x_wconf 82' lang='lat' dir='ltr'>draconum</span> <span class='ocrx_word' id='word_1_31' title='bbox 982 434 1146 494; x_wconf 80' lang='lat' dir='ltr'>fulgeat</span> <span class='ocrx_word' id='word_1_32' title='bbox 1162 437 1253 496; x_wconf 86' lang='lat' dir='ltr'>jam</span> <span class='ocrx_word' id='word_1_33' title='bbox 1277 437 1437 496; x_wconf 86' lang='lat' dir='ltr'>palam.</span> 
     </span>
     <span class='ocr_line' id='line_1_5' title="bbox 54 506 1437 566; baseline 0.001 -14"><span class='ocrx_word' id='word_1_34' title='bbox 54 530 74 552; x_wconf 78' lang='grc' dir='ltr'>(ι</span> <span class='ocrx_word' id='word_1_35' title='bbox 97 509 336 553; x_wconf 86' lang='lat' dir='ltr'>Interficiat</span> <span class='ocrx_word' id='word_1_36' title='bbox 357 507 484 552; x_wconf 85' lang='lat' dir='ltr'>illum</span> <span class='ocrx_word' id='word_1_37' title='bbox 508 506 658 566; x_wconf 84' lang='lat' dir='ltr'>lingua</span> <span class='ocrx_word' id='word_1_38' title='bbox 678 507 862 552; x_wconf 84' lang='lat' dir='ltr'>colubri.</span> <span class='ocrx_word' id='word_1_39' title='bbox 892 506 1078 552; x_wconf 88' lang='lat' dir='ltr'>Seducat</span> <span class='ocrx_word' id='word_1_40' title='bbox 1096 523 1197 551; x_wconf 91' lang='lat' dir='ltr'>eum</span> <span class='ocrx_word' id='word_1_41' title='bbox 1220 507 1437 553; x_wconf 87' lang='lat' dir='ltr'>diabolus.</span> 
     </span>
     <span class='ocr_line' id='line_1_6' title="bbox 56 577 1440 639; baseline 0.002 -18"><span class='ocrx_word' id='word_1_42' title='bbox 56 599 77 622; x_wconf 89' lang='lat'>«</span> <span class='ocrx_word' id='word_1_43' title='bbox 100 583 158 624; x_wconf 92' lang='lat' dir='ltr'>Et</span> <span class='ocrx_word' id='word_1_44' title='bbox 178 594 268 624; x_wconf 92' lang='lat' dir='ltr'>non</span> <span class='ocrx_word' id='word_1_45' title='bbox 294 579 441 624; x_wconf 86' lang='lat' dir='ltr'>videat</span> <span class='ocrx_word' id='word_1_46' title='bbox 461 578 694 623; x_wconf 84' lang='lat' dir='ltr'>mulctram</span> <span class='ocrx_word' id='word_1_47' title='bbox 725 582 985 639; x_wconf 75' lang='lat' dir='ltr'>pecorum²2</span> <span class='ocrx_word' id='word_1_48' title='bbox 1013 597 1032 619; x_wconf 71' lang='lat' dir='ltr'>n</span> <span class='ocrx_word' id='word_1_49' title='bbox 1071 577 1238 623; x_wconf 84' lang='lat' dir='ltr'>fructus</span> <span class='ocrx_word' id='word_1_50' title='bbox 1268 581 1440 638; x_wconf 80' lang='lat' dir='ltr'>ovium3</span> 
     </span>
     <span class='ocr_line' id='line_1_7' title="bbox 52 649 1444 711; baseline 0.002 -17"><span class='ocrx_word' id='word_1_51' title='bbox 52 649 99 694; x_wconf 88' lang='lat' dir='ltr'>id</span> <span class='ocrx_word' id='word_1_52' title='bbox 118 659 201 705; x_wconf 92' lang='lat' dir='ltr'>est,</span> <span class='ocrx_word' id='word_1_53' title='bbox 217 651 395 710; x_wconf 84' lang='lat' dir='ltr'>justitiae</span> <span class='ocrx_word' id='word_1_54' title='bbox 417 665 547 709; x_wconf 89' lang='lat' dir='ltr'>opera</span> <span class='ocrx_word' id='word_1_55' title='bbox 565 666 655 695; x_wconf 91' lang='lat' dir='ltr'>non</span> <span class='ocrx_word' id='word_1_56' title='bbox 672 649 801 695; x_wconf 87' lang='lat' dir='ltr'>faciat</span> <span class='ocrx_word' id='word_1_57' title='bbox 814 687 824 704; x_wconf 83' lang='lat'>,</span> <span class='ocrx_word' id='word_1_58' title='bbox 839 659 888 694; x_wconf 89' lang='lat' dir='ltr'>ut</span> <span class='ocrx_word' id='word_1_59' title='bbox 905 665 948 694; x_wconf 90' lang='lat' dir='ltr'>se</span> <span class='ocrx_word' id='word_1_60' title='bbox 969 649 1071 693; x_wconf 87' lang='lat' dir='ltr'>inde</span> <span class='ocrx_word' id='word_1_61' title='bbox 1085 649 1301 710; x_wconf 83' lang='lat' dir='ltr'>intelligat</span> <span class='ocrx_word' id='word_1_62' title='bbox 1320 667 1444 711; x_wconf 86' lang='lat' dir='ltr'>posse</span> 
     </span>
     <span class='ocr_line' id='line_1_8' title="bbox 54 719 1444 781; baseline 0.002 -17"><span class='ocrx_word' id='word_1_63' title='bbox 54 720 223 765; x_wconf 83' lang='lat' dir='ltr'>redimi.</span> <span class='ocrx_word' id='word_1_64' title='bbox 252 739 273 764; x_wconf 89' lang='lat'>«</span> <span class='ocrx_word' id='word_1_65' title='bbox 304 723 457 781; x_wconf 85' lang='lat' dir='ltr'>Neque</span> <span class='ocrx_word' id='word_1_66' title='bbox 482 719 645 780; x_wconf 88' lang='lat' dir='ltr'>pabula</span> <span class='ocrx_word' id='word_1_67' title='bbox 674 720 812 765; x_wconf 85' lang='lat' dir='ltr'>mellis</span> <span class='ocrx_word' id='word_1_68' title='bbox 833 730 876 764; x_wconf 89' lang='lat' dir='ltr'>et</span> <span class='ocrx_word' id='word_1_69' title='bbox 899 720 1050 778; x_wconf 84' lang='lat' dir='ltr'>butyri</span> <span class='ocrx_word' id='word_1_70' title='bbox 1077 741 1084 765; x_wconf 91' lang='lat'><strong>:</strong></span> <span class='ocrx_word' id='word_1_71' title='bbox 1115 740 1135 762; x_wconf 64' lang='grc' dir='ltr'>η</span> <span class='ocrx_word' id='word_1_72' title='bbox 1169 737 1299 781; x_wconf 89' lang='lat' dir='ltr'>opera</span> <span class='ocrx_word' id='word_1_73' title='bbox 1330 723 1444 767; x_wconf 83' lang='lat' dir='ltr'>bona</span> 
     </span>
     <span class='ocr_line' id='line_1_9' title="bbox 54 790 1441 852; baseline 0.001 -16"><span class='ocrx_word' id='word_1_74' title='bbox 54 806 156 836; x_wconf 89' lang='lat' dir='ltr'>cum</span> <span class='ocrx_word' id='word_1_75' title='bbox 179 791 389 836; x_wconf 83' lang='lat' dir='ltr'>charitate</span> <span class='ocrx_word' id='word_1_76' title='bbox 411 800 454 835; x_wconf 88' lang='lat' dir='ltr'>et</span> <span class='ocrx_word' id='word_1_77' title='bbox 474 791 693 836; x_wconf 83' lang='lat' dir='ltr'>hilaritate</span> <span class='ocrx_word' id='word_1_78' title='bbox 715 791 878 846; x_wconf 77' lang='lat' dir='ltr'>cordis,</span> <span class='ocrx_word' id='word_1_79' title='bbox 905 801 947 835; x_wconf 80' lang='lat' dir='ltr'>et</span> <span class='ocrx_word' id='word_1_80' title='bbox 971 790 1169 850; x_wconf 78' lang='lat' dir='ltr'>largitate</span> <span class='ocrx_word' id='word_1_81' title='bbox 1190 793 1441 852; x_wconf 80' lang='lat' dir='ltr'>praebentis.</span> 
     </span>
     <span class='ocr_line' id='line_1_10' title="bbox 63 861 1451 922; baseline 0.003 -17"><span class='ocrx_word' id='word_1_82' title='bbox 63 865 280 920; x_wconf 77' lang='lat' dir='ltr'><strong>Butyrum</strong></span> <span class='ocrx_word' id='word_1_83' title='bbox 297 862 411 906; x_wconf 85' lang='lat' dir='ltr'>enim</span> <span class='ocrx_word' id='word_1_84' title='bbox 429 862 495 906; x_wconf 92' lang='lat' dir='ltr'>lac</span> <span class='ocrx_word' id='word_1_85' title='bbox 505 862 670 922; x_wconf 85' lang='lat' dir='ltr'>pingue</span> <span class='ocrx_word' id='word_1_86' title='bbox 687 872 764 907; x_wconf 90' lang='lat' dir='ltr'>est.</span> <span class='ocrx_word' id='word_1_87' title='bbox 795 882 814 904; x_wconf 85' lang='lat'>«</span> <span class='ocrx_word' id='word_1_88' title='bbox 833 865 884 906; x_wconf 89' lang='lat' dir='ltr'>In</span> <span class='ocrx_word' id='word_1_89' title='bbox 901 878 1062 906; x_wconf 88' lang='lat' dir='ltr'>vanum</span> <span class='ocrx_word' id='word_1_90' title='bbox 1081 872 1125 906; x_wconf 89' lang='lat' dir='ltr'>et</span> <span class='ocrx_word' id='word_1_91' title='bbox 1146 861 1305 908; x_wconf 85' lang='lat' dir='ltr'>frustra</span> <span class='ocrx_word' id='word_1_92' title='bbox 1327 864 1451 909; x_wconf 89' lang='lat' dir='ltr'>labo-</span> 
     </span>
     <span class='ocr_line' id='line_1_11' title="bbox 66 933 1447 996; baseline 0.004 -22"><span class='ocrx_word' id='word_1_93' title='bbox 66 952 86 974; x_wconf 86' lang='lat'>»</span> <span class='ocrx_word' id='word_1_94' title='bbox 112 934 245 979; x_wconf 82' lang='lat' dir='ltr'>ravit3</span> <span class='ocrx_word' id='word_1_95' title='bbox 269 953 278 978; x_wconf 87' lang='lat'>:</span> <span class='ocrx_word' id='word_1_96' title='bbox 301 952 321 974; x_wconf 91' lang='lat'>»</span> <span class='ocrx_word' id='word_1_97' title='bbox 349 933 451 993; x_wconf 90' lang='lat' dir='ltr'>quia</span> <span class='ocrx_word' id='word_1_98' title='bbox 472 933 778 993; x_wconf 84' lang='lat' dir='ltr'>nonintelligit</span> <span class='ocrx_word' id='word_1_99' title='bbox 795 934 890 977; x_wconf 80' lang='lat' dir='ltr'>haec</span> <span class='ocrx_word' id='word_1_100' title='bbox 911 933 966 977; x_wconf 91' lang='lat' dir='ltr'>de</span> <span class='ocrx_word' id='word_1_101' title='bbox 997 933 1063 977; x_wconf 87' lang='lat' dir='ltr'>his</span> <span class='ocrx_word' id='word_1_102' title='bbox 1077 934 1320 993; x_wconf 87' lang='lat' dir='ltr'>operanda,</span> <span class='ocrx_word' id='word_1_103' title='bbox 1347 952 1447 996; x_wconf 84' lang='lat' dir='ltr'>quae</span> 
     </span>
     <span class='ocr_line' id='line_1_12' title="bbox 56 1003 1447 1064; baseline 0.001 -16"><span class='ocrx_word' id='word_1_104' title='bbox 56 1004 110 1048; x_wconf 90' lang='lat' dir='ltr'>ad</span> <span class='ocrx_word' id='word_1_105' title='bbox 132 1004 470 1048; x_wconf 86' lang='lat' dir='ltr'>misericordiam</span> <span class='ocrx_word' id='word_1_106' title='bbox 492 1006 726 1064; x_wconf 84' lang='lat' dir='ltr'>pertinent.</span> <span class='ocrx_word' id='word_1_107' title='bbox 749 1025 768 1046; x_wconf 89' lang='lat'>«</span> <span class='ocrx_word' id='word_1_108' title='bbox 793 1003 919 1049; x_wconf 87' lang='lat' dir='ltr'>Unde</span> <span class='ocrx_word' id='word_1_109' title='bbox 937 1014 980 1048; x_wconf 90' lang='lat' dir='ltr'>et</span> <span class='ocrx_word' id='word_1_110' title='bbox 1002 1006 1212 1050; x_wconf 86' lang='lat' dir='ltr'>Dominus</span> <span class='ocrx_word' id='word_1_111' title='bbox 1235 1006 1447 1064; x_wconf 74' lang='lat' dir='ltr'>butyrum</span> 
     </span>
     <span class='ocr_line' id='line_1_13' title="bbox 53 1074 1449 1135; baseline 0.003 -17"><span class='ocrx_word' id='word_1_112' title='bbox 53 1083 97 1118; x_wconf 88' lang='lat' dir='ltr'>et</span> <span class='ocrx_word' id='word_1_113' title='bbox 131 1074 222 1118; x_wconf 85' lang='lat' dir='ltr'>mel</span> <span class='ocrx_word' id='word_1_114' title='bbox 259 1074 419 1119; x_wconf 88' lang='lat' dir='ltr'>dicitur</span> <span class='ocrx_word' id='word_1_115' title='bbox 449 1075 758 1129; x_wconf 76' lang='lat' dir='ltr'>manducare4,</span> <span class='ocrx_word' id='word_1_116' title='bbox 804 1075 905 1135; x_wconf 92' lang='lat' dir='ltr'>quia</span> <span class='ocrx_word' id='word_1_117' title='bbox 928 1075 1021 1118; x_wconf 86' lang='lat' dir='ltr'>haec</span> <span class='ocrx_word' id='word_1_118' title='bbox 1054 1074 1118 1119; x_wconf 91' lang='lat' dir='ltr'>illi</span> <span class='ocrx_word' id='word_1_119' title='bbox 1140 1076 1185 1120; x_wconf 92' lang='lat' dir='ltr'>in</span> <span class='ocrx_word' id='word_1_120' title='bbox 1206 1077 1449 1122; x_wconf 86' lang='lat' dir='ltr'>humilibus</span> 
     </span>
     <span class='ocr_line' id='line_1_14' title="bbox 52 1146 1449 1209; baseline 0.002 -19"><span class='ocrx_word' id='word_1_121' title='bbox 52 1147 147 1207; x_wconf 87' lang='lat' dir='ltr'>ejus</span> <span class='ocrx_word' id='word_1_122' title='bbox 167 1146 436 1206; x_wconf 79' lang='lat' dir='ltr'>praebentur.</span> <span class='ocrx_word' id='word_1_123' title='bbox 475 1166 494 1189; x_wconf 87' lang='lat'>«</span> <span class='ocrx_word' id='word_1_124' title='bbox 520 1150 627 1200; x_wconf 86' lang='lat' dir='ltr'>Quae</span> <span class='ocrx_word' id='word_1_125' title='bbox 645 1156 829 1206; x_wconf 78' lang='lat' dir='ltr'>egerunt</span> <span class='ocrx_word' id='word_1_126' title='bbox 852 1156 903 1190; x_wconf 88' lang='lat' dir='ltr'>ut</span> <span class='ocrx_word' id='word_1_127' title='bbox 924 1146 1084 1190; x_wconf 85' lang='lat' dir='ltr'>durum</span> <span class='ocrx_word' id='word_1_128' title='bbox 1109 1147 1218 1208; x_wconf 89' lang='lat' dir='ltr'>quid</span> <span class='ocrx_word' id='word_1_129' title='bbox 1244 1168 1252 1192; x_wconf 89' lang='lat'>:</span> <span class='ocrx_word' id='word_1_130' title='bbox 1281 1167 1301 1189; x_wconf 77' lang='lat'>&gt;›</span> <span class='ocrx_word' id='word_1_131' title='bbox 1329 1149 1449 1209; x_wconf 91' lang='lat' dir='ltr'>quod</span> 
     </span>
     <span class='ocr_line' id='line_1_15' title="bbox 51 1217 1444 1280; baseline 0.002 -19"><span class='ocrx_word' id='word_1_132' title='bbox 51 1218 209 1261; x_wconf 90' lang='lat' dir='ltr'>mandi</span> <span class='ocrx_word' id='word_1_133' title='bbox 236 1233 326 1261; x_wconf 92' lang='lat' dir='ltr'>non</span> <span class='ocrx_word' id='word_1_134' title='bbox 352 1226 496 1277; x_wconf 90' lang='lat' dir='ltr'>potest</span> <span class='ocrx_word' id='word_1_135' title='bbox 513 1253 523 1269; x_wconf 75' lang='grc'>,</span> <span class='ocrx_word' id='word_1_136' title='bbox 548 1233 629 1261; x_wconf 92' lang='lat' dir='ltr'>nec</span> <span class='ocrx_word' id='word_1_137' title='bbox 657 1217 820 1276; x_wconf 83' lang='lat' dir='ltr'>glutiri.</span> <span class='ocrx_word' id='word_1_138' title='bbox 848 1221 1017 1262; x_wconf 88' lang='lat' dir='ltr'>Durum</span> <span class='ocrx_word' id='word_1_139' title='bbox 1049 1219 1193 1263; x_wconf 87' lang='lat' dir='ltr'>nescio</span> <span class='ocrx_word' id='word_1_140' title='bbox 1224 1218 1333 1280; x_wconf 88' lang='lat' dir='ltr'>quid</span> <span class='ocrx_word' id='word_1_141' title='bbox 1357 1229 1444 1275; x_wconf 90' lang='lat' dir='ltr'>est,</span> 
     </span>
     <span class='ocr_line' id='line_1_16' title="bbox 52 1288 1449 1350; baseline 0.003 -18"><span class='ocrx_word' id='word_1_142' title='bbox 52 1298 182 1349; x_wconf 88' lang='lat' dir='ltr'>puto,</span> <span class='ocrx_word' id='word_1_143' title='bbox 201 1289 430 1350; x_wconf 87' lang='lat' dir='ltr'>iniquitas,</span> <span class='ocrx_word' id='word_1_144' title='bbox 453 1288 523 1333; x_wconf 89' lang='lat' dir='ltr'>vel</span> <span class='ocrx_word' id='word_1_145' title='bbox 551 1289 768 1349; x_wconf 84' lang='lat' dir='ltr'>superbia.</span> <span class='ocrx_word' id='word_1_146' title='bbox 803 1310 821 1331; x_wconf 87' lang='lat'>«</span> <span class='ocrx_word' id='word_1_147' title='bbox 849 1293 898 1333; x_wconf 87' lang='lat' dir='ltr'>In</span> <span class='ocrx_word' id='word_1_148' title='bbox 922 1289 1134 1335; x_wconf 84' lang='lat' dir='ltr'>desiderio</span> <span class='ocrx_word' id='word_1_149' title='bbox 1157 1307 1234 1336; x_wconf 89' lang='lat' dir='ltr'>suo</span> <span class='ocrx_word' id='word_1_150' title='bbox 1257 1308 1347 1336; x_wconf 89' lang='lat' dir='ltr'>non</span> <span class='ocrx_word' id='word_1_151' title='bbox 1365 1292 1449 1337; x_wconf 88' lang='lat' dir='ltr'>sal-</span> 
     </span>
     <span class='ocr_line' id='line_1_17' title="bbox 57 1360 1449 1424; baseline 0.005 -23"><span class='ocrx_word' id='word_1_152' title='bbox 57 1379 76 1402; x_wconf 85' lang='lat'>»</span> <span class='ocrx_word' id='word_1_153' title='bbox 101 1360 278 1405; x_wconf 84' lang='lat' dir='ltr'>vabitur</span> <span class='ocrx_word' id='word_1_154' title='bbox 297 1381 305 1406; x_wconf 78' lang='lat'>2</span> <span class='ocrx_word' id='word_1_155' title='bbox 332 1380 351 1402; x_wconf 86' lang='lat'>»</span> <span class='ocrx_word' id='word_1_156' title='bbox 379 1362 480 1422; x_wconf 90' lang='lat' dir='ltr'>quia</span> <span class='ocrx_word' id='word_1_157' title='bbox 503 1361 651 1422; x_wconf 86' lang='lat' dir='ltr'>iniqua</span> <span class='ocrx_word' id='word_1_158' title='bbox 668 1361 974 1406; x_wconf 86' lang='lat' dir='ltr'>desideravit.«</span> <span class='ocrx_word' id='word_1_159' title='bbox 994 1365 1091 1407; x_wconf 82' lang='lat' dir='ltr'>Non</span> <span class='ocrx_word' id='word_1_160' title='bbox 1108 1373 1236 1408; x_wconf 88' lang='lat' dir='ltr'>erunt</span> <span class='ocrx_word' id='word_1_161' title='bbox 1254 1363 1449 1424; x_wconf 77' lang='lat' dir='ltr'>reliquiae</span> 
     </span>
     <span class='ocr_line' id='line_1_18' title="bbox 59 1430 1451 1495; baseline 0.006 -24"><span class='ocrx_word' id='word_1_162' title='bbox 59 1449 80 1472; x_wconf 69' lang='lat' dir='ltr'>n</span> <span class='ocrx_word' id='word_1_163' title='bbox 106 1430 161 1475; x_wconf 92' lang='lat' dir='ltr'>de</span> <span class='ocrx_word' id='word_1_164' title='bbox 176 1432 283 1476; x_wconf 86' lang='lat' dir='ltr'>cibis</span> <span class='ocrx_word' id='word_1_165' title='bbox 305 1433 412 1493; x_wconf 89' lang='lat' dir='ltr'>ejus.</span> <span class='ocrx_word' id='word_1_166' title='bbox 432 1452 452 1474; x_wconf 72' lang='lat' dir='ltr'>n</span> <span class='ocrx_word' id='word_1_167' title='bbox 482 1433 762 1476; x_wconf 87' lang='lat' dir='ltr'>Transierunt</span> <span class='ocrx_word' id='word_1_168' title='bbox 784 1433 1043 1492; x_wconf 83' lang='lat' dir='ltr'>cupiditates</span> <span class='ocrx_word' id='word_1_169' title='bbox 1062 1435 1167 1493; x_wconf 85' lang='lat' dir='ltr'>ejus.</span> <span class='ocrx_word' id='word_1_170' title='bbox 1200 1454 1219 1475; x_wconf 83' lang='lat'>«</span> <span class='ocrx_word' id='word_1_171' title='bbox 1245 1436 1356 1479; x_wconf 91' lang='lat' dir='ltr'>Cum</span> <span class='ocrx_word' id='word_1_172' title='bbox 1372 1451 1451 1495; x_wconf 88' lang='lat' dir='ltr'>pu-</span> 
     </span>
     <span class='ocr_line' id='line_1_19' title="bbox 58 1503 1450 1562; baseline 0.005 -19"><span class='ocrx_word' id='word_1_173' title='bbox 58 1520 78 1542; x_wconf 91' lang='lat'>»</span> <span class='ocrx_word' id='word_1_174' title='bbox 99 1503 255 1546; x_wconf 81' lang='lat' dir='ltr'>taverit</span> <span class='ocrx_word' id='word_1_175' title='bbox 268 1519 312 1547; x_wconf 90' lang='lat' dir='ltr'>se</span> <span class='ocrx_word' id='word_1_176' title='bbox 334 1503 550 1562; x_wconf 83' lang='lat' dir='ltr'>repletum</span> <span class='ocrx_word' id='word_1_177' title='bbox 563 1518 667 1557; x_wconf 86' lang='lat' dir='ltr'>esse,</span> <span class='ocrx_word' id='word_1_178' title='bbox 684 1503 1042 1547; x_wconf 79' lang='lat' dir='ltr'>coarctabitur5.»</span> <span class='ocrx_word' id='word_1_179' title='bbox 1058 1506 1155 1548; x_wconf 91' lang='lat' dir='ltr'>Non</span> <span class='ocrx_word' id='word_1_180' title='bbox 1173 1513 1261 1548; x_wconf 86' lang='lat' dir='ltr'>tam</span> <span class='ocrx_word' id='word_1_181' title='bbox 1281 1506 1450 1551; x_wconf 79' lang='lat' dir='ltr'>satietas</span> 
     </span>
     <span class='ocr_line' id='line_1_20' title="bbox 55 1573 1452 1637; baseline 0.003 -20"><span class='ocrx_word' id='word_1_182' title='bbox 55 1582 120 1617; x_wconf 88' lang='lat' dir='ltr'>est</span> <span class='ocrx_word' id='word_1_183' title='bbox 135 1573 190 1616; x_wconf 89' lang='lat' dir='ltr'>de</span> <span class='ocrx_word' id='word_1_184' title='bbox 209 1573 484 1633; x_wconf 88' lang='lat' dir='ltr'>plenitudine</span> <span class='ocrx_word' id='word_1_185' title='bbox 505 1573 796 1633; x_wconf 86' lang='lat' dir='ltr'>cupiditatum</span> <span class='ocrx_word' id='word_1_186' title='bbox 813 1610 822 1628; x_wconf 91' lang='lat'>,</span> <span class='ocrx_word' id='word_1_187' title='bbox 844 1590 975 1634; x_wconf 90' lang='lat' dir='ltr'>quam</span> <span class='ocrx_word' id='word_1_188' title='bbox 995 1590 1208 1633; x_wconf 86' lang='lat' dir='ltr'>pressura.</span> <span class='ocrx_word' id='word_1_189' title='bbox 1235 1595 1254 1617; x_wconf 89' lang='lat'>«</span> <span class='ocrx_word' id='word_1_190' title='bbox 1284 1577 1324 1621; x_wconf 92' lang='lat' dir='ltr'>Si</span> <span class='ocrx_word' id='word_1_191' title='bbox 1344 1593 1452 1637; x_wconf 91' lang='lat' dir='ltr'>quo-</span> 
     </span>
     <span class='ocr_line' id='line_1_21' title="bbox 55 1643 1451 1704; baseline 0.004 -17"><span class='ocrx_word' id='word_1_192' title='bbox 55 1661 77 1684; x_wconf 67' lang='lat'>»</span> <span class='ocrx_word' id='word_1_193' title='bbox 104 1643 235 1688; x_wconf 92' lang='lat' dir='ltr'>modo</span> <span class='ocrx_word' id='word_1_194' title='bbox 262 1644 442 1704; x_wconf 88' lang='lat' dir='ltr'>impleat</span> <span class='ocrx_word' id='word_1_195' title='bbox 469 1653 667 1689; x_wconf 90' lang='lat' dir='ltr'>ventrem</span> <span class='ocrx_word' id='word_1_196' title='bbox 698 1646 867 1689; x_wconf 63' lang='lat' dir='ltr'>suumss.</span> <span class='ocrx_word' id='word_1_197' title='bbox 898 1643 1048 1689; x_wconf 86' lang='lat' dir='ltr'>»Talis</span> <span class='ocrx_word' id='word_1_198' title='bbox 1072 1647 1296 1692; x_wconf 82' lang='lat' dir='ltr'>necessitas</span> <span class='ocrx_word' id='word_1_199' title='bbox 1320 1648 1358 1691; x_wconf 92' lang='lat' dir='ltr'>ei</span> <span class='ocrx_word' id='word_1_200' title='bbox 1375 1664 1451 1692; x_wconf 88' lang='lat' dir='ltr'>ve-</span> 
     </span>
     <span class='ocr_line' id='line_1_22' title="bbox 53 1713 1449 1775; baseline 0.004 -18"><span class='ocrx_word' id='word_1_201' title='bbox 53 1714 165 1769; x_wconf 87' lang='lat' dir='ltr'>niet,</span> <span class='ocrx_word' id='word_1_202' title='bbox 205 1724 257 1759; x_wconf 93' lang='lat' dir='ltr'>ut</span> <span class='ocrx_word' id='word_1_203' title='bbox 293 1713 472 1759; x_wconf 87' lang='lat' dir='ltr'>dubitet</span> <span class='ocrx_word' id='word_1_204' title='bbox 510 1724 659 1758; x_wconf 89' lang='lat' dir='ltr'>utrum</span> <span class='ocrx_word' id='word_1_205' title='bbox 702 1714 881 1774; x_wconf 88' lang='lat' dir='ltr'>impleat</span> <span class='ocrx_word' id='word_1_206' title='bbox 922 1725 1120 1759; x_wconf 85' lang='lat' dir='ltr'>ventrem</span> <span class='ocrx_word' id='word_1_207' title='bbox 1153 1733 1279 1760; x_wconf 88' lang='lat' dir='ltr'>suum</span> <span class='ocrx_word' id='word_1_208' title='bbox 1298 1740 1308 1775; x_wconf 78' lang='lat'>3</span> <span class='ocrx_word' id='word_1_209' title='bbox 1349 1734 1449 1762; x_wconf 88' lang='lat' dir='ltr'>cum</span> 
     </span>
     <span class='ocr_line' id='line_1_23' title="bbox 53 1784 1449 1846; baseline 0.004 -18"><span class='ocrx_word' id='word_1_210' title='bbox 53 1784 207 1844; x_wconf 88' lang='lat' dir='ltr'>utique</span> <span class='ocrx_word' id='word_1_211' title='bbox 228 1785 308 1829; x_wconf 87' lang='lat' dir='ltr'>ista</span> <span class='ocrx_word' id='word_1_212' title='bbox 338 1784 438 1829; x_wconf 90' lang='lat' dir='ltr'>ideo</span> <span class='ocrx_word' id='word_1_213' title='bbox 471 1795 752 1846; x_wconf 79' lang='lat' dir='ltr'>quaerantur,</span> <span class='ocrx_word' id='word_1_214' title='bbox 792 1795 842 1829; x_wconf 89' lang='lat' dir='ltr'>ut</span> <span class='ocrx_word' id='word_1_215' title='bbox 863 1785 1053 1845; x_wconf 84' lang='lat' dir='ltr'>pellatur</span> <span class='ocrx_word' id='word_1_216' title='bbox 1086 1788 1328 1832; x_wconf 84' lang='lat' dir='ltr'>necessitas.</span> <span class='ocrx_word' id='word_1_217' title='bbox 1356 1792 1449 1834; x_wconf 89' lang='lat' dir='ltr'>Hoc</span> 
     </span>
     <span class='ocr_line' id='line_1_24' title="bbox 55 1855 1445 1918; baseline 0.004 -20"><span class='ocrx_word' id='word_1_218' title='bbox 55 1864 202 1899; x_wconf 90' lang='lat' dir='ltr'>autem</span> <span class='ocrx_word' id='word_1_219' title='bbox 224 1855 353 1910; x_wconf 80' lang='lat' dir='ltr'>dixit,</span> <span class='ocrx_word' id='word_1_220' title='bbox 374 1856 476 1915; x_wconf 91' lang='lat' dir='ltr'>quia</span> <span class='ocrx_word' id='word_1_221' title='bbox 496 1865 619 1900; x_wconf 89' lang='lat' dir='ltr'>tanto</span> <span class='ocrx_word' id='word_1_222' title='bbox 641 1856 739 1916; x_wconf 88' lang='lat' dir='ltr'>plus</span> <span class='ocrx_word' id='word_1_223' title='bbox 762 1857 883 1915; x_wconf 86' lang='lat' dir='ltr'>cupit</span> <span class='ocrx_word' id='word_1_224' title='bbox 900 1893 910 1911; x_wconf 89' lang='lat'>,</span> <span class='ocrx_word' id='word_1_225' title='bbox 929 1867 1095 1917; x_wconf 88' lang='lat' dir='ltr'>quanto</span> <span class='ocrx_word' id='word_1_226' title='bbox 1110 1858 1208 1918; x_wconf 87' lang='lat' dir='ltr'>plus</span> <span class='ocrx_word' id='word_1_227' title='bbox 1226 1859 1445 1905; x_wconf 87' lang='lat' dir='ltr'>habuerit.</span> 
     </span>
     <span class='ocr_line' id='line_1_25' title="bbox 59 1926 1450 1989; baseline 0.006 -22"><span class='ocrx_word' id='word_1_228' title='bbox 59 1928 158 1969; x_wconf 90' lang='lat' dir='ltr'>«Et</span> <span class='ocrx_word' id='word_1_229' title='bbox 178 1926 347 1970; x_wconf 87' lang='lat' dir='ltr'>emittet</span> <span class='ocrx_word' id='word_1_230' title='bbox 364 1942 494 1986; x_wconf 90' lang='lat' dir='ltr'>super</span> <span class='ocrx_word' id='word_1_231' title='bbox 522 1942 624 1970; x_wconf 87' lang='lat' dir='ltr'>eum</span> <span class='ocrx_word' id='word_1_232' title='bbox 658 1926 852 1971; x_wconf 86' lang='lat' dir='ltr'>furorem</span> <span class='ocrx_word' id='word_1_233' title='bbox 875 1927 1114 1972; x_wconf 82' lang='lat' dir='ltr'>iracundiae</span> <span class='ocrx_word' id='word_1_234' title='bbox 1141 1946 1148 1969; x_wconf 93' lang='lat'>:</span> <span class='ocrx_word' id='word_1_235' title='bbox 1180 1948 1199 1969; x_wconf 87' lang='lat'>»</span> <span class='ocrx_word' id='word_1_236' title='bbox 1226 1930 1328 1989; x_wconf 89' lang='lat' dir='ltr'>quia</span> <span class='ocrx_word' id='word_1_237' title='bbox 1360 1947 1450 1975; x_wconf 88' lang='lat' dir='ltr'>non</span> 
     </span>
     <span class='ocr_line' id='line_1_26' title="bbox 54 1995 1446 2057; baseline 0.003 -18"><span class='ocrx_word' id='word_1_238' title='bbox 54 1995 162 2040; x_wconf 90' lang='lat' dir='ltr'>vidit</span> <span class='ocrx_word' id='word_1_239' title='bbox 182 1996 324 2041; x_wconf 88' lang='lat' dir='ltr'>facere</span> <span class='ocrx_word' id='word_1_240' title='bbox 351 2013 482 2057; x_wconf 86' lang='lat' dir='ltr'>opera</span> <span class='ocrx_word' id='word_1_241' title='bbox 512 1998 642 2042; x_wconf 88' lang='lat' dir='ltr'>bona.</span> <span class='ocrx_word' id='word_1_242' title='bbox 673 2017 694 2039; x_wconf 91' lang='lat'>«</span> <span class='ocrx_word' id='word_1_243' title='bbox 727 1997 939 2042; x_wconf 88' lang='lat' dir='ltr'>Vulneret</span> <span class='ocrx_word' id='word_1_244' title='bbox 963 2014 1064 2042; x_wconf 89' lang='lat' dir='ltr'>eum</span> <span class='ocrx_word' id='word_1_245' title='bbox 1088 2000 1239 2057; x_wconf 82' lang='lat' dir='ltr'>sagitta</span> <span class='ocrx_word' id='word_1_246' title='bbox 1255 2017 1366 2046; x_wconf 67' lang='lat' dir='ltr'>aerea</span> <span class='ocrx_word' id='word_1_247' title='bbox 1393 2022 1400 2046; x_wconf 93' lang='lat'>:</span> <span class='ocrx_word' id='word_1_248' title='bbox 1426 2021 1446 2043; x_wconf 82' lang='lat'>»</span> 
     </span>
     <span class='ocr_line' id='line_1_27' title="bbox 55 2070 1452 2130; baseline 0.006 -19"><span class='ocrx_word' id='word_1_249' title='bbox 55 2076 281 2127; x_wconf 87' lang='lat' dir='ltr'>perpetua.</span> <span class='ocrx_word' id='word_1_250' title='bbox 312 2087 332 2110; x_wconf 88' lang='lat'>«</span> <span class='ocrx_word' id='word_1_251' title='bbox 358 2071 630 2112; x_wconf 85' lang='lat' dir='ltr'>Pertranseat</span> <span class='ocrx_word' id='word_1_252' title='bbox 652 2085 809 2128; x_wconf 90' lang='lat' dir='ltr'>corpus</span> <span class='ocrx_word' id='word_1_253' title='bbox 830 2070 919 2129; x_wconf 85' lang='lat' dir='ltr'>ejus</span> <span class='ocrx_word' id='word_1_254' title='bbox 940 2070 1171 2130; x_wconf 42' lang='lat' dir='ltr'>jaculum?</span> <span class='ocrx_word' id='word_1_255' title='bbox 1200 2090 1220 2113; x_wconf 69' lang='grc' dir='ltr'>υ</span> <span class='ocrx_word' id='word_1_256' title='bbox 1248 2076 1452 2119; x_wconf 87' lang='lat' dir='ltr'>Penctret</span> 
     </span>
     <span class='ocr_line' id='line_1_28' title="bbox 58 2140 1452 2204; baseline 0.004 -21"><span class='ocrx_word' id='word_1_257' title='bbox 58 2154 159 2183; x_wconf 91' lang='lat' dir='ltr'>eum</span> <span class='ocrx_word' id='word_1_258' title='bbox 181 2140 384 2195; x_wconf 87' lang='lat' dir='ltr'>tentatio,</span> <span class='ocrx_word' id='word_1_259' title='bbox 411 2149 462 2184; x_wconf 88' lang='lat' dir='ltr'>ut</span> <span class='ocrx_word' id='word_1_260' title='bbox 483 2150 525 2184; x_wconf 90' lang='lat' dir='ltr'>et</span> <span class='ocrx_word' id='word_1_261' title='bbox 546 2140 601 2184; x_wconf 91' lang='lat' dir='ltr'>de</span> <span class='ocrx_word' id='word_1_262' title='bbox 616 2141 682 2185; x_wconf 87' lang='lat' dir='ltr'>his</span> <span class='ocrx_word' id='word_1_263' title='bbox 705 2157 804 2201; x_wconf 83' lang='lat' dir='ltr'>quae</span> <span class='ocrx_word' id='word_1_264' title='bbox 832 2151 996 2202; x_wconf 80' lang='lat' dir='ltr'>sperat,</span> <span class='ocrx_word' id='word_1_265' title='bbox 1019 2151 1061 2185; x_wconf 92' lang='lat' dir='ltr'>et</span> <span class='ocrx_word' id='word_1_266' title='bbox 1083 2141 1138 2186; x_wconf 91' lang='lat' dir='ltr'>de</span> <span class='ocrx_word' id='word_1_267' title='bbox 1163 2144 1228 2187; x_wconf 88' lang='lat' dir='ltr'>his</span> <span class='ocrx_word' id='word_1_268' title='bbox 1262 2161 1360 2204; x_wconf 80' lang='lat' dir='ltr'>quae</span> <span class='ocrx_word' id='word_1_269' title='bbox 1383 2161 1452 2189; x_wconf 89' lang='lat' dir='ltr'>re-</span> 
     </span>
     <span class='ocr_line' id='line_1_29' title="bbox 56 2209 1452 2274; baseline 0.005 -21"><span class='ocrx_word' id='word_1_270' title='bbox 56 2209 241 2270; x_wconf 82' lang='lat' dir='ltr'>linquit,</span> <span class='ocrx_word' id='word_1_271' title='bbox 260 2210 536 2265; x_wconf 88' lang='lat' dir='ltr'>vulneretur,</span> <span class='ocrx_word' id='word_1_272' title='bbox 569 2220 775 2272; x_wconf 84' lang='lat' dir='ltr'>tanquam</span> <span class='ocrx_word' id='word_1_273' title='bbox 801 2229 824 2256; x_wconf 92' lang='lat' dir='ltr'>a</span> <span class='ocrx_word' id='word_1_274' title='bbox 851 2221 1028 2272; x_wconf 89' lang='lat' dir='ltr'>pectore</span> <span class='ocrx_word' id='word_1_275' title='bbox 1061 2229 1138 2272; x_wconf 88' lang='lat' dir='ltr'>per</span> <span class='ocrx_word' id='word_1_276' title='bbox 1169 2223 1341 2274; x_wconf 84' lang='lat' dir='ltr'>tergum</span> <span class='ocrx_word' id='word_1_277' title='bbox 1365 2224 1452 2260; x_wconf 80' lang='lat' dir='ltr'>&#39;tra-</span> 
     </span>
     <span class='ocr_line' id='line_1_30' title="bbox 55 2280 1452 2346; baseline 0.006 -23"><span class='ocrx_word' id='word_1_278' title='bbox 55 2281 209 2340; x_wconf 88' lang='lat' dir='ltr'>jectus.</span> <span class='ocrx_word' id='word_1_279' title='bbox 240 2299 260 2322; x_wconf 88' lang='lat'>«</span> <span class='ocrx_word' id='word_1_280' title='bbox 275 2280 470 2339; x_wconf 85' lang='lat' dir='ltr'>Fulgura</span> <span class='ocrx_word' id='word_1_281' title='bbox 481 2281 527 2324; x_wconf 91' lang='lat' dir='ltr'>in</span> <span class='ocrx_word' id='word_1_282' title='bbox 541 2281 832 2326; x_wconf 85' lang='lat' dir='ltr'>tabernaculis</span> <span class='ocrx_word' id='word_1_283' title='bbox 845 2284 934 2343; x_wconf 82' lang='lat' dir='ltr'>ejus</span> <span class='ocrx_word' id='word_1_284' title='bbox 962 2303 970 2327; x_wconf 89' lang='lat'>:</span> <span class='ocrx_word' id='word_1_285' title='bbox 1000 2302 1019 2324; x_wconf 86' lang='lat'>»</span> <span class='ocrx_word' id='word_1_286' title='bbox 1040 2293 1223 2329; x_wconf 84' lang='lat' dir='ltr'>terrores</span> <span class='ocrx_word' id='word_1_287' title='bbox 1237 2287 1452 2346; x_wconf 88' lang='lat' dir='ltr'>repentini</span> 
     </span>
     <span class='ocr_line' id='line_1_31' title="bbox 58 2351 1448 2417; baseline 0.004 -22"><span class='ocrx_word' id='word_1_288' title='bbox 58 2352 105 2395; x_wconf 92' lang='lat' dir='ltr'>in</span> <span class='ocrx_word' id='word_1_289' title='bbox 127 2351 463 2409; x_wconf 85' lang='lat' dir='ltr'>cogitationibus</span> <span class='ocrx_word' id='word_1_290' title='bbox 486 2355 593 2413; x_wconf 86' lang='lat' dir='ltr'>ejus.</span> <span class='ocrx_word' id='word_1_291' title='bbox 619 2373 638 2395; x_wconf 92' lang='lat'>«</span> <span class='ocrx_word' id='word_1_292' title='bbox 663 2353 815 2398; x_wconf 77' lang='lat' dir='ltr'>Laedat</span> <span class='ocrx_word' id='word_1_293' title='bbox 838 2354 1002 2399; x_wconf 87' lang='lat' dir='ltr'>advena</span> <span class='ocrx_word' id='word_1_294' title='bbox 1038 2355 1219 2400; x_wconf 89' lang='lat' dir='ltr'>domum</span> <span class='ocrx_word' id='word_1_295' title='bbox 1248 2359 1338 2417; x_wconf 82' lang='lat' dir='ltr'>ejus</span> <span class='ocrx_word' id='word_1_296' title='bbox 1353 2360 1368 2384; x_wconf 76' lang='lat'><strong>⁸</strong></span> <span class='ocrx_word' id='word_1_297' title='bbox 1396 2379 1404 2404; x_wconf 90' lang='lat'>:</span> <span class='ocrx_word' id='word_1_298' title='bbox 1428 2378 1448 2400; x_wconf 86' lang='lat'>»</span> 
     </span>
     <span class='ocr_line' id='line_1_32' title="bbox 61 2420 1456 2488; baseline 0.006 -23"><span class='ocrx_word' id='word_1_299' title='bbox 61 2420 269 2466; x_wconf 84' lang='lat' dir='ltr'>Diabolus</span> <span class='ocrx_word' id='word_1_300' title='bbox 287 2422 364 2483; x_wconf 89' lang='lat' dir='ltr'>qui</span> <span class='ocrx_word' id='word_1_301' title='bbox 386 2420 650 2468; x_wconf 89' lang='lat' dir='ltr'>adventitius</span> <span class='ocrx_word' id='word_1_302' title='bbox 675 2433 738 2468; x_wconf 89' lang='lat' dir='ltr'>est</span> <span class='ocrx_word' id='word_1_303' title='bbox 755 2423 810 2468; x_wconf 88' lang='lat' dir='ltr'>ad</span> <span class='ocrx_word' id='word_1_304' title='bbox 836 2426 1095 2470; x_wconf 86' lang='lat' dir='ltr'>tentandum</span> <span class='ocrx_word' id='word_1_305' title='bbox 1114 2448 1124 2485; x_wconf 81' lang='lat'>3</span> <span class='ocrx_word' id='word_1_306' title='bbox 1148 2427 1363 2488; x_wconf 86' lang='lat' dir='ltr'>siquidem</span> <span class='ocrx_word' id='word_1_307' title='bbox 1380 2429 1456 2473; x_wconf 92' lang='lat' dir='ltr'>ha-</span> 
     </span>
    </p>
   </div>
   <div class='ocr_carea' id='block_1_3' title="bbox 63 2517 1446 2624">
    <p class='ocr_par' dir='ltr' id='par_1_3' title="bbox 63 2517 1446 2624">
     <span class='ocr_line' id='line_1_33' title="bbox 110 2517 1446 2565; baseline 0.006 -17"><span class='ocrx_word' id='word_1_308' title='bbox 110 2523 119 2540; x_wconf 90' lang='lat'><strong>¹</strong></span> <span class='ocrx_word' id='word_1_309' title='bbox 139 2517 212 2549; x_wconf 89' lang='lat' dir='ltr'>Job.</span> <span class='ocrx_word' id='word_1_310' title='bbox 234 2529 290 2560; x_wconf 84' lang='lat' dir='ltr'>xx,</span> <span class='ocrx_word' id='word_1_311' title='bbox 317 2519 367 2551; x_wconf 87' lang='lat'>16.</span> <span class='ocrx_word' id='word_1_312' title='bbox 388 2536 430 2541; x_wconf 90' lang='lat'>——</span> <span class='ocrx_word' id='word_1_313' title='bbox 452 2519 564 2551; x_wconf 85' lang='lat' dir='ltr'>21bid.</span> <span class='ocrx_word' id='word_1_314' title='bbox 590 2531 641 2562; x_wconf 84' lang='lat'>¹7—</span> <span class='ocrx_word' id='word_1_315' title='bbox 663 2538 705 2542; x_wconf 96' lang='lat'><strong>—</strong></span> <span class='ocrx_word' id='word_1_316' title='bbox 726 2518 842 2553; x_wconf 80' lang='lat' dir='ltr'>31bid.</span> <span class='ocrx_word' id='word_1_317' title='bbox 869 2521 919 2553; x_wconf 85' lang='lat'>18.</span> <span class='ocrx_word' id='word_1_318' title='bbox 939 2539 982 2544; x_wconf 92' lang='lat'>—-</span> <span class='ocrx_word' id='word_1_319' title='bbox 998 2521 1013 2551; x_wconf 76' lang='lat'>4</span> <span class='ocrx_word' id='word_1_320' title='bbox 1039 2524 1108 2555; x_wconf 77' lang='lat' dir='ltr'>lsai.</span> <span class='ocrx_word' id='word_1_321' title='bbox 1133 2535 1187 2565; x_wconf 85' lang='lat' dir='ltr'>vn,</span> <span class='ocrx_word' id='word_1_322' title='bbox 1213 2525 1262 2556; x_wconf 69' lang='lat'>15.</span> <span class='ocrx_word' id='word_1_323' title='bbox 1286 2542 1325 2546; x_wconf 90' lang='lat'>—</span> <span class='ocrx_word' id='word_1_324' title='bbox 1344 2523 1446 2556; x_wconf 73' lang='lat'><strong>⁵101».</strong></span> 
     </span>
     <span class='ocr_line' id='line_1_34' title="bbox 63 2572 1094 2624; baseline 0.005 -20"><span class='ocrx_word' id='word_1_325' title='bbox 63 2581 118 2614; x_wconf 77' lang='lat'>21,</span> <span class='ocrx_word' id='word_1_326' title='bbox 141 2581 196 2606; x_wconf 82' lang='lat'>22.</span> <span class='ocrx_word' id='word_1_327' title='bbox 216 2590 259 2596; x_wconf 93' lang='lat'>—-</span> <span class='ocrx_word' id='word_1_328' title='bbox 276 2572 292 2596; x_wconf 80' lang='grc'>6</span> <span class='ocrx_word' id='word_1_329' title='bbox 311 2574 389 2607; x_wconf 88' lang='lat' dir='ltr'>Ibid.</span> <span class='ocrx_word' id='word_1_330' title='bbox 410 2575 464 2607; x_wconf 80' lang='lat'>23.</span> <span class='ocrx_word' id='word_1_331' title='bbox 485 2592 526 2598; x_wconf 88' lang='lat'>—</span> <span class='ocrx_word' id='word_1_332' title='bbox 545 2583 559 2608; x_wconf 88' lang='lat'><strong>7</strong></span> <span class='ocrx_word' id='word_1_333' title='bbox 579 2575 658 2608; x_wconf 86' lang='lat' dir='ltr'>Ibid.</span> <span class='ocrx_word' id='word_1_334' title='bbox 687 2576 740 2618; x_wconf 58' lang='lat'>24,</span> <span class='ocrx_word' id='word_1_335' title='bbox 763 2577 815 2624; x_wconf 70' lang='lat'>25.</span> <span class='ocrx_word' id='word_1_336' title='bbox 839 2594 878 2599; x_wconf 84' lang='lat'>-—</span> <span class='ocrx_word' id='word_1_337' title='bbox 906 2576 920 2599; x_wconf 73' lang='lat'>8</span> <span class='ocrx_word' id='word_1_338' title='bbox 939 2577 1020 2609; x_wconf 75' lang='lat' dir='ltr'>Ibid.</span> <span class='ocrx_word' id='word_1_339' title='bbox 1041 2579 1094 2611; x_wconf 71' lang='lat'>26.</span> 
     </span>
    </p>
   </div>
  </div>
 </body>
</html>
