1833 3284
349 246 431 287 438
785 262 818 289 s.
856 260 1084 288 AUGUSTINI
1119 262 1298 289 Errscori

346 342 366 363 »
403 324 590 368 tilieatus
604 333 682 379 est,
702 324 834 369 habet
849 324 1045 384 gloriam,
1061 324 1239 370 sednon
1255 325 1310 370 ad
1328 329 1492 371 Deum¹
1514 362 1522 371 .
1562 346 1581 368 υ
1603 331 1738 373 Aver-

343 403 407 438 tat
429 394 518 452 ipse
543 396 654 438 Deus
684 411 707 438 a
734 395 858 439 nobis
883 395 1010 439 talem
1043 395 1248 454 gloriam,
1279 406 1322 441 et
1344 396 1454 441 illud
1481 397 1626 457 potius
1656 414 1738 443 au·-

344 464 540 519 diamus,
576 483 596 506 «
630 465 714 518 Qui
745 465 975 525 gloriatur,
995 467 1037 510 in
1064 467 1248 511 Domino
1266 466 1474 526 glorietur
1492 472 1524 511 ².
1564 486 1583 509 u
1609 469 1739 514 Multi

343 536 458 580 enim
489 536 729 596 gloriantur
759 537 813 582 de
842 538 1070 597 operibus,
1096 548 1139 583 et
1164 539 1328 584 invenis
1357 539 1517 584 multos
1550 555 1740 599 paganos

342 618 572 668 propterea
597 608 713 654 nolle
736 611 827 654 lieri
850 611 1132 665 Christianos,
1152 611 1255 670 quia
1274 611 1397 671 quasi
1417 610 1642 656 sufficiunt
1660 612 1750 667 sibi⁸

344 679 537 724 debona
567 681 656 725 vita
686 697 777 725 sua.
814 684 927 725 Bene
960 682 1102 725 vivere
1130 697 1240 740 opus
1272 690 1350 737 est,
1376 682 1435 725 ait
1465 701 1474 726 ;
1505 681 1613 742 quid
1637 683 1742 727 mihi

347 761 647 811 praecepturus
664 762 728 796 est
747 753 971 797 Christus?
993 755 1046 797 Ut
1064 753 1175 796 bene
1197 752 1364 796 vivam?
1383 753 1470 812 jam
1492 752 1600 797 bene
1615 753 1738 798 vivo:

345 822 454 882 quid
478 822 584 866 mihi
609 824 870 867 necessarius
893 833 955 867 est
976 823 1203 868 Christus?
1226 822 1405 867 Nullum
1430 821 1739 879 homicidium,

345 893 518 938 nullum
555 893 746 949 furtum,
774 894 940 939 nullam
975 894 1171 954 rapinam
1196 894 1334 949 facio,
1361 910 1426 938 res
1459 893 1619 939 alienas
1653 911 1744 940 non

343 966 631 1024 concupisco,
657 965 781 1011 nullo
805 965 1021 1011 adulterio
1044 967 1331 1011 contaminor.
1358 968 1468 1011 Nam
1498 966 1744 1011 inveniatur

347 1036 514 1096 aliquid
536 1037 579 1081 in
603 1037 690 1080 vita
709 1053 804 1081 mea
825 1037 943 1098 quod
970 1036 1330 1097 reprehendatur,
1356 1037 1491 1097 etqui
1510 1038 1746 1097 reprehen-

347 1108 460 1152 derit
472 1107 602 1152 faciat
613 1109 925 1154 Christianum.
945 1109 1089 1168 Habet
1105 1108 1302 1167 gloriani,
1318 1107 1394 1153 sed
1412 1125 1499 1153 non
1514 1108 1570 1154 ad
1590 1113 1740 1154 Deum.

346 1182 445 1224 Non
467 1190 613 1224 autem
637 1180 695 1224 sic
718 1189 840 1239 pater
864 1190 1010 1225 noster
1032 1180 1268 1224 Abraham.
1297 1182 1400 1224 Haec
1426 1180 1543 1223 enim
1569 1189 1746 1225 senten—

345 1251 405 1296 tia
436 1251 669 1310 Scripturae
696 1251 750 1294 ad
774 1252 856 1295 hoc
888 1251 982 1295 vult
1005 1250 1295 1295 intentionem
1324 1260 1517 1295 nostram
1540 1250 1740 1311 dirigere.

347 1321 458 1375 Quia
488 1322 604 1365 enim
631 1320 836 1375 fatemur,
863 1331 906 1366 et
928 1323 1017 1382 ipsa
1040 1332 1102 1366 est
1126 1323 1233 1366 fides
1256 1332 1400 1367 nostra
1423 1323 1478 1366 de
1494 1331 1643 1367 sancto
1662 1326 1745 1367 Pa·
1804 1312 1814 1327 ⁶

348 1392 535 1436 triarclia
552 1427 563 1446 ,
585 1393 662 1452 qui
690 1391 855 1452 placuit
880 1396 988 1447 Deo,
1016 1402 1065 1437 ut
1088 1392 1283 1437 dieamus
1304 1408 1402 1436 euni
1428 1402 1471 1436 et
1499 1394 1746 1438 noverimus

348 1463 404 1507 ad
423 1466 562 1507 Deum
583 1463 746 1507 habere
762 1463 958 1522 gloriam,
979 1465 1036 1509 ait
1059 1463 1293 1524 Apostolus
1321 1484 1329 1509 :
1355 1466 1483 1508 Certe
1506 1473 1661 1509 notum
1683 1474 1747 1510 est

347 1535 474 1580 nobis
495 1545 538 1579 et
561 1535 861 1590 manifestum,
889 1537 990 1597 quia
1019 1537 1242 1581 Abraham
1260 1536 1316 1580 ad
1339 1539 1476 1580 Deum
1495 1536 1629 1580 habet
1651 1536 1745 1594 glo-

347 1607 455 1651 riam
488 1626 496 1650 :
535 1617 577 1651 at
599 1607 632 1651 si
661 1623 711 1651 ex
739 1607 944 1667 operibus
966 1608 1228 1668 justificatus
1257 1616 1320 1652 est
1343 1607 1587 1660 Abraham,
1614 1608 1747 1653 habet

349 1676 553 1737 gloriam,
586 1677 661 1722 sed
690 1694 781 1722 non
804 1678 859 1722 ad
882 1682 1020 1722 Deum
1048 1699 1056 1723 2
1083 1678 1137 1722 ad
1160 1682 1299 1723 Deum
1321 1688 1467 1722 autem
1491 1678 1624 1722 habet
1652 1678 1748 1738 glo-

348 1749 479 1800 riam3
513 1765 602 1793 non
626 1766 728 1809 ergo
753 1766 803 1794 ex
836 1751 1040 1810 operibus
1066 1751 1330 1810 justificatus
1353 1759 1430 1794 est.
1459 1751 1502 1795 Si
1524 1766 1627 1809 ergo
1655 1766 1748 1796 non

349 1835 400 1864 ex
412 1820 892 1881 operibusjustificatus
910 1831 973 1866 est
991 1822 1210 1866 Abraham
1222 1858 1233 1876 ,
1254 1821 1372 1865 unde
1379 1821 1640 1882 justificatus
1658 1825 1747 1867 est?

351 1892 580 1952 Sequitur,
601 1901 644 1936 et
665 1892 770 1936 dicit
792 1891 910 1936 unde
936 1913 944 1937 2
971 1913 990 1934 (ι
1017 1893 1133 1946 Quid
1156 1893 1273 1936 enim
1298 1892 1518 1952 Scriptura
1540 1892 1645 1937 dicit
1660 1894 1702 1935 3?
1721 1911 1741 1934 »

348 1960 396 2006 id
424 1972 487 2006 est
520 1982 529 2006 :
570 1982 589 2004 «
626 1962 751 2007 Unde
783 1962 890 2007 dicit
924 1963 1145 2022 Scriptura
1178 1963 1467 2024 justificatum
1495 1963 1747 2007 Abraham?

352 2051 372 2074 »
410 2031 605 2077 Credidit
629 2043 772 2077 autem
794 2033 1011 2078 Abraham
1036 2037 1146 2087 Deo,
1173 2043 1215 2077 et
1238 2043 1490 2094 reputatum
1513 2043 1576 2078 cst
1597 2032 1659 2078 illi
1691 2034 1747 2079 ad

352 2122 371 2145 »
403 2104 616 2164 justitiam
631 2106 662 2148 ⁴.
693 2123 712 2145 n
734 2107 851 2163 Ergo
876 2120 927 2148 cx
950 2104 1311 2165 fidejustificatus
1334 2115 1398 2149 est
1414 2105 1652 2150 Abraham.

408 2178 487 2219 Ill.
511 2178 607 2219 Jam
622 2175 699 2235 qui
716 2175 854 2230 audit,
876 2192 966 2220 non
984 2191 1034 2219 ex
1052 2176 1271 2235 operibus,
1293 2175 1367 2220 sed
1386 2192 1436 2220 ex
1461 2175 1546 2220 side
1568 2195 1577 2220 :
1598 2175 1747 2220 obser-

347 2255 421 2290 vet
449 2244 567 2290 illam
597 2247 870 2304 voraginem,
897 2247 952 2291 de
979 2262 1065 2307 qua
1099 2245 1270 2291 locutus
1303 2262 1414 2290 sum.
1453 2246 1584 2291 Vides
1619 2262 1742 2305 ergo,

345 2317 448 2378 quia
481 2333 533 2361 ex
565 2316 674 2372 fide,
700 2333 789 2362 non
818 2334 870 2362 cx
892 2317 1095 2378 operibus
1111 2318 1372 2377 justificatus
1405 2327 1468 2362 est
1496 2318 1743 2376 Abraham,

344 2388 500 2432 faciam
515 2403 627 2446 sergo
645 2388 862 2449 quidquid
879 2387 994 2442 volo,
1021 2388 1122 2449 quia
1146 2398 1189 2432 et
1211 2390 1245 2432 si
1266 2389 1381 2433 bona
1399 2405 1531 2448 opera
1554 2406 1641 2434 non
1665 2390 1746 2434 ha-

345 2459 504 2514 buero,
532 2469 574 2503 et
607 2471 772 2504 tantum
796 2459 1020 2504 credidero
1044 2460 1087 2503 in
1111 2464 1265 2514 Deum,
1291 2460 1530 2521 deputatur
1552 2461 1661 2504 milii
1689 2461 1744 2506 ad

338 2531 565 2590 justitiam.
590 2532 633 2575 Si
655 2531 763 2575 dixit
779 2541 822 2575 et
844 2530 1050 2585 decrevit,
1074 2531 1219 2591 lapsus
1239 2531 1460 2576 demersus
1481 2541 1545 2575 est
1572 2551 1580 2576 ;
1607 2531 1641 2575 si
1663 2531 1741 2575 ad-

396 2623 405 2639 1
429 2619 519 2648 Rom.
545 2627 591 2654 iv,
613 2628 642 2650 ι,
663 2626 693 2648 ¹).
722 2634 763 2639 —
780 2623 793 2639 ²
814 2629 823 2648 1
845 2619 917 2649 Cor.
941 2630 964 2658 i,
985 2617 1038 2649 31.
1061 2635 1100 2639 —
1123 2617 1242 2651 3110111.
1259 2630 1304 2660 iv,
1325 2618 1355 2650 3.
1376 2634 1417 2641 —-
1440 2616 1457 2647 4
1479 2620 1559 2652 Gen.
1580 2629 1635 2659 xv,
1652 2618 1683 2649 6.
