1833 3284
338 203 419 241 19ss
774 210 807 238 S·
844 212 1072 238 At'GUS'ssM
1098 213 1277 239 EPISCOPI

334 295 380 324 111
393 287 539 323 monte
554 278 806 332 constituto,
823 276 1112 321 ostenduntur
1130 277 1272 321 omnia
1290 291 1420 335 regna
1435 277 1507 336 huj
1516 292 1562 320 us
1575 285 1715 331 terrae,

331 360 375 395 et
397 350 713 410 promittuntur
744 349 776 392 si
805 348 1078 392 adoraverit:
1107 364 1183 408 per
1215 349 1532 402 curiositatem,
1556 348 1633 390 ubi
1663 347 1718 392 de

330 422 461 481 pinna
497 419 648 479 templi
679 419 939 464 admonetur
972 429 1020 463 ut
1042 435 1086 463 se
1107 418 1311 463 deorsum
1333 419 1493 473 mittat,
1519 416 1717 463 tentandi

328 492 462 551 gratia
485 500 633 535 utrum
656 491 711 534 ab
736 489 910 548 Angelis
947 490 1217 549 suspiciatur.
1247 494 1263 534 Ι
1273 500 1401 550 taque
1433 499 1718 550 posteaquam

325 562 450 607 nullo
470 563 652 607 istorum
675 570 945 606 tentamento
968 561 1112 606 valere
1141 561 1258 622 apud
1280 578 1379 605 eum
1404 561 1548 621 potuit
1572 560 1717 604 inimi-

324 651 416 690 cus,
438 635 520 679 hoc
548 633 603 677 (le
622 633 698 678 illo
721 633 880 677 dicitur
911 653 919 678 :
956 653 975 674 «
1009 637 1243 694 Postquam
1277 632 1511 692 complevit
1542 647 1714 676 onmem

325 724 346 747 »
382 705 666 749 tentationem
686 703 928 748 diabolus¹.
958 722 977 745 »
1006 708 1189 764 Propter
1219 703 1716 763 torculariorumitaque

321 775 705 834 significationem,
742 775 934 835 subjecta
968 784 1069 819 sunt
1100 774 1287 835 pedibus
1320 776 1410 835 ejus
1452 790 1542 818 non
1573 769 1715 818 solum

319 845 436 900 vina,
456 845 532 890 sed
550 845 679 889 etiam
695 845 864 889 vinacia
886 864 894 889 :
921 861 1011 889 non
1029 845 1171 890 solum
1192 845 1355 890 scilicet
1376 860 1476 890 oves
1499 853 1542 888 et
1564 844 1711 898 boves,

316 916 362 961 id
383 925 462 972 est,
488 925 647 961 sanctae
669 916 825 960 animae
847 915 1061 971 fidelium,
1085 915 1151 960 vel
1175 916 1224 959 in
1245 915 1389 975 plebe,
1409 914 1479 959 vel
1499 914 1546 958 in
1562 914 1714 959 minis-

320 987 420 1045 tris,
446 985 521 1031 sed
542 987 720 1047 insuper
742 996 785 1031 et
807 1002 964 1046 pecora
990 985 1250 1046 voluptatis,
1277 995 1320 1030 et
1340 985 1539 1031 volucres
1561 1000 1714 1044 super-

317 1057 423 1112 biae,
443 1067 486 1101 et
508 1057 644 1117 pisces
667 1057 940 1102 curiositatis.
963 1060 1072 1111 Quae
1091 1057 1237 1101 omnia
1256 1072 1412 1115 genera
1434 1065 1713 1116 peccatorum

316 1143 435 1172 nunc
468 1128 593 1172 bonis
626 1137 669 1172 et
702 1128 858 1172 sanctis
894 1128 1026 1172 mixta
1061 1142 1151 1172 esse
1183 1127 1230 1171 in
1265 1127 1466 1171 Ecclesiis
1494 1126 1708 1171 videmus.

318 1200 534 1259 Operetur
555 1199 687 1257 igitur
706 1199 752 1243 in
775 1199 973 1244 Ecclesiis
993 1199 1095 1254 suis,
1121 1208 1164 1243 et
1186 1215 1210 1242 a
1224 1198 1401 1243 vinaciis
1422 1199 1572 1243 vinum
1590 1213 1713 1257 sepa-

251 1301 256 1308 .
318 1279 406 1314 ret:
426 1286 504 1314 nos
522 1269 675 1314 demus
689 1285 882 1329 operam,
899 1279 948 1314 ut
966 1270 1117 1314 vinum
1136 1270 1267 1314 simus
1287 1279 1330 1314 et
1345 1285 1444 1314 oves
1464 1278 1540 1313 aut
1554 1270 1709 1326 boves,

314 1355 404 1385 non
425 1341 608 1396 vinacia,
629 1350 704 1384 aut
720 1356 877 1400 pecora
896 1341 1053 1400 campi,
1077 1350 1152 1385 aut
1170 1340 1370 1385 volueres
1388 1338 1505 1395 coeli,
1530 1349 1606 1384 aut
1623 1339 1712 1399 pis-

314 1427 383 1456 ces
397 1411 525 1455 maris
543 1411 619 1471 qui
632 1411 942 1471 perambulant
955 1412 1128 1455 semitas
1146 1412 1289 1455 maris.
1306 1414 1404 1457 Non
1419 1410 1520 1471 quia
1537 1411 1615 1455 ista
1633 1426 1711 1455 no-

317 1482 435 1526 mina
457 1482 539 1526 isto
557 1481 648 1526 solo
671 1481 803 1526 modo
821 1481 1020 1541 intelligi,
1036 1490 1079 1526 et
1098 1481 1300 1542 explicari
1320 1490 1517 1542 possunt,
1537 1480 1613 1526 sed
1630 1497 1709 1541 pro

315 1552 419 1597 locis
432 1573 442 1609 3
456 1568 646 1614 namque
659 1552 762 1597 alibi
776 1553 895 1598 aliud
911 1554 1169 1613 significant.
1184 1557 1239 1598 Et
1252 1554 1348 1597 haec
1362 1552 1511 1611 regula
1528 1553 1573 1597 in
1588 1553 1708 1597 omni

315 1623 518 1681 allegoria
552 1623 779 1668 retinenda
813 1632 897 1679 est,
929 1633 978 1668 ut
1009 1640 1088 1684 pro
1123 1623 1337 1668 sententia
1369 1623 1592 1683 praesentis
1624 1621 1709 1667 loci

314 1693 614 1738 consideretur
647 1695 768 1754 quod
802 1710 880 1754 per
912 1694 1243 1739 similitudinem
1281 1693 1441 1739 dicitur
1478 1713 1486 1739 ε
1517 1695 1611 1739 haec
1645 1703 1709 1739 est

314 1765 432 1808 enim
462 1764 680 1810 dominica
709 1775 753 1810 et
781 1764 1015 1825 apostoliea
1045 1765 1288 1825 disciplina.
1316 1769 1580 1824 Repetamus
1603 1780 1706 1824 ergo

317 1835 519 1880 ultimum
542 1852 737 1892 versum,
763 1837 839 1897 qui
862 1837 990 1881 etiam
1012 1837 1057 1881 in
1079 1837 1294 1897 principio
1321 1837 1479 1882 Psalmi
1502 1837 1701 1896 ponitur,

312 1916 356 1950 ct
377 1906 607 1951 laudemus
632 1911 769 1951 Deum
791 1906 982 1951 dicentes
1006 1928 1013 1951 :
1045 1927 1064 1950 ε(
1090 1908 1274 1952 Domine
1302 1908 1511 1951 Dominus
1534 1916 1702 1962 noster,

314 1996 333 2017 »
371 1993 502 2038 quam
526 1977 779 2021 admirabile
802 1987 866 2022 est
891 1993 1051 2022 nomen
1073 1987 1201 2022 tuum
1223 1978 1268 2021 in
1292 1978 1488 2023 universa
1512 1978 1650 2022 terra!
1681 1995 1700 2017 »

312 2049 527 2091 Decenter
549 2048 713 2108 quippe
736 2057 833 2107 post
860 2057 1028 2092 textum
1057 2048 1243 2093 semonis
1271 2047 1327 2093 ad
1353 2057 1487 2109 eaput
1513 2047 1699 2103 reditur,

311 2133 402 2178 quo
424 2127 541 2162 totus
564 2117 679 2162 idem
699 2133 840 2164 sermo
863 2117 1116 2163 referendus
1133 2128 1212 2163 est.

362 2222 373 2240 ¹
394 2216 470 2247 Luc.
491 2224 537 2256 ιν,
563 2214 612 2247 13.
