<?xml version="1.0" encoding="UTF-8"?>
<!DOCTYPE html PUBLIC "-//W3C//DTD XHTML 1.0 Transitional//EN"
    "http://www.w3.org/TR/xhtml1/DTD/xhtml1-transitional.dtd">
<html xmlns="http://www.w3.org/1999/xhtml" xml:lang="en" lang="en">
 <head>
  <title>
</title>
<meta http-equiv="Content-Type" content="text/html;charset=utf-8" />
  <meta name='ocr-system' content='tesseract 3.04.00' />
  <meta name='ocr-capabilities' content='ocr_page ocr_carea ocr_par ocr_line ocrx_word'/>
</head>
<body>
  <div class='ocr_page' id='page_1' title='image "./operaomniaaccura07auguuoft_0152.png"; bbox 0 0 1833 3284; ppageno 0'>
   <div class='ocr_carea' id='block_1_1' title="bbox 388 294 1325 333">
    <p class='ocr_par' dir='ltr' id='par_1_1' title="bbox 388 294 1325 333">
     <span class='ocr_line' id='line_1_1' title="bbox 388 294 1325 333; baseline 0.001 -1"><span class='ocrx_word' id='word_1_1' title='bbox 388 294 470 333; x_wconf 76' lang='lat'>140</span> <span class='ocrx_word' id='word_1_2' title='bbox 827 301 861 330; x_wconf 87' lang='lat' dir='ltr'>s.</span> <span class='ocrx_word' id='word_1_3' title='bbox 887 301 1118 332; x_wconf 70' lang='lat' dir='ltr'>Avensrmi</span> <span class='ocrx_word' id='word_1_4' title='bbox 1142 305 1325 333; x_wconf 65' lang='lat' dir='ltr'>muscom</span> 
     </span>
    </p>
   </div>
   <div class='ocr_carea' id='block_1_2' title="bbox 371 370 1776 1781">
    <p class='ocr_par' dir='ltr' id='par_1_2' title="bbox 381 370 1776 786">
     <span class='ocr_line' id='line_1_2' title="bbox 381 370 1776 430; baseline -0.001 -14"><span class='ocrx_word' id='word_1_5' title='bbox 381 370 640 425; x_wconf 83' lang='lat' dir='ltr'>Obdormio,</span> <span class='ocrx_word' id='word_1_6' title='bbox 662 379 705 414; x_wconf 83' lang='lat' dir='ltr'>ct</span> <span class='ocrx_word' id='word_1_7' title='bbox 724 384 925 415; x_wconf 87' lang='lat' dir='ltr'>somnum</span> <span class='ocrx_word' id='word_1_8' title='bbox 948 371 1097 430; x_wconf 81' lang='lat' dir='ltr'>capio3</span> <span class='ocrx_word' id='word_1_9' title='bbox 1117 371 1213 427; x_wconf 81' lang='lat' dir='ltr'>sed,</span> <span class='ocrx_word' id='word_1_10' title='bbox 1239 391 1258 414; x_wconf 90' lang='lat'>«</span> <span class='ocrx_word' id='word_1_11' title='bbox 1276 371 1578 427; x_wconf 85' lang='lat' dir='ltr'>Obdormiam,</span> <span class='ocrx_word' id='word_1_12' title='bbox 1599 379 1643 415; x_wconf 84' lang='lat' dir='ltr'>ct</span> <span class='ocrx_word' id='word_1_13' title='bbox 1664 385 1776 416; x_wconf 90' lang='lat' dir='ltr'>som-</span> 
     </span>
     <span class='ocr_line' id='line_1_3' title="bbox 384 441 1775 501; baseline 0.001 -18"><span class='ocrx_word' id='word_1_14' title='bbox 384 462 394 483; x_wconf 69' lang='lat'><strong>&gt;</strong></span> <span class='ocrx_word' id='word_1_15' title='bbox 441 458 548 486; x_wconf 91' lang='lat' dir='ltr'>num</span> <span class='ocrx_word' id='word_1_16' title='bbox 563 442 747 501; x_wconf 79' lang='lat' dir='ltr'>capiam.</span> <span class='ocrx_word' id='word_1_17' title='bbox 772 445 894 486; x_wconf 88' lang='lat' dir='ltr'>Tunc</span> <span class='ocrx_word' id='word_1_18' title='bbox 913 442 1197 501; x_wconf 79' lang='lat' dir='ltr'>corruptibile</span> <span class='ocrx_word' id='word_1_19' title='bbox 1217 443 1300 487; x_wconf 88' lang='lat' dir='ltr'>hoc</span> <span class='ocrx_word' id='word_1_20' title='bbox 1321 442 1530 486; x_wconf 90' lang='lat' dir='ltr'>induetur</span> <span class='ocrx_word' id='word_1_21' title='bbox 1546 441 1775 501; x_wconf 87' lang='lat' dir='ltr'>incorrup-</span> 
     </span>
     <span class='ocr_line' id='line_1_4' title="bbox 385 512 1774 568; baseline 0.002 -13"><span class='ocrx_word' id='word_1_22' title='bbox 385 532 406 555; x_wconf 91' lang='lat'>»</span> <span class='ocrx_word' id='word_1_23' title='bbox 445 514 586 568; x_wconf 85' lang='lat' dir='ltr'>tione,</span> <span class='ocrx_word' id='word_1_24' title='bbox 628 522 672 557; x_wconf 88' lang='lat' dir='ltr'>et</span> <span class='ocrx_word' id='word_1_25' title='bbox 703 512 886 558; x_wconf 79' lang='lat' dir='ltr'>mortale</span> <span class='ocrx_word' id='word_1_26' title='bbox 919 513 1002 557; x_wconf 90' lang='lat' dir='ltr'>hoc</span> <span class='ocrx_word' id='word_1_27' title='bbox 1034 512 1241 558; x_wconf 89' lang='lat' dir='ltr'>induetur</span> <span class='ocrx_word' id='word_1_28' title='bbox 1272 512 1597 558; x_wconf 79' lang='lat' dir='ltr'>immortalitate</span> <span class='ocrx_word' id='word_1_29' title='bbox 1628 532 1636 557; x_wconf 72' lang='grc' dir='ltr'>ε</span> <span class='ocrx_word' id='word_1_30' title='bbox 1671 523 1774 558; x_wconf 88' lang='lat' dir='ltr'>tunc</span> 
     </span>
     <span class='ocr_line' id='line_1_5' title="bbox 385 583 1770 640; baseline 0.002 -14"><span class='ocrx_word' id='word_1_31' title='bbox 385 603 394 626; x_wconf 87' lang='lat'>›</span> <span class='ocrx_word' id='word_1_32' title='bbox 440 585 747 629; x_wconf 77' lang='lat' dir='ltr'>absorbebitur</span> <span class='ocrx_word' id='word_1_33' title='bbox 760 600 875 628; x_wconf 90' lang='lat' dir='ltr'>mors</span> <span class='ocrx_word' id='word_1_34' title='bbox 887 583 933 627; x_wconf 91' lang='lat' dir='ltr'>in</span> <span class='ocrx_word' id='word_1_35' title='bbox 948 583 1209 628; x_wconf 80' lang='lat' dir='ltr'>victoriam1.</span> <span class='ocrx_word' id='word_1_36' title='bbox 1225 588 1352 629; x_wconf 90' lang='lat' dir='ltr'>»Hoc</span> <span class='ocrx_word' id='word_1_37' title='bbox 1364 594 1442 640; x_wconf 84' lang='lat' dir='ltr'>est,</span> <span class='ocrx_word' id='word_1_38' title='bbox 1454 583 1574 628; x_wconf 89' lang='lat' dir='ltr'>unde</span> <span class='ocrx_word' id='word_1_39' title='bbox 1587 583 1770 629; x_wconf 82' lang='lat' dir='ltr'>dicitur:</span> 
     </span>
     <span class='ocr_line' id='line_1_6' title="bbox 385 653 1774 715; baseline 0.001 -18"><span class='ocrx_word' id='word_1_40' title='bbox 385 675 405 698; x_wconf 97' lang='lat'>«</span> <span class='ocrx_word' id='word_1_41' title='bbox 443 655 485 701; x_wconf 91' lang='lat' dir='ltr'>Si</span> <span class='ocrx_word' id='word_1_42' title='bbox 504 665 649 699; x_wconf 86' lang='lat' dir='ltr'>autem</span> <span class='ocrx_word' id='word_1_43' title='bbox 674 655 795 715; x_wconf 82' lang='lat' dir='ltr'>quod</span> <span class='ocrx_word' id='word_1_44' title='bbox 818 670 908 699; x_wconf 89' lang='lat' dir='ltr'>non</span> <span class='ocrx_word' id='word_1_45' title='bbox 929 653 1128 699; x_wconf 85' lang='lat' dir='ltr'>videmus</span> <span class='ocrx_word' id='word_1_46' title='bbox 1156 671 1399 715; x_wconf 88' lang='lat' dir='ltr'>speramus,</span> <span class='ocrx_word' id='word_1_47' title='bbox 1420 671 1498 715; x_wconf 88' lang='lat' dir='ltr'>per</span> <span class='ocrx_word' id='word_1_48' title='bbox 1519 655 1774 715; x_wconf 82' lang='lat' dir='ltr'>patientiam</span> 
     </span>
     <span class='ocr_line' id='line_1_7' title="bbox 441 730 805 786; baseline -0.011 -16"><span class='ocrx_word' id='word_1_49' title='bbox 441 730 755 786; x_wconf 76' lang='lat' dir='ltr'>expectamus2.</span> <span class='ocrx_word' id='word_1_50' title='bbox 785 744 805 766; x_wconf 85' lang='lat'>»</span> 
     </span>
    </p>

    <p class='ocr_par' dir='ltr' id='par_1_3' title="bbox 371 796 1773 1781">
     <span class='ocr_line' id='line_1_8' title="bbox 438 796 1771 857; baseline 0 -16"><span class='ocrx_word' id='word_1_51' title='bbox 438 800 494 841; x_wconf 90' lang='lat' dir='ltr'>X.</span> <span class='ocrx_word' id='word_1_52' title='bbox 513 800 790 857; x_wconf 75' lang='lat' dir='ltr'>Quapropter</span> <span class='ocrx_word' id='word_1_53' title='bbox 811 806 1105 856; x_wconf 79' lang='lat' dir='ltr'>congruenter</span> <span class='ocrx_word' id='word_1_54' title='bbox 1122 796 1328 842; x_wconf 87' lang='lat' dir='ltr'>ultimum</span> <span class='ocrx_word' id='word_1_55' title='bbox 1350 797 1560 852; x_wconf 80' lang='lat' dir='ltr'>annectit,</span> <span class='ocrx_word' id='word_1_56' title='bbox 1578 806 1621 841; x_wconf 90' lang='lat' dir='ltr'>et</span> <span class='ocrx_word' id='word_1_57' title='bbox 1637 796 1743 841; x_wconf 90' lang='lat' dir='ltr'>dicit</span> <span class='ocrx_word' id='word_1_58' title='bbox 1761 815 1771 841; x_wconf 77' lang='lat' dir='ltr'>z</span> 
     </span>
     <span class='ocr_line' id='line_1_9' title="bbox 383 867 1773 929; baseline 0.002 -21"><span class='ocrx_word' id='word_1_59' title='bbox 383 886 403 909; x_wconf 89' lang='lat'>«</span> <span class='ocrx_word' id='word_1_60' title='bbox 438 868 656 921; x_wconf 81' lang='lat' dir='ltr'>Quoniam</span> <span class='ocrx_word' id='word_1_61' title='bbox 670 877 734 923; x_wconf 87' lang='lat' dir='ltr'>tu,</span> <span class='ocrx_word' id='word_1_62' title='bbox 752 867 952 923; x_wconf 85' lang='lat' dir='ltr'>Domine,</span> <span class='ocrx_word' id='word_1_63' title='bbox 970 868 1245 927; x_wconf 81' lang='lat' dir='ltr'>singulariter</span> <span class='ocrx_word' id='word_1_64' title='bbox 1263 869 1309 912; x_wconf 93' lang='lat' dir='ltr'>in</span> <span class='ocrx_word' id='word_1_65' title='bbox 1326 884 1400 929; x_wconf 91' lang='lat' dir='ltr'>spe</span> <span class='ocrx_word' id='word_1_66' title='bbox 1418 868 1615 913; x_wconf 86' lang='lat' dir='ltr'>habitare</span> <span class='ocrx_word' id='word_1_67' title='bbox 1635 868 1773 912; x_wconf 85' lang='lat' dir='ltr'>fecisti</span> 
     </span>
     <span class='ocr_line' id='line_1_10' title="bbox 382 938 1773 999; baseline 0.003 -20"><span class='ocrx_word' id='word_1_68' title='bbox 382 956 401 979; x_wconf 88' lang='lat'>»</span> <span class='ocrx_word' id='word_1_69' title='bbox 438 941 548 983; x_wconf 73' lang='lat' dir='ltr'>me3.</span> <span class='ocrx_word' id='word_1_70' title='bbox 574 957 594 979; x_wconf 86' lang='lat'>»</span> <span class='ocrx_word' id='word_1_71' title='bbox 615 939 695 983; x_wconf 92' lang='lat' dir='ltr'>Hic</span> <span class='ocrx_word' id='word_1_72' title='bbox 725 954 814 983; x_wconf 92' lang='lat' dir='ltr'>non</span> <span class='ocrx_word' id='word_1_73' title='bbox 837 939 964 994; x_wconf 80' lang='lat' dir='ltr'>dixit,</span> <span class='ocrx_word' id='word_1_74' title='bbox 984 940 1160 997; x_wconf 65' lang='lat' dir='ltr'>Facies,</span> <span class='ocrx_word' id='word_1_75' title='bbox 1185 938 1281 995; x_wconf 89' lang='lat' dir='ltr'>sed,</span> <span class='ocrx_word' id='word_1_76' title='bbox 1318 958 1335 980; x_wconf 89' lang='lat'>«</span> <span class='ocrx_word' id='word_1_77' title='bbox 1359 939 1532 984; x_wconf 87' lang='lat' dir='ltr'>Fecisti.</span> <span class='ocrx_word' id='word_1_78' title='bbox 1563 960 1580 981; x_wconf 84' lang='lat'>»</span> <span class='ocrx_word' id='word_1_79' title='bbox 1609 943 1661 983; x_wconf 92' lang='lat' dir='ltr'>In</span> <span class='ocrx_word' id='word_1_80' title='bbox 1683 954 1773 999; x_wconf 87' lang='lat' dir='ltr'>quo</span> 
     </span>
     <span class='ocr_line' id='line_1_11' title="bbox 377 1008 1769 1070; baseline 0.001 -18"><span class='ocrx_word' id='word_1_81' title='bbox 377 1024 481 1068; x_wconf 88' lang='lat' dir='ltr'>ergo</span> <span class='ocrx_word' id='word_1_82' title='bbox 498 1011 588 1069; x_wconf 80' lang='lat' dir='ltr'>jam</span> <span class='ocrx_word' id='word_1_83' title='bbox 611 1010 689 1053; x_wconf 85' lang='lat' dir='ltr'>ista</span> <span class='ocrx_word' id='word_1_84' title='bbox 714 1026 809 1070; x_wconf 90' lang='lat' dir='ltr'>spes</span> <span class='ocrx_word' id='word_1_85' title='bbox 831 1019 909 1065; x_wconf 88' lang='lat' dir='ltr'>est,</span> <span class='ocrx_word' id='word_1_86' title='bbox 936 1009 1018 1054; x_wconf 85' lang='lat' dir='ltr'>erit</span> <span class='ocrx_word' id='word_1_87' title='bbox 1033 1009 1232 1070; x_wconf 83' lang='lat' dir='ltr'>profecto</span> <span class='ocrx_word' id='word_1_88' title='bbox 1253 1010 1384 1054; x_wconf 82' lang='lat' dir='ltr'>etiam</span> <span class='ocrx_word' id='word_1_89' title='bbox 1406 1008 1529 1070; x_wconf 86' lang='lat' dir='ltr'>quod</span> <span class='ocrx_word' id='word_1_90' title='bbox 1556 1019 1769 1070; x_wconf 84' lang='lat' dir='ltr'>speratur.</span> 
     </span>
     <span class='ocr_line' id='line_1_12' title="bbox 376 1079 1771 1139; baseline 0.001 -16"><span class='ocrx_word' id='word_1_91' title='bbox 376 1082 434 1124; x_wconf 87' lang='lat' dir='ltr'>Et</span> <span class='ocrx_word' id='word_1_92' title='bbox 455 1080 568 1124; x_wconf 89' lang='lat' dir='ltr'>bene</span> <span class='ocrx_word' id='word_1_93' title='bbox 585 1081 660 1136; x_wconf 84' lang='lat' dir='ltr'>ait,</span> <span class='ocrx_word' id='word_1_94' title='bbox 681 1101 699 1122; x_wconf 81' lang='lat'>«</span> <span class='ocrx_word' id='word_1_95' title='bbox 725 1081 1024 1139; x_wconf 86' lang='lat' dir='ltr'>Singulariter.</span> <span class='ocrx_word' id='word_1_96' title='bbox 1046 1100 1063 1123; x_wconf 90' lang='lat'>»</span> <span class='ocrx_word' id='word_1_97' title='bbox 1086 1084 1233 1126; x_wconf 85' lang='lat' dir='ltr'>Potest</span> <span class='ocrx_word' id='word_1_98' title='bbox 1254 1082 1371 1125; x_wconf 90' lang='lat' dir='ltr'>enim</span> <span class='ocrx_word' id='word_1_99' title='bbox 1395 1080 1546 1125; x_wconf 84' lang='lat' dir='ltr'>referri</span> <span class='ocrx_word' id='word_1_100' title='bbox 1564 1079 1771 1125; x_wconf 88' lang='lat' dir='ltr'>adversus</span> 
     </span>
     <span class='ocr_line' id='line_1_13' title="bbox 377 1151 1772 1214; baseline 0.001 -20"><span class='ocrx_word' id='word_1_101' title='bbox 377 1151 473 1196; x_wconf 91' lang='lat' dir='ltr'>illos</span> <span class='ocrx_word' id='word_1_102' title='bbox 494 1152 678 1208; x_wconf 88' lang='lat' dir='ltr'>multos,</span> <span class='ocrx_word' id='word_1_103' title='bbox 697 1154 774 1214; x_wconf 90' lang='lat' dir='ltr'>qui</span> <span class='ocrx_word' id='word_1_104' title='bbox 803 1152 1082 1213; x_wconf 85' lang='lat' dir='ltr'>multiplicati</span> <span class='ocrx_word' id='word_1_105' title='bbox 1100 1169 1123 1197; x_wconf 86' lang='lat' dir='ltr'>a</span> <span class='ocrx_word' id='word_1_106' title='bbox 1140 1162 1339 1213; x_wconf 89' lang='lat' dir='ltr'>tempore</span> <span class='ocrx_word' id='word_1_107' title='bbox 1360 1152 1593 1208; x_wconf 74' lang='lat' dir='ltr'>frumenti,</span> <span class='ocrx_word' id='word_1_108' title='bbox 1617 1153 1707 1197; x_wconf 89' lang='lat' dir='ltr'>vini</span> <span class='ocrx_word' id='word_1_109' title='bbox 1729 1160 1772 1196; x_wconf 91' lang='lat' dir='ltr'>et</span> 
     </span>
     <span class='ocr_line' id='line_1_14' title="bbox 375 1222 1772 1277; baseline 0.001 -11"><span class='ocrx_word' id='word_1_110' title='bbox 375 1222 460 1266; x_wconf 89' lang='lat' dir='ltr'>olei</span> <span class='ocrx_word' id='word_1_111' title='bbox 477 1224 542 1267; x_wconf 93' lang='lat' dir='ltr'>sui</span> <span class='ocrx_word' id='word_1_112' title='bbox 560 1223 714 1268; x_wconf 84' lang='lat' dir='ltr'>dicunt</span> <span class='ocrx_word' id='word_1_113' title='bbox 733 1243 741 1269; x_wconf 75' lang='grc' dir='ltr'><strong><em>ε</em></strong></span> <span class='ocrx_word' id='word_1_114' title='bbox 768 1243 786 1264; x_wconf 89' lang='grc'>«</span> <span class='ocrx_word' id='word_1_115' title='bbox 809 1225 913 1277; x_wconf 90' lang='lat' dir='ltr'>Quis</span> <span class='ocrx_word' id='word_1_116' title='bbox 935 1223 1127 1269; x_wconf 83' lang='lat' dir='ltr'>ostendit</span> <span class='ocrx_word' id='word_1_117' title='bbox 1153 1224 1279 1269; x_wconf 91' lang='lat' dir='ltr'>nobis</span> <span class='ocrx_word' id='word_1_118' title='bbox 1307 1224 1454 1269; x_wconf 79' lang='lat' dir='ltr'>bona?</span> <span class='ocrx_word' id='word_1_119' title='bbox 1477 1244 1494 1266; x_wconf 87' lang='lat'>»</span> <span class='ocrx_word' id='word_1_120' title='bbox 1521 1224 1639 1268; x_wconf 88' lang='lat' dir='ltr'>Perit</span> <span class='ocrx_word' id='word_1_121' title='bbox 1654 1224 1772 1267; x_wconf 83' lang='lat' dir='ltr'>enim</span> 
     </span>
     <span class='ocr_line' id='line_1_15' title="bbox 375 1294 1772 1355; baseline 0.001 -18"><span class='ocrx_word' id='word_1_122' title='bbox 375 1294 468 1338; x_wconf 78' lang='lat' dir='ltr'>haec</span> <span class='ocrx_word' id='word_1_123' title='bbox 504 1294 825 1354; x_wconf 82' lang='lat' dir='ltr'>multiplicitas,</span> <span class='ocrx_word' id='word_1_124' title='bbox 851 1305 895 1339; x_wconf 92' lang='lat' dir='ltr'>et</span> <span class='ocrx_word' id='word_1_125' title='bbox 924 1295 1198 1355; x_wconf 79' lang='lat' dir='ltr'>singularitas</span> <span class='ocrx_word' id='word_1_126' title='bbox 1230 1304 1406 1340; x_wconf 88' lang='lat' dir='ltr'>tenetur</span> <span class='ocrx_word' id='word_1_127' title='bbox 1434 1295 1480 1339; x_wconf 90' lang='lat' dir='ltr'>in</span> <span class='ocrx_word' id='word_1_128' title='bbox 1503 1296 1690 1340; x_wconf 86' lang='lat' dir='ltr'>sanctis:</span> <span class='ocrx_word' id='word_1_129' title='bbox 1716 1294 1772 1339; x_wconf 87' lang='lat' dir='ltr'>de</span> 
     </span>
     <span class='ocr_line' id='line_1_16' title="bbox 374 1365 1766 1426; baseline 0.001 -18"><span class='ocrx_word' id='word_1_130' title='bbox 374 1366 536 1426; x_wconf 88' lang='lat' dir='ltr'>quibus</span> <span class='ocrx_word' id='word_1_131' title='bbox 564 1365 724 1410; x_wconf 88' lang='lat' dir='ltr'>dicitur</span> <span class='ocrx_word' id='word_1_132' title='bbox 750 1367 798 1410; x_wconf 90' lang='lat' dir='ltr'>in</span> <span class='ocrx_word' id='word_1_133' title='bbox 823 1367 1004 1411; x_wconf 85' lang='lat' dir='ltr'>Actibus</span> <span class='ocrx_word' id='word_1_134' title='bbox 1035 1366 1348 1426; x_wconf 85' lang='lat' dir='ltr'>Apostolorum</span> <span class='ocrx_word' id='word_1_135' title='bbox 1377 1386 1386 1410; x_wconf 73' lang='grc' dir='ltr'>ε</span> <span class='ocrx_word' id='word_1_136' title='bbox 1424 1385 1441 1407; x_wconf 89' lang='lat'>«</span> <span class='ocrx_word' id='word_1_137' title='bbox 1470 1365 1766 1411; x_wconf 88' lang='lat' dir='ltr'>Multitudinis</span> 
     </span>
     <span class='ocr_line' id='line_1_17' title="bbox 377 1437 1767 1493; baseline 0.001 -16"><span class='ocrx_word' id='word_1_138' title='bbox 377 1455 396 1477; x_wconf 89' lang='lat'>»</span> <span class='ocrx_word' id='word_1_139' title='bbox 433 1445 580 1480; x_wconf 86' lang='lat' dir='ltr'>autem</span> <span class='ocrx_word' id='word_1_140' title='bbox 611 1437 883 1481; x_wconf 87' lang='lat' dir='ltr'>credentium</span> <span class='ocrx_word' id='word_1_141' title='bbox 916 1447 1009 1482; x_wconf 86' lang='lat' dir='ltr'>erat</span> <span class='ocrx_word' id='word_1_142' title='bbox 1042 1437 1185 1481; x_wconf 88' lang='lat' dir='ltr'>anima</span> <span class='ocrx_word' id='word_1_143' title='bbox 1215 1453 1324 1493; x_wconf 86' lang='lat' dir='ltr'>una,</span> <span class='ocrx_word' id='word_1_144' title='bbox 1355 1447 1399 1482; x_wconf 87' lang='lat' dir='ltr'>et</span> <span class='ocrx_word' id='word_1_145' title='bbox 1426 1452 1501 1481; x_wconf 93' lang='lat' dir='ltr'>cor</span> <span class='ocrx_word' id='word_1_146' title='bbox 1535 1437 1718 1480; x_wconf 73' lang='lat' dir='ltr'>unum4.</span> <span class='ocrx_word' id='word_1_147' title='bbox 1747 1455 1767 1478; x_wconf 89' lang='lat'>»</span> 
     </span>
     <span class='ocr_line' id='line_1_18' title="bbox 375 1507 1768 1568; baseline 0 -17"><span class='ocrx_word' id='word_1_148' title='bbox 375 1507 622 1564; x_wconf 83' lang='lat' dir='ltr'>Singulares</span> <span class='ocrx_word' id='word_1_149' title='bbox 644 1523 748 1566; x_wconf 87' lang='lat' dir='ltr'>ergo</span> <span class='ocrx_word' id='word_1_150' title='bbox 771 1517 814 1552; x_wconf 90' lang='lat' dir='ltr'>et</span> <span class='ocrx_word' id='word_1_151' title='bbox 839 1507 1077 1568; x_wconf 87' lang='lat' dir='ltr'>simplices,</span> <span class='ocrx_word' id='word_1_152' title='bbox 1096 1507 1143 1552; x_wconf 89' lang='lat' dir='ltr'>id</span> <span class='ocrx_word' id='word_1_153' title='bbox 1161 1518 1245 1564; x_wconf 89' lang='lat' dir='ltr'>est,</span> <span class='ocrx_word' id='word_1_154' title='bbox 1265 1510 1418 1554; x_wconf 85' lang='lat' dir='ltr'>secreti</span> <span class='ocrx_word' id='word_1_155' title='bbox 1441 1525 1465 1552; x_wconf 85' lang='lat' dir='ltr'>a</span> <span class='ocrx_word' id='word_1_156' title='bbox 1482 1508 1768 1553; x_wconf 85' lang='lat' dir='ltr'>multitudine</span> 
     </span>
     <span class='ocr_line' id='line_1_19' title="bbox 372 1580 1770 1636; baseline 0.001 -14"><span class='ocrx_word' id='word_1_157' title='bbox 372 1594 421 1622; x_wconf 90' lang='lat' dir='ltr'>ae</span> <span class='ocrx_word' id='word_1_158' title='bbox 436 1580 566 1623; x_wconf 86' lang='lat' dir='ltr'>turba</span> <span class='ocrx_word' id='word_1_159' title='bbox 583 1580 856 1624; x_wconf 83' lang='lat' dir='ltr'>nascentium</span> <span class='ocrx_word' id='word_1_160' title='bbox 875 1596 1022 1624; x_wconf 85' lang='lat' dir='ltr'>rerum</span> <span class='ocrx_word' id='word_1_161' title='bbox 1041 1596 1089 1625; x_wconf 89' lang='lat' dir='ltr'>ac</span> <span class='ocrx_word' id='word_1_162' title='bbox 1101 1581 1400 1636; x_wconf 87' lang='lat' dir='ltr'>morientium,</span> <span class='ocrx_word' id='word_1_163' title='bbox 1418 1589 1631 1625; x_wconf 85' lang='lat' dir='ltr'>amatores</span> <span class='ocrx_word' id='word_1_164' title='bbox 1647 1590 1770 1624; x_wconf 83' lang='lat' dir='ltr'>aeter-</span> 
     </span>
     <span class='ocr_line' id='line_1_20' title="bbox 371 1649 1768 1707; baseline 0.001 -15"><span class='ocrx_word' id='word_1_165' title='bbox 371 1649 518 1693; x_wconf 86' lang='lat' dir='ltr'>nitatis</span> <span class='ocrx_word' id='word_1_166' title='bbox 552 1659 596 1693; x_wconf 84' lang='lat' dir='ltr'>et</span> <span class='ocrx_word' id='word_1_167' title='bbox 624 1650 805 1694; x_wconf 83' lang='lat' dir='ltr'>unitatis</span> <span class='ocrx_word' id='word_1_168' title='bbox 839 1666 929 1695; x_wconf 84' lang='lat' dir='ltr'>esse</span> <span class='ocrx_word' id='word_1_169' title='bbox 955 1650 1187 1707; x_wconf 90' lang='lat' dir='ltr'>debemus,</span> <span class='ocrx_word' id='word_1_170' title='bbox 1213 1652 1247 1696; x_wconf 90' lang='lat' dir='ltr'>si</span> <span class='ocrx_word' id='word_1_171' title='bbox 1274 1651 1352 1696; x_wconf 88' lang='lat' dir='ltr'>uni</span> <span class='ocrx_word' id='word_1_172' title='bbox 1383 1655 1474 1697; x_wconf 89' lang='lat' dir='ltr'>Deo</span> <span class='ocrx_word' id='word_1_173' title='bbox 1507 1660 1551 1696; x_wconf 87' lang='lat' dir='ltr'>et</span> <span class='ocrx_word' id='word_1_174' title='bbox 1581 1651 1768 1696; x_wconf 88' lang='lat' dir='ltr'>Domino</span> 
     </span>
     <span class='ocr_line' id='line_1_21' title="bbox 371 1721 993 1781; baseline 0.005 -18"><span class='ocrx_word' id='word_1_175' title='bbox 371 1729 520 1765; x_wconf 89' lang='lat' dir='ltr'>nostro</span> <span class='ocrx_word' id='word_1_176' title='bbox 543 1721 742 1781; x_wconf 91' lang='lat' dir='ltr'>cupimus</span> <span class='ocrx_word' id='word_1_177' title='bbox 765 1722 993 1766; x_wconf 82' lang='lat' dir='ltr'>inhaerere.</span> 
     </span>
    </p>
   </div>
   <div class='ocr_carea' id='block_1_3' title="bbox 397 462 404 483">
    <p class='ocr_par' dir='ltr' id='par_1_4' title="bbox 397 462 404 483">
     <span class='ocr_line' id='line_1_22' title="bbox 397 462 404 483; textangle 90"><span class='ocrx_word' id='word_1_178' title='bbox 397 462 404 483; x_wconf 53' lang='grc' dir='ltr'>ν</span> 
     </span>
    </p>
   </div>
   <div class='ocr_carea' id='block_1_4' title="bbox 396 603 405 626">
    <p class='ocr_par' dir='ltr' id='par_1_5' title="bbox 396 603 405 626">
     <span class='ocr_line' id='line_1_23' title="bbox 396 603 405 626; textangle 90"><span class='ocrx_word' id='word_1_179' title='bbox 396 603 405 626; x_wconf 56' lang='lat' dir='ltr'>v</span> 
     </span>
    </p>
   </div>
   <div class='ocr_carea' id='block_1_5' title="bbox 383 744 394 767">
    <p class='ocr_par' dir='ltr' id='par_1_6' title="bbox 383 744 394 767">
     <span class='ocr_line' id='line_1_24' title="bbox 383 744 394 767; baseline 0 0"><span class='ocrx_word' id='word_1_180' title='bbox 383 744 394 767; x_wconf 85' lang='lat'>)</span> 
     </span>
    </p>
   </div>
   <div class='ocr_carea' id='block_1_6' title="bbox 396 745 404 767">
    <p class='ocr_par' dir='ltr' id='par_1_7' title="bbox 396 745 404 767">
     <span class='ocr_line' id='line_1_25' title="bbox 396 745 404 767; textangle 90"><span class='ocrx_word' id='word_1_181' title='bbox 396 745 404 767; x_wconf 58' lang='lat' dir='ltr'>v</span> 
     </span>
    </p>
   </div>
   <div class='ocr_carea' id='block_1_7' title="bbox 371 1877 1762 1898">
    <p class='ocr_par' dir='ltr' id='par_1_8' title="bbox 371 1877 1762 1898">
     <span class='ocr_line' id='line_1_26' title="bbox 371 1877 1762 1898; baseline 0.001 -4"><span class='ocrx_word' id='word_1_182' title='bbox 371 1877 1652 1898; x_wconf 55' lang='lat' dir='ltr'>mmxmmmmmmwmvmwwwwummmmwwswvxmmmwmmmwm</span> <span class='ocrx_word' id='word_1_183' title='bbox 1656 1879 1762 1896; x_wconf 62' lang='lat' dir='ltr'>mm</span> 
     </span>
    </p>
   </div>
   <div class='ocr_carea' id='block_1_8' title="bbox 880 2001 1265 2050">
    <p class='ocr_par' dir='ltr' id='par_1_9' title="bbox 880 2001 1265 2050">
     <span class='ocr_line' id='line_1_27' title="bbox 880 2001 1265 2050; baseline 0 -1"><span class='ocrx_word' id='word_1_184' title='bbox 880 2001 1265 2050; x_wconf 67' lang='lat' dir='ltr'><strong>ENARRATH)</strong></span> 
     </span>
    </p>
   </div>
   <div class='ocr_carea' id='block_1_9' title="bbox 810 2152 1314 2193">
    <p class='ocr_par' dir='ltr' id='par_1_10' title="bbox 810 2152 1314 2193">
     <span class='ocr_line' id='line_1_28' title="bbox 810 2152 1314 2193; baseline 0 -2"><span class='ocrx_word' id='word_1_185' title='bbox 810 2153 872 2192; x_wconf 90' lang='lat' dir='ltr'>IN</span> <span class='ocrx_word' id='word_1_186' title='bbox 913 2152 1220 2193; x_wconf 77' lang='lat' dir='ltr'><strong>PSALMUM</strong></span> <span class='ocrx_word' id='word_1_187' title='bbox 1265 2153 1314 2191; x_wconf 86' lang='lat' dir='ltr'>V.</span> 
     </span>
    </p>
   </div>
   <div class='ocr_carea' id='block_1_10' title="bbox 362 2282 1761 2558">
    <p class='ocr_par' dir='ltr' id='par_1_11' title="bbox 362 2282 1761 2558">
     <span class='ocr_line' id='line_1_29' title="bbox 424 2282 1761 2344; baseline 0 -18"><span class='ocrx_word' id='word_1_188' title='bbox 424 2285 458 2326; x_wconf 83' lang='grc' dir='ltr'>Ι.</span> <span class='ocrx_word' id='word_1_189' title='bbox 483 2286 672 2328; x_wconf 57' lang='lat' dir='ltr'>Tironis</span> <span class='ocrx_word' id='word_1_190' title='bbox 694 2282 854 2328; x_wconf 80' lang='lat' dir='ltr'>Psalmi</span> <span class='ocrx_word' id='word_1_191' title='bbox 876 2292 961 2339; x_wconf 86' lang='lat' dir='ltr'>est,</span> <span class='ocrx_word' id='word_1_192' title='bbox 992 2302 1008 2324; x_wconf 91' lang='lat'>«</span> <span class='ocrx_word' id='word_1_193' title='bbox 1038 2286 1121 2328; x_wconf 90' lang='lat' dir='ltr'>Pro</span> <span class='ocrx_word' id='word_1_194' title='bbox 1144 2299 1193 2327; x_wconf 86' lang='lat' dir='ltr'>ea</span> <span class='ocrx_word' id='word_1_195' title='bbox 1211 2299 1311 2344; x_wconf 79' lang='lat' dir='ltr'>quae</span> <span class='ocrx_word' id='word_1_196' title='bbox 1332 2282 1635 2327; x_wconf 62' lang='lat' dir='ltr'>haereditatem</span> <span class='ocrx_word' id='word_1_197' title='bbox 1653 2282 1761 2327; x_wconf 89' lang='lat' dir='ltr'>acci-</span> 
     </span>
     <span class='ocr_line' id='line_1_30' title="bbox 370 2353 1759 2414; baseline 0.003 -21"><span class='ocrx_word' id='word_1_198' title='bbox 370 2374 387 2394; x_wconf 83' lang='lat'>»</span> <span class='ocrx_word' id='word_1_199' title='bbox 424 2354 527 2413; x_wconf 58' lang='lat' dir='ltr'>pits&#39;.</span> <span class='ocrx_word' id='word_1_200' title='bbox 557 2376 575 2395; x_wconf 83' lang='lat'><strong><em>»</em></strong></span> <span class='ocrx_word' id='word_1_201' title='bbox 605 2353 872 2412; x_wconf 86' lang='lat' dir='ltr'>Intelligitur</span> <span class='ocrx_word' id='word_1_202' title='bbox 889 2370 992 2414; x_wconf 86' lang='lat' dir='ltr'>ergo</span> <span class='ocrx_word' id='word_1_203' title='bbox 1019 2354 1234 2410; x_wconf 78' lang='lat' dir='ltr'>Ecclesia,</span> <span class='ocrx_word' id='word_1_204' title='bbox 1261 2370 1361 2414; x_wconf 78' lang='lat' dir='ltr'>quae</span> <span class='ocrx_word' id='word_1_205' title='bbox 1390 2354 1547 2413; x_wconf 83' lang='lat' dir='ltr'>accipit</span> <span class='ocrx_word' id='word_1_206' title='bbox 1572 2353 1759 2397; x_wconf 79' lang='lat' dir='ltr'>haeredi-</span> 
     </span>
     <span class='ocr_line' id='line_1_31' title="bbox 364 2425 1759 2485; baseline 0.001 -18"><span class='ocrx_word' id='word_1_207' title='bbox 364 2433 496 2468; x_wconf 84' lang='lat' dir='ltr'>tatem</span> <span class='ocrx_word' id='word_1_208' title='bbox 513 2425 646 2470; x_wconf 83' lang='lat' dir='ltr'>vitam</span> <span class='ocrx_word' id='word_1_209' title='bbox 663 2435 871 2471; x_wconf 82' lang='lat' dir='ltr'>aeternam</span> <span class='ocrx_word' id='word_1_210' title='bbox 887 2442 965 2485; x_wconf 83' lang='lat' dir='ltr'>per</span> <span class='ocrx_word' id='word_1_211' title='bbox 980 2427 1215 2471; x_wconf 88' lang='lat' dir='ltr'>Dominum</span> <span class='ocrx_word' id='word_1_212' title='bbox 1234 2436 1432 2471; x_wconf 87' lang='lat' dir='ltr'>nostrum</span> <span class='ocrx_word' id='word_1_213' title='bbox 1451 2429 1599 2470; x_wconf 89' lang='lat' dir='ltr'>Jesum</span> <span class='ocrx_word' id='word_1_214' title='bbox 1615 2426 1759 2471; x_wconf 87' lang='lat' dir='ltr'>Chris-</span> 
     </span>
     <span class='ocr_line' id='line_1_32' title="bbox 362 2498 1753 2558; baseline 0.002 -20"><span class='ocrx_word' id='word_1_215' title='bbox 362 2504 480 2551; x_wconf 85' lang='lat' dir='ltr'>tum,</span> <span class='ocrx_word' id='word_1_216' title='bbox 502 2506 551 2540; x_wconf 87' lang='lat' dir='ltr'>ut</span> <span class='ocrx_word' id='word_1_217' title='bbox 578 2498 794 2557; x_wconf 83' lang='lat' dir='ltr'>possideat</span> <span class='ocrx_word' id='word_1_218' title='bbox 814 2498 958 2558; x_wconf 87' lang='lat' dir='ltr'>ipsum</span> <span class='ocrx_word' id='word_1_219' title='bbox 983 2502 1144 2554; x_wconf 87' lang='lat' dir='ltr'>Deum,</span> <span class='ocrx_word' id='word_1_220' title='bbox 1171 2499 1241 2543; x_wconf 90' lang='lat' dir='ltr'>cui</span> <span class='ocrx_word' id='word_1_221' title='bbox 1270 2498 1495 2543; x_wconf 76' lang='lat' dir='ltr'>adhaerens</span> <span class='ocrx_word' id='word_1_222' title='bbox 1526 2499 1653 2542; x_wconf 85' lang='lat' dir='ltr'>beata</span> <span class='ocrx_word' id='word_1_223' title='bbox 1676 2498 1753 2553; x_wconf 86' lang='lat' dir='ltr'>sit,</span> 
     </span>
    </p>
   </div>
   <div class='ocr_carea' id='block_1_11' title="bbox 365 2595 1746 2691">
    <p class='ocr_par' dir='ltr' id='par_1_12' title="bbox 365 2595 1746 2691">
     <span class='ocr_line' id='line_1_33' title="bbox 410 2595 1746 2638; baseline 0.001 -12"><span class='ocrx_word' id='word_1_224' title='bbox 410 2601 420 2616; x_wconf 93' lang='lat'><em>¹</em></span> <span class='ocrx_word' id='word_1_225' title='bbox 442 2605 453 2626; x_wconf 88' lang='lat'>1</span> <span class='ocrx_word' id='word_1_226' title='bbox 474 2596 545 2627; x_wconf 90' lang='lat' dir='ltr'>Cor.</span> <span class='ocrx_word' id='word_1_227' title='bbox 562 2606 618 2637; x_wconf 82' lang='lat' dir='ltr'>xv,</span> <span class='ocrx_word' id='word_1_228' title='bbox 636 2595 691 2637; x_wconf 66' lang='grc'>54.</span> <span class='ocrx_word' id='word_1_229' title='bbox 713 2613 754 2619; x_wconf 90' lang='grc'><strong>-</strong></span> <span class='ocrx_word' id='word_1_230' title='bbox 771 2603 783 2618; x_wconf 77' lang='lat'>²</span> <span class='ocrx_word' id='word_1_231' title='bbox 800 2599 890 2629; x_wconf 78' lang='lat' dir='ltr'>Rom.</span> <span class='ocrx_word' id='word_1_232' title='bbox 910 2608 977 2638; x_wconf 80' lang='lat' dir='ltr'>vin,</span> <span class='ocrx_word' id='word_1_233' title='bbox 991 2596 1046 2631; x_wconf 77' lang='lat'>25.</span> <span class='ocrx_word' id='word_1_234' title='bbox 1065 2595 1293 2636; x_wconf 71' lang='lat' dir='ltr'>-31‘sa1.1x,</span> <span class='ocrx_word' id='word_1_235' title='bbox 1314 2607 1363 2628; x_wconf 87' lang='lat'>10.</span> <span class='ocrx_word' id='word_1_236' title='bbox 1381 2613 1423 2619; x_wconf 89' lang='lat'><em>-</em></span> <span class='ocrx_word' id='word_1_237' title='bbox 1442 2595 1457 2626; x_wconf 75' lang='grc'>4</span> <span class='ocrx_word' id='word_1_238' title='bbox 1477 2598 1548 2628; x_wconf 81' lang='lat' dir='ltr'>Act.</span> <span class='ocrx_word' id='word_1_239' title='bbox 1569 2607 1615 2637; x_wconf 80' lang='grc' dir='ltr'>ιν,</span> <span class='ocrx_word' id='word_1_240' title='bbox 1632 2595 1685 2628; x_wconf 80' lang='lat'>32.</span> <span class='ocrx_word' id='word_1_241' title='bbox 1707 2612 1746 2618; x_wconf 91' lang='lat'>—-</span> 
     </span>
     <span class='ocr_line' id='line_1_34' title="bbox 365 2648 578 2691; baseline 0.009 -11"><span class='ocrx_word' id='word_1_242' title='bbox 365 2648 474 2682; x_wconf 67' lang='lat' dir='ltr'>SPsal.</span> <span class='ocrx_word' id='word_1_243' title='bbox 497 2662 529 2691; x_wconf 89' lang='lat' dir='ltr'>v,</span> <span class='ocrx_word' id='word_1_244' title='bbox 552 2661 578 2682; x_wconf 86' lang='lat'>1.</span> 
     </span>
    </p>
   </div>
  </div>
 </body>
</html>
