1833 3284
428 276 670 304 ENAnuAno
703 278 748 303 IN
781 276 984 304 PsALMUM
1019 278 1081 303 in.
1366 268 1447 305 129

66 341 272 385 «Domini
296 349 360 385 est
378 340 507 385 salus.
526 359 546 383 »
573 340 690 395 Quid
707 356 810 401 ergo
833 343 914 397 ait,
939 341 1019 385 nisi
1043 342 1152 386 hoc?
1173 345 1311 388 Nemo
1334 342 1450 387 dese

61 420 317 470 praesumat,
353 411 562 471 quoniam
593 412 769 455 Domini
796 421 859 456 est
889 411 1026 456 salvos
1057 410 1200 456 facere
1229 412 1284 456 de
1309 422 1451 458 morte

61 481 231 541 peccati
261 500 270 526 :
300 484 441 527 «Nam
475 480 628 526 infelix
650 497 731 541 ego
754 482 911 538 homo,
936 482 1033 543 quis
1056 498 1124 526 me
1154 483 1359 528 liberabit
1396 483 1451 528 de

67 569 87 593 »
123 567 304 612 corpore
327 551 477 597 mortis
498 551 654 612 hujus?
676 553 811 612 gratia
833 553 937 609 Dei,
959 569 1038 613 per
1060 556 1209 598 Jesum
1227 554 1452 599 Christum

0 673 1 676 Ἴ
22 659 25 661 Α
67 641 89 665 »
124 623 360 668 Dominum
373 625 595 667 nostrum¹
611 641 620 665 ε
636 641 656 665 ›>
681 634 732 668 tu
753 633 916 678 autem,
941 626 1141 680 Domine,
1167 624 1353 670 benedic
1374 641 1454 686 po-

65 694 221 755 pulum
242 703 370 738 tuum
392 693 447 738 de
468 703 511 738 te
528 693 714 738 salutem
736 704 996 754 sperantem.

112 767 204 810 ·1x.
239 768 386 810 Potest
408 773 451 809 et
482 765 562 809 iste
590 764 784 809 Psalmus
806 766 942 825 accipi
963 764 1020 810 ad
1045 780 1273 825 personam
1296 768 1456 812 Christi

68 836 152 882 alio
169 835 324 892 modo,
345 835 390 881 id
407 845 491 892 est,
511 846 562 880 ut
578 846 695 881 totus
712 836 935 897 loquatur.
960 840 1092 881 Totus
1109 838 1224 893 dico,
1241 855 1342 883 cum
1364 855 1458 884 cor-

67 923 173 968 pore
190 922 299 962 suo,
324 908 396 952 cui
418 915 550 967 caput
571 916 655 962 est,
680 906 923 951 secundum
943 908 1202 967 Apostolum
1224 910 1302 969 qui
1323 909 1454 954 dicit:

49 998 52 1001 ·
73 998 94 1021 «
126 981 213 1023 Vos
237 987 381 1022 autem
405 977 504 1022 estis
522 993 679 1037 corpus
705 978 865 1023 Christi
882 987 925 1022 et
945 978 1184 1022 membra2.
1207 998 1226 1020 »
1252 982 1370 1038 Ergo
1388 979 1461 1025 ille

69 1057 202 1109 caput
228 1058 292 1093 est
330 1049 462 1109 hujus
495 1048 701 1108 corporis.
728 1051 910 1108 Propter
932 1049 1054 1109 quod
1081 1048 1166 1093 alio
1196 1048 1294 1094 loco
1318 1050 1424 1094 dicit
1448 1068 1460 1094 .-

72 1137 93 1161 «
127 1119 366 1163 Veritatem
384 1128 530 1163 autem
543 1117 749 1162 facientes
762 1119 808 1162 in
822 1119 1049 1175 charitate,
1067 1135 1305 1178 augeamur
1318 1121 1364 1164 in
1386 1120 1462 1165 illo

73 1208 94 1232 »
130 1206 208 1250 per
230 1190 396 1245 omnia,
421 1190 498 1250 qui
525 1199 589 1234 est
615 1199 748 1249 caput
771 1191 988 1245 Christus,
1021 1207 1072 1234 ex
1094 1207 1183 1251 quo
1210 1201 1347 1236 totum
1365 1208 1462 1236 cor-

75 1280 95 1303 »
129 1277 212 1321 pus
225 1276 471 1306 connexum
489 1270 532 1304 et
548 1254 825 1320 compactum
847 1263 950 1305 est3.
967 1279 986 1302 »
1006 1262 1222 1322 Loquitur
1235 1278 1335 1320 ergo
1348 1264 1467 1323 apud

72 1333 335 1393 Prophetam
363 1331 494 1376 simul
521 1330 733 1387 Ecclesia,
761 1341 804 1376 et
826 1341 957 1391 caput
978 1334 1090 1392 ejus,
1118 1333 1231 1377 inter
1257 1334 1467 1393 procellas

72 1405 425 1464 persecutionum
442 1404 678 1448 constituta
701 1419 779 1463 per
795 1403 1047 1448 universum
1066 1405 1217 1449 orbem
1233 1415 1463 1461 terrarum,

73 1474 195 1535 quod
210 1475 300 1534 jam
323 1473 554 1532 contigisse
571 1473 729 1517 scimus
753 1494 762 1518 ;
793 1474 1031 1529 «Domine,
1061 1475 1168 1534 quid
1190 1475 1468 1536 multiplicati

78 1564 98 1587 »
133 1553 235 1589 sunt
248 1544 325 1605 qui
339 1543 550 1588 tribulant
565 1559 650 1599 me,
671 1543 800 1588 multi
818 1545 1292 1604 insurguntadversum
1310 1548 1402 1590 me‘*
1419 1568 1427 1591 :
1445 1567 1464 1589 »

77 1616 374 1663 Christianum
397 1631 559 1659 nomen
580 1616 865 1660 exterminare
879 1617 1118 1676 cupientes.
1140 1637 1159 1659 (ι
1175 1617 1304 1662 Multi
1318 1618 1472 1664 dicunt

78 1708 98 1730 »
135 1687 291 1732 animae
312 1702 421 1730 meae
435 1705 443 1731 2
458 1689 556 1732 Non
580 1695 644 1731 est
659 1685 772 1731 salus
790 1686 853 1730 illi
875 1687 919 1731 in
943 1691 1034 1732 Deo
1056 1689 1187 1748 ejus&
1203 1707 1222 1730 »
1244 1692 1341 1734 Non
1355 1690 1471 1734 enim

77 1758 203 1803 aliter
220 1766 443 1818 sperarent
464 1773 589 1818 posse
611 1773 654 1802 se
676 1758 858 1818 perdere
881 1758 1119 1803 Ecclesiam
1146 1759 1351 1804 latissime
1373 1761 1475 1821 pul-

77 1830 306 1886 lulantcm,
323 1829 404 1874 nisi
417 1828 472 1873 ad
484 1829 560 1874 Dei
581 1845 731 1874 curam
754 1830 971 1889 pertinere
993 1846 1082 1874 non
1101 1831 1343 1875 crederent.
1375 1852 1394 1874 «
1407 1836 1474 1876 Tu

81 1921 101 1944 »
138 1910 300 1956 autem,
320 1900 520 1954 Domine,
535 1910 761 1960 susceptor
783 1916 905 1945 meus
927 1903 1034 1945 es02»
1053 1901 1098 1945 in
1114 1902 1287 1947 Christo
1298 1904 1467 1964 utique.

78 1975 190 2019 Nam
229 1972 276 2015 in
303 1970 381 2015 illo
408 1970 586 2015 homine
621 1980 664 2014 et
693 1971 887 2015 Ecclesia
915 1980 1113 2032 suscepta
1144 1982 1208 2017 est
1239 1990 1262 2017 a
1299 1975 1470 2031 Verbo,

85 2062 106 2086 «
125 2042 256 2096 Quod
278 2056 378 2086 caro
395 2039 560 2084 factum
574 2049 659 2096 est,
684 2050 728 2084 et
749 2041 964 2086 habitavit
985 2042 1030 2085 in
1053 2042 1204 2086 nobis⁷
1225 2062 1234 2087 ε
1260 2061 1279 2085 »
1306 2045 1409 2105 quia
1432 2057 1478 2090 et

79 2114 126 2158 in
147 2112 394 2158 coelestibus
415 2127 494 2155 nos
520 2110 671 2155 sedere
692 2110 795 2155 fecit
816 2128 903 2155 una
920 2127 1023 2156 cum
1044 2112 1119 2157 illo
1132 2115 1165 2157 ⁸.
1193 2115 1473 2159 Praececlente

82 2184 199 2228 enim
219 2183 383 2243 capite,
408 2182 605 2226 membra
626 2191 781 2226 caetera
814 2192 1152 2242 consequentur.
1190 2185 1327 2238 «Quis
1355 2186 1474 2230 enim

85 2273 106 2296 »
141 2269 220 2298 nos
240 2252 455 2313 separabit
476 2268 502 2296 a
528 2252 739 2296 charitate
763 2252 981 2297 Christi⁹i>
1002 2272 1022 2294 »
1066 2256 1201 2298 Recte
1229 2271 1332 2314 ergo
1365 2256 1474 2301 dicit

0 2337 10 2363 ’-
42 2358 46 2359 ⁷
84 2324 215 2369 etiam
242 2323 434 2368 Ecclesia
456 2341 466 2367 ε
497 2342 517 2364 α
535 2325 766 2382 Susceptor
790 2338 914 2367 meus
937 2339 996 2367 es.
1023 2322 1167 2368 Gloria
1189 2340 1300 2369 mea.
1319 2344 1339 2367 »
1375 2329 1475 2372 Non

85 2395 198 2439 enim
218 2394 300 2439 sibi
320 2393 476 2438 tribuit
492 2392 613 2454 quod
630 2392 825 2449 excellit,
848 2408 950 2437 cum
971 2392 1173 2452 intelligit
1196 2397 1320 2457 cujus
1338 2398 1474 2456 gratia

136 2516 145 2533 ¹
174 2511 266 2542 Rom.
290 2518 351 2550 vn,
380 2506 444 2549 24,
477 2506 533 2539 25.
566 2524 608 2529 —-
633 2513 646 2530 ²
672 2518 682 2538 ι
707 2509 768 2540 Cor
787 2519 850 2550 xii,
870 2516 924 2550 27.
946 2524 988 2530 -—
1009 2506 1023 2531 3
1050 2509 1166 2552 Ephes.
1189 2521 1241 2552 iv,
1266 2510 1327 2554 15,
1352 2513 1404 2545 16.
1432 2531 1474 2538 ——-

90 2564 107 2593 Δ
122 2565 205 2598 psal,
225 2576 273 2606 ιιι,
290 2573 323 2596 2.
345 2580 385 2586 --
402 2561 418 2586 ⁵
439 2562 520 2595 lbid.
537 2562 567 2595 3.
599 2579 633 2586 ·-
655 2560 670 2586 6
685 2562 767 2595 Ibid.
788 2561 821 2605 4
835 2579 878 2586 -·
898 2570 911 2597 7
929 2565 1023 2596 Joan.
1039 2575 1061 2604 ι,
1086 2564 1135 2608 14.
1157 2583 1199 2590 —
1221 2564 1237 2589 ⁵³
1255 2568 1371 2611 Ephes.
1386 2582 1424 2612 11,
1441 2570 1474 2603 6.

90 2635 134 2644 —
150 2628 167 2654 9
186 2623 276 2653 Rom.
298 2630 369 2661 vm,
389 2618 442 2651 35.

305 2685 425 2716 CXIV.
1293 2683 1317 2720 9
