<?xml version="1.0" encoding="UTF-8"?>
<!DOCTYPE html PUBLIC "-//W3C//DTD XHTML 1.0 Transitional//EN"
    "http://www.w3.org/TR/xhtml1/DTD/xhtml1-transitional.dtd">
<html xmlns="http://www.w3.org/1999/xhtml" xml:lang="en" lang="en">
 <head>
  <title>
</title>
<meta http-equiv="Content-Type" content="text/html;charset=utf-8" />
  <meta name='ocr-system' content='tesseract 3.04.00' />
  <meta name='ocr-capabilities' content='ocr_page ocr_carea ocr_par ocr_line ocrx_word'/>
</head>
<body>
  <div class='ocr_page' id='page_1' title='image "./operaomniaaccura07auguuoft_0362.png"; bbox 0 0 1833 3284; ppageno 0'>
   <div class='ocr_carea' id='block_1_1' title="bbox 371 249 1307 289">
    <p class='ocr_par' dir='ltr' id='par_1_1' title="bbox 371 249 1307 289">
     <span class='ocr_line' id='line_1_1' title="bbox 371 249 1307 289; baseline -0.001 0"><span class='ocrx_word' id='word_1_1' title='bbox 371 249 456 289; x_wconf 71' lang='lat'>346</span> <span class='ocrx_word' id='word_1_2' title='bbox 791 263 823 289; x_wconf 92' lang='lat' dir='ltr'>s.</span> <span class='ocrx_word' id='word_1_3' title='bbox 860 260 1093 289; x_wconf 74' lang='lat' dir='ltr'>AUGus&#39;rmi</span> <span class='ocrx_word' id='word_1_4' title='bbox 1127 261 1307 289; x_wconf 75' lang='lat' dir='ltr'>El‘lscom</span> 
     </span>
    </p>
   </div>
   <div class='ocr_carea' id='block_1_2' title="bbox 353 328 1767 2537">
    <p class='ocr_par' dir='ltr' id='par_1_2' title="bbox 366 328 1767 1231">
     <span class='ocr_line' id='line_1_2' title="bbox 373 328 1765 385; baseline 0.004 -15"><span class='ocrx_word' id='word_1_5' title='bbox 373 348 393 371; x_wconf 91' lang='lat'>«</span> <span class='ocrx_word' id='word_1_6' title='bbox 429 329 645 381; x_wconf 79' lang='lat' dir='ltr'><strong>Quoniam</strong></span> <span class='ocrx_word' id='word_1_7' title='bbox 673 328 900 374; x_wconf 75' lang='lat' dir='ltr'>abscondit</span> <span class='ocrx_word' id='word_1_8' title='bbox 922 344 990 373; x_wconf 73' lang='lat' dir='ltr'>mc</span> <span class='ocrx_word' id='word_1_9' title='bbox 1012 329 1054 372; x_wconf 89' lang='lat' dir='ltr'>in</span> <span class='ocrx_word' id='word_1_10' title='bbox 1079 328 1356 374; x_wconf 77' lang='lat' dir='ltr'>tabernaculo</span> <span class='ocrx_word' id='word_1_11' title='bbox 1378 331 1477 385; x_wconf 81' lang='lat' dir='ltr'>suo,</span> <span class='ocrx_word' id='word_1_12' title='bbox 1500 329 1542 373; x_wconf 91' lang='lat' dir='ltr'>in</span> <span class='ocrx_word' id='word_1_13' title='bbox 1573 328 1642 373; x_wconf 89' lang='lat' dir='ltr'>die</span> <span class='ocrx_word' id='word_1_14' title='bbox 1671 344 1765 375; x_wconf 85' lang='lat' dir='ltr'>ma·-</span> 
     </span>
     <span class='ocr_line' id='line_1_3' title="bbox 372 399 1766 461; baseline 0.004 -21"><span class='ocrx_word' id='word_1_15' title='bbox 372 418 393 441; x_wconf 79' lang='lat'>&gt;›</span> <span class='ocrx_word' id='word_1_16' title='bbox 428 399 573 444; x_wconf 84' lang='lat' dir='ltr'>lorum</span> <span class='ocrx_word' id='word_1_17' title='bbox 598 416 792 445; x_wconf 89' lang='lat' dir='ltr'>meorum</span> <span class='ocrx_word' id='word_1_18' title='bbox 814 421 822 446; x_wconf 89' lang='lat'>:</span> <span class='ocrx_word' id='word_1_19' title='bbox 849 401 1038 461; x_wconf 82' lang='lat' dir='ltr'>protexit</span> <span class='ocrx_word' id='word_1_20' title='bbox 1060 416 1129 444; x_wconf 89' lang='lat' dir='ltr'>me</span> <span class='ocrx_word' id='word_1_21' title='bbox 1147 401 1193 444; x_wconf 90' lang='lat' dir='ltr'>in</span> <span class='ocrx_word' id='word_1_22' title='bbox 1216 399 1472 446; x_wconf 85' lang='lat' dir='ltr'>abscondito</span> <span class='ocrx_word' id='word_1_23' title='bbox 1495 401 1766 446; x_wconf 79' lang='lat' dir='ltr'>tabernaculi</span> 
     </span>
     <span class='ocr_line' id='line_1_4' title="bbox 373 471 1767 534; baseline 0.004 -22"><span class='ocrx_word' id='word_1_24' title='bbox 373 489 393 513; x_wconf 85' lang='lat'>»</span> <span class='ocrx_word' id='word_1_25' title='bbox 428 471 536 516; x_wconf 81' lang='lat' dir='ltr'>sui&#39;.</span> <span class='ocrx_word' id='word_1_26' title='bbox 571 492 587 513; x_wconf 62' lang='lat' dir='ltr'>x&gt;</span> <span class='ocrx_word' id='word_1_27' title='bbox 615 472 730 526; x_wconf 87' lang='lat' dir='ltr'>Quid</span> <span class='ocrx_word' id='word_1_28' title='bbox 753 482 817 518; x_wconf 87' lang='lat' dir='ltr'>est</span> <span class='ocrx_word' id='word_1_29' title='bbox 839 473 1145 517; x_wconf 85' lang='lat' dir='ltr'>absconditum</span> <span class='ocrx_word' id='word_1_30' title='bbox 1179 472 1450 518; x_wconf 76' lang='lat' dir='ltr'>tabernaculi</span> <span class='ocrx_word' id='word_1_31' title='bbox 1472 473 1638 533; x_wconf 80' lang='lat' dir='ltr'>ipsius?</span> <span class='ocrx_word' id='word_1_32' title='bbox 1657 473 1767 534; x_wconf 88' lang='lat' dir='ltr'>quid</span> 
     </span>
     <span class='ocr_line' id='line_1_5' title="bbox 369 543 1767 605; baseline 0.002 -19"><span class='ocrx_word' id='word_1_33' title='bbox 369 551 433 587; x_wconf 86' lang='lat' dir='ltr'>est</span> <span class='ocrx_word' id='word_1_34' title='bbox 449 543 533 588; x_wconf 86' lang='lat' dir='ltr'>hoc</span> <span class='ocrx_word' id='word_1_35' title='bbox 548 545 566 588; x_wconf 73' lang='lat' dir='ltr'>P</span> <span class='ocrx_word' id='word_1_36' title='bbox 583 544 723 589; x_wconf 83' lang='lat' dir='ltr'>Multa</span> <span class='ocrx_word' id='word_1_37' title='bbox 742 544 857 588; x_wconf 90' lang='lat' dir='ltr'>enim</span> <span class='ocrx_word' id='word_1_38' title='bbox 882 544 1005 605; x_wconf 80' lang='lat' dir='ltr'>quasi</span> <span class='ocrx_word' id='word_1_39' title='bbox 1026 543 1221 588; x_wconf 86' lang='lat' dir='ltr'>membra</span> <span class='ocrx_word' id='word_1_40' title='bbox 1240 544 1511 589; x_wconf 77' lang='lat' dir='ltr'>tabernaculi</span> <span class='ocrx_word' id='word_1_41' title='bbox 1529 544 1767 590; x_wconf 85' lang='lat' dir='ltr'>forinsecus</span> 
     </span>
     <span class='ocr_line' id='line_1_6' title="bbox 368 613 1767 680; baseline 0.002 -21"><span class='ocrx_word' id='word_1_42' title='bbox 368 613 590 659; x_wconf 87' lang='lat' dir='ltr'>videntur.</span> <span class='ocrx_word' id='word_1_43' title='bbox 625 618 682 660; x_wconf 90' lang='lat' dir='ltr'>Et</span> <span class='ocrx_word' id='word_1_44' title='bbox 711 626 769 659; x_wconf 86' lang='lat' dir='ltr'>est</span> <span class='ocrx_word' id='word_1_45' title='bbox 802 616 924 676; x_wconf 80' lang='lat' dir='ltr'>quasi</span> <span class='ocrx_word' id='word_1_46' title='bbox 958 615 1164 675; x_wconf 77' lang='lat' dir='ltr'>adytum,</span> <span class='ocrx_word' id='word_1_47' title='bbox 1199 618 1320 678; x_wconf 88' lang='lat' dir='ltr'>quod</span> <span class='ocrx_word' id='word_1_48' title='bbox 1356 617 1516 661; x_wconf 88' lang='lat' dir='ltr'>dicitur</span> <span class='ocrx_word' id='word_1_49' title='bbox 1545 618 1767 680; x_wconf 84' lang='lat' dir='ltr'>penetrale</span> 
     </span>
     <span class='ocr_line' id='line_1_7' title="bbox 367 685 1765 749; baseline 0.002 -19"><span class='ocrx_word' id='word_1_50' title='bbox 367 695 606 741; x_wconf 87' lang='lat' dir='ltr'>secretum,</span> <span class='ocrx_word' id='word_1_51' title='bbox 639 685 820 731; x_wconf 83' lang='lat' dir='ltr'>interius</span> <span class='ocrx_word' id='word_1_52' title='bbox 853 686 1019 747; x_wconf 86' lang='lat' dir='ltr'>templi.</span> <span class='ocrx_word' id='word_1_53' title='bbox 1046 689 1103 732; x_wconf 90' lang='lat' dir='ltr'>Et</span> <span class='ocrx_word' id='word_1_54' title='bbox 1126 687 1234 748; x_wconf 87' lang='lat' dir='ltr'>quid</span> <span class='ocrx_word' id='word_1_55' title='bbox 1266 697 1329 732; x_wconf 78' lang='lat' dir='ltr'>est</span> <span class='ocrx_word' id='word_1_56' title='bbox 1357 688 1474 732; x_wconf 75' lang='lat' dir='ltr'>hoc?</span> <span class='ocrx_word' id='word_1_57' title='bbox 1496 689 1616 749; x_wconf 89' lang='lat' dir='ltr'>quod</span> <span class='ocrx_word' id='word_1_58' title='bbox 1649 687 1765 734; x_wconf 88' lang='lat' dir='ltr'>solus</span> 
     </span>
     <span class='ocr_line' id='line_1_8' title="bbox 366 756 1766 819; baseline 0.003 -19"><span class='ocrx_word' id='word_1_59' title='bbox 366 756 567 801; x_wconf 82' lang='lat' dir='ltr'>sacerdos</span> <span class='ocrx_word' id='word_1_60' title='bbox 586 757 819 802; x_wconf 79' lang='lat' dir='ltr'>intrabat2.</span> <span class='ocrx_word' id='word_1_61' title='bbox 840 760 899 803; x_wconf 91' lang='lat' dir='ltr'>Et</span> <span class='ocrx_word' id='word_1_62' title='bbox 915 757 1028 802; x_wconf 85' lang='lat' dir='ltr'>forte</span> <span class='ocrx_word' id='word_1_63' title='bbox 1050 758 1141 819; x_wconf 89' lang='lat' dir='ltr'>ipse</span> <span class='ocrx_word' id='word_1_64' title='bbox 1159 758 1357 804; x_wconf 80' lang='lat' dir='ltr'>sacerdos</span> <span class='ocrx_word' id='word_1_65' title='bbox 1375 768 1438 803; x_wconf 89' lang='lat' dir='ltr'>est</span> <span class='ocrx_word' id='word_1_66' title='bbox 1458 758 1766 804; x_wconf 85' lang='lat' dir='ltr'>absconditum</span> 
     </span>
     <span class='ocr_line' id='line_1_9' title="bbox 367 828 1763 890; baseline 0.002 -17"><span class='ocrx_word' id='word_1_67' title='bbox 367 828 639 874; x_wconf 83' lang='lat' dir='ltr'>tabernaculi</span> <span class='ocrx_word' id='word_1_68' title='bbox 655 829 748 874; x_wconf 90' lang='lat' dir='ltr'>Dei.</span> <span class='ocrx_word' id='word_1_69' title='bbox 766 829 948 890; x_wconf 83' lang='lat' dir='ltr'>Accepit</span> <span class='ocrx_word' id='word_1_70' title='bbox 965 829 1082 874; x_wconf 88' lang='lat' dir='ltr'>enim</span> <span class='ocrx_word' id='word_1_71' title='bbox 1099 830 1154 874; x_wconf 88' lang='lat' dir='ltr'>de</span> <span class='ocrx_word' id='word_1_72' title='bbox 1169 831 1251 875; x_wconf 87' lang='lat' dir='ltr'>isto</span> <span class='ocrx_word' id='word_1_73' title='bbox 1269 831 1554 876; x_wconf 86' lang='lat' dir='ltr'>tabernaculo</span> <span class='ocrx_word' id='word_1_74' title='bbox 1571 847 1763 888; x_wconf 88' lang='lat' dir='ltr'>carnem,</span> 
     </span>
     <span class='ocr_line' id='line_1_10' title="bbox 366 898 1766 948; baseline 0.003 -4"><span class='ocrx_word' id='word_1_75' title='bbox 366 909 411 945; x_wconf 88' lang='lat' dir='ltr'>et</span> <span class='ocrx_word' id='word_1_76' title='bbox 440 898 547 945; x_wconf 87' lang='lat' dir='ltr'>fecit</span> <span class='ocrx_word' id='word_1_77' title='bbox 568 901 694 946; x_wconf 84' lang='lat' dir='ltr'>nobis</span> <span class='ocrx_word' id='word_1_78' title='bbox 717 900 1004 946; x_wconf 90' lang='lat' dir='ltr'>abconditum</span> <span class='ocrx_word' id='word_1_79' title='bbox 1032 901 1303 947; x_wconf 84' lang='lat' dir='ltr'>tabernaculi</span> <span class='ocrx_word' id='word_1_80' title='bbox 1325 922 1334 948; x_wconf 77' lang='lat' dir='ltr'>z</span> <span class='ocrx_word' id='word_1_81' title='bbox 1359 912 1410 948; x_wconf 90' lang='lat' dir='ltr'>ut</span> <span class='ocrx_word' id='word_1_82' title='bbox 1431 902 1766 948; x_wconf 86' lang='lat' dir='ltr'>tabernaculum</span> 
     </span>
     <span class='ocr_line' id='line_1_11' title="bbox 366 969 1766 1033; baseline 0.002 -18"><span class='ocrx_word' id='word_1_83' title='bbox 366 972 459 1032; x_wconf 89' lang='lat' dir='ltr'>ejus</span> <span class='ocrx_word' id='word_1_84' title='bbox 482 969 565 1016; x_wconf 86' lang='lat' dir='ltr'>alia</span> <span class='ocrx_word' id='word_1_85' title='bbox 587 972 784 1017; x_wconf 87' lang='lat' dir='ltr'>membra</span> <span class='ocrx_word' id='word_1_86' title='bbox 806 973 940 1033; x_wconf 86' lang='lat' dir='ltr'>ipsius</span> <span class='ocrx_word' id='word_1_87' title='bbox 962 971 1187 1017; x_wconf 86' lang='lat' dir='ltr'>credentes</span> <span class='ocrx_word' id='word_1_88' title='bbox 1209 973 1255 1021; x_wconf 89' lang='lat' dir='ltr'>in</span> <span class='ocrx_word' id='word_1_89' title='bbox 1278 989 1379 1018; x_wconf 88' lang='lat' dir='ltr'>eum</span> <span class='ocrx_word' id='word_1_90' title='bbox 1403 974 1510 1029; x_wconf 76' lang='lat' dir='ltr'>sint,</span> <span class='ocrx_word' id='word_1_91' title='bbox 1532 972 1766 1019; x_wconf 85' lang='lat' dir='ltr'>abscondi-</span> 
     </span>
     <span class='ocr_line' id='line_1_12' title="bbox 368 1044 1767 1105; baseline 0.002 -18"><span class='ocrx_word' id='word_1_92' title='bbox 368 1052 465 1087; x_wconf 88' lang='lat' dir='ltr'>tum</span> <span class='ocrx_word' id='word_1_93' title='bbox 492 1052 639 1089; x_wconf 85' lang='lat' dir='ltr'>autem</span> <span class='ocrx_word' id='word_1_94' title='bbox 666 1044 939 1090; x_wconf 83' lang='lat' dir='ltr'>tabernaculi</span> <span class='ocrx_word' id='word_1_95' title='bbox 967 1044 1058 1105; x_wconf 82' lang='lat' dir='ltr'>ipse</span> <span class='ocrx_word' id='word_1_96' title='bbox 1086 1045 1155 1089; x_wconf 86' lang='lat' dir='ltr'>sit.</span> <span class='ocrx_word' id='word_1_97' title='bbox 1186 1064 1203 1086; x_wconf 89' lang='lat'>«</span> <span class='ocrx_word' id='word_1_98' title='bbox 1235 1045 1400 1090; x_wconf 81' lang='lat' dir='ltr'>Mortui</span> <span class='ocrx_word' id='word_1_99' title='bbox 1422 1045 1540 1089; x_wconf 87' lang='lat' dir='ltr'>enim</span> <span class='ocrx_word' id='word_1_100' title='bbox 1562 1045 1683 1100; x_wconf 85' lang='lat' dir='ltr'>estis,</span> <span class='ocrx_word' id='word_1_101' title='bbox 1707 1045 1767 1090; x_wconf 87' lang='lat' dir='ltr'>ait</span> 
     </span>
     <span class='ocr_line' id='line_1_13' title="bbox 369 1115 1766 1175; baseline 0.004 -19"><span class='ocrx_word' id='word_1_102' title='bbox 369 1132 390 1156; x_wconf 90' lang='lat'>»</span> <span class='ocrx_word' id='word_1_103' title='bbox 425 1115 683 1175; x_wconf 75' lang='lat' dir='ltr'>Apostolus,</span> <span class='ocrx_word' id='word_1_104' title='bbox 709 1125 753 1160; x_wconf 88' lang='lat' dir='ltr'>et</span> <span class='ocrx_word' id='word_1_105' title='bbox 774 1116 862 1161; x_wconf 88' lang='lat' dir='ltr'>vita</span> <span class='ocrx_word' id='word_1_106' title='bbox 883 1126 1023 1161; x_wconf 85' lang='lat' dir='ltr'>vestra</span> <span class='ocrx_word' id='word_1_107' title='bbox 1047 1115 1301 1161; x_wconf 85' lang='lat' dir='ltr'>abscondita</span> <span class='ocrx_word' id='word_1_108' title='bbox 1324 1124 1387 1160; x_wconf 88' lang='lat' dir='ltr'>est</span> <span class='ocrx_word' id='word_1_109' title='bbox 1407 1131 1509 1161; x_wconf 90' lang='lat' dir='ltr'>cum</span> <span class='ocrx_word' id='word_1_110' title='bbox 1526 1116 1698 1162; x_wconf 83' lang='lat' dir='ltr'>Christo</span> <span class='ocrx_word' id='word_1_111' title='bbox 1720 1119 1766 1161; x_wconf 91' lang='lat' dir='ltr'>in</span> 
     </span>
     <span class='ocr_line' id='line_1_14' title="bbox 372 1187 606 1231; baseline 0.004 -5"><span class='ocrx_word' id='word_1_112' title='bbox 372 1202 392 1227; x_wconf 85' lang='lat'>»</span> <span class='ocrx_word' id='word_1_113' title='bbox 428 1187 562 1231; x_wconf 77' lang='lat' dir='ltr'>Deo3.</span> <span class='ocrx_word' id='word_1_114' title='bbox 589 1206 606 1228; x_wconf 87' lang='lat'>»</span> 
     </span>
    </p>

    <p class='ocr_par' dir='ltr' id='par_1_3' title="bbox 353 1258 1767 2537">
     <span class='ocr_line' id='line_1_15' title="bbox 424 1258 1767 1319; baseline 0.001 -18"><span class='ocrx_word' id='word_1_115' title='bbox 424 1259 503 1301; x_wconf 84' lang='lat' dir='ltr'>XI.</span> <span class='ocrx_word' id='word_1_116' title='bbox 548 1260 617 1302; x_wconf 83' lang='lat' dir='ltr'>An</span> <span class='ocrx_word' id='word_1_117' title='bbox 648 1258 713 1303; x_wconf 90' lang='lat' dir='ltr'>vis</span> <span class='ocrx_word' id='word_1_118' title='bbox 744 1273 870 1303; x_wconf 85' lang='lat' dir='ltr'>nosse</span> <span class='ocrx_word' id='word_1_119' title='bbox 911 1258 1014 1319; x_wconf 87' lang='lat' dir='ltr'>quia</span> <span class='ocrx_word' id='word_1_120' title='bbox 1049 1258 1150 1302; x_wconf 88' lang='lat' dir='ltr'>inde</span> <span class='ocrx_word' id='word_1_121' title='bbox 1183 1258 1320 1303; x_wconf 79' lang='lat' dir='ltr'>dicit?</span> <span class='ocrx_word' id='word_1_122' title='bbox 1353 1261 1480 1303; x_wconf 88' lang='lat' dir='ltr'>Petra</span> <span class='ocrx_word' id='word_1_123' title='bbox 1513 1273 1671 1318; x_wconf 87' lang='lat' dir='ltr'>nempe</span> <span class='ocrx_word' id='word_1_124' title='bbox 1702 1267 1767 1303; x_wconf 87' lang='lat' dir='ltr'>est</span> 
     </span>
     <span class='ocr_line' id='line_1_16' title="bbox 364 1328 1765 1392; baseline 0 -17"><span class='ocrx_word' id='word_1_125' title='bbox 364 1329 606 1375; x_wconf 45' lang='lat' dir='ltr'>Christus&amp;</span> <span class='ocrx_word' id='word_1_126' title='bbox 628 1329 789 1375; x_wconf 87' lang='lat' dir='ltr'>Audite</span> <span class='ocrx_word' id='word_1_127' title='bbox 812 1330 920 1391; x_wconf 86' lang='lat' dir='ltr'>quid</span> <span class='ocrx_word' id='word_1_128' title='bbox 937 1328 1158 1392; x_wconf 75' lang='lat' dir='ltr'>sequitur:</span> <span class='ocrx_word' id='word_1_129' title='bbox 1182 1350 1198 1371; x_wconf 69' lang='grc' dir='ltr'>ε(</span> <span class='ocrx_word' id='word_1_130' title='bbox 1219 1331 1436 1385; x_wconf 83' lang='lat' dir='ltr'>Quoniam</span> <span class='ocrx_word' id='word_1_131' title='bbox 1455 1329 1765 1375; x_wconf 87' lang='lat' dir='ltr'>absconditme</span> 
     </span>
     <span class='ocr_line' id='line_1_17' title="bbox 368 1401 1765 1462; baseline 0.003 -20"><span class='ocrx_word' id='word_1_132' title='bbox 368 1419 389 1443; x_wconf 87' lang='lat'>»</span> <span class='ocrx_word' id='word_1_133' title='bbox 424 1401 470 1445; x_wconf 89' lang='lat' dir='ltr'>in</span> <span class='ocrx_word' id='word_1_134' title='bbox 499 1401 785 1447; x_wconf 88' lang='lat' dir='ltr'>tabernaculo</span> <span class='ocrx_word' id='word_1_135' title='bbox 809 1418 886 1447; x_wconf 90' lang='lat' dir='ltr'>suo</span> <span class='ocrx_word' id='word_1_136' title='bbox 915 1403 960 1446; x_wconf 85' lang='lat' dir='ltr'>in</span> <span class='ocrx_word' id='word_1_137' title='bbox 981 1401 1051 1446; x_wconf 89' lang='lat' dir='ltr'>die</span> <span class='ocrx_word' id='word_1_138' title='bbox 1073 1401 1291 1446; x_wconf 89' lang='lat' dir='ltr'>malorum</span> <span class='ocrx_word' id='word_1_139' title='bbox 1320 1418 1518 1446; x_wconf 91' lang='lat' dir='ltr'>meorum</span> <span class='ocrx_word' id='word_1_140' title='bbox 1543 1421 1551 1447; x_wconf 91' lang='grc'>;</span> <span class='ocrx_word' id='word_1_141' title='bbox 1577 1402 1765 1462; x_wconf 89' lang='lat' dir='ltr'>protexit</span> 
     </span>
     <span class='ocr_line' id='line_1_18' title="bbox 367 1471 1765 1534; baseline 0.002 -20"><span class='ocrx_word' id='word_1_142' title='bbox 367 1490 387 1513; x_wconf 78' lang='lat'>&gt;›</span> <span class='ocrx_word' id='word_1_143' title='bbox 423 1487 493 1516; x_wconf 88' lang='lat' dir='ltr'>me</span> <span class='ocrx_word' id='word_1_144' title='bbox 517 1474 560 1517; x_wconf 91' lang='lat' dir='ltr'>in</span> <span class='ocrx_word' id='word_1_145' title='bbox 585 1472 844 1517; x_wconf 87' lang='lat' dir='ltr'>abscondito</span> <span class='ocrx_word' id='word_1_146' title='bbox 869 1472 1140 1518; x_wconf 81' lang='lat' dir='ltr'>tabernaculi</span> <span class='ocrx_word' id='word_1_147' title='bbox 1162 1473 1243 1517; x_wconf 85' lang='lat' dir='ltr'>sui.</span> <span class='ocrx_word' id='word_1_148' title='bbox 1276 1493 1293 1514; x_wconf 84' lang='lat'>»</span> <span class='ocrx_word' id='word_1_149' title='bbox 1320 1473 1555 1527; x_wconf 83' lang='lat' dir='ltr'>Quaerebas</span> <span class='ocrx_word' id='word_1_150' title='bbox 1581 1471 1688 1534; x_wconf 88' lang='lat' dir='ltr'>quid</span> <span class='ocrx_word' id='word_1_151' title='bbox 1710 1473 1765 1518; x_wconf 90' lang='lat' dir='ltr'>sit</span> 
     </span>
     <span class='ocr_line' id='line_1_19' title="bbox 363 1543 1764 1605; baseline 0 -17"><span class='ocrx_word' id='word_1_152' title='bbox 363 1543 672 1589; x_wconf 83' lang='lat' dir='ltr'>absconditum</span> <span class='ocrx_word' id='word_1_153' title='bbox 690 1544 982 1600; x_wconf 79' lang='lat' dir='ltr'>tabernaculi,</span> <span class='ocrx_word' id='word_1_154' title='bbox 1004 1543 1107 1588; x_wconf 89' lang='lat' dir='ltr'>audi</span> <span class='ocrx_word' id='word_1_155' title='bbox 1125 1543 1247 1605; x_wconf 88' lang='lat' dir='ltr'>quod</span> <span class='ocrx_word' id='word_1_156' title='bbox 1269 1545 1470 1605; x_wconf 85' lang='lat' dir='ltr'>sequitur</span> <span class='ocrx_word' id='word_1_157' title='bbox 1491 1563 1500 1589; x_wconf 79' lang='lat' dir='ltr'>z</span> <span class='ocrx_word' id='word_1_158' title='bbox 1527 1562 1543 1585; x_wconf 89' lang='lat'>«</span> <span class='ocrx_word' id='word_1_159' title='bbox 1566 1547 1619 1588; x_wconf 92' lang='lat' dir='ltr'>In</span> <span class='ocrx_word' id='word_1_160' title='bbox 1637 1547 1764 1589; x_wconf 84' lang='lat' dir='ltr'>Petra</span> 
     </span>
     <span class='ocr_line' id='line_1_20' title="bbox 365 1614 1764 1675; baseline 0.003 -20"><span class='ocrx_word' id='word_1_161' title='bbox 365 1632 385 1655; x_wconf 77' lang='lat'>&gt;›</span> <span class='ocrx_word' id='word_1_162' title='bbox 422 1614 620 1659; x_wconf 80' lang='lat' dir='ltr'>exaltavit</span> <span class='ocrx_word' id='word_1_163' title='bbox 643 1630 728 1659; x_wconf 89' lang='lat' dir='ltr'>me.</span> <span class='ocrx_word' id='word_1_164' title='bbox 761 1636 778 1657; x_wconf 85' lang='lat'>»</span> <span class='ocrx_word' id='word_1_165' title='bbox 805 1619 920 1675; x_wconf 78' lang='lat' dir='ltr'>Ergo</span> <span class='ocrx_word' id='word_1_166' title='bbox 947 1616 993 1659; x_wconf 88' lang='lat' dir='ltr'>in</span> <span class='ocrx_word' id='word_1_167' title='bbox 1023 1615 1196 1660; x_wconf 88' lang='lat' dir='ltr'>Christo</span> <span class='ocrx_word' id='word_1_168' title='bbox 1219 1614 1426 1660; x_wconf 83' lang='lat' dir='ltr'>exaltavit</span> <span class='ocrx_word' id='word_1_169' title='bbox 1456 1630 1542 1659; x_wconf 88' lang='lat' dir='ltr'>me.</span> <span class='ocrx_word' id='word_1_170' title='bbox 1575 1615 1687 1669; x_wconf 87' lang='lat' dir='ltr'>Quia</span> <span class='ocrx_word' id='word_1_171' title='bbox 1718 1615 1764 1659; x_wconf 88' lang='lat' dir='ltr'>in</span> 
     </span>
     <span class='ocr_line' id='line_1_21' title="bbox 362 1685 1763 1746; baseline 0.001 -17"><span class='ocrx_word' id='word_1_172' title='bbox 362 1686 542 1746; x_wconf 88' lang='lat' dir='ltr'>pulvere</span> <span class='ocrx_word' id='word_1_173' title='bbox 562 1686 799 1731; x_wconf 81' lang='lat' dir='ltr'>humiliasti</span> <span class='ocrx_word' id='word_1_174' title='bbox 822 1696 886 1743; x_wconf 86' lang='lat' dir='ltr'>te,</span> <span class='ocrx_word' id='word_1_175' title='bbox 912 1687 958 1730; x_wconf 89' lang='lat' dir='ltr'>in</span> <span class='ocrx_word' id='word_1_176' title='bbox 980 1696 1104 1746; x_wconf 88' lang='lat' dir='ltr'>petra</span> <span class='ocrx_word' id='word_1_177' title='bbox 1134 1685 1339 1731; x_wconf 75' lang='lat' dir='ltr'>exaltavit</span> <span class='ocrx_word' id='word_1_178' title='bbox 1365 1695 1423 1730; x_wconf 86' lang='lat' dir='ltr'>te.</span> <span class='ocrx_word' id='word_1_179' title='bbox 1453 1685 1537 1731; x_wconf 87' lang='lat' dir='ltr'>Sed</span> <span class='ocrx_word' id='word_1_180' title='bbox 1565 1686 1763 1731; x_wconf 88' lang='lat' dir='ltr'>Christus</span> 
     </span>
     <span class='ocr_line' id='line_1_22' title="bbox 361 1756 1759 1818; baseline 0.001 -17"><span class='ocrx_word' id='word_1_181' title='bbox 361 1773 531 1802; x_wconf 85' lang='lat' dir='ltr'>sursum</span> <span class='ocrx_word' id='word_1_182' title='bbox 560 1767 644 1814; x_wconf 89' lang='lat' dir='ltr'>est,</span> <span class='ocrx_word' id='word_1_183' title='bbox 671 1768 721 1802; x_wconf 92' lang='lat' dir='ltr'>tu</span> <span class='ocrx_word' id='word_1_184' title='bbox 752 1767 900 1802; x_wconf 85' lang='lat' dir='ltr'>autem</span> <span class='ocrx_word' id='word_1_185' title='bbox 930 1759 1074 1802; x_wconf 87' lang='lat' dir='ltr'>adhuc</span> <span class='ocrx_word' id='word_1_186' title='bbox 1109 1757 1328 1802; x_wconf 82' lang='lat' dir='ltr'>deorsum.</span> <span class='ocrx_word' id='word_1_187' title='bbox 1363 1756 1481 1802; x_wconf 87' lang='lat' dir='ltr'>Audi</span> <span class='ocrx_word' id='word_1_188' title='bbox 1503 1758 1759 1818; x_wconf 82' lang='lat' dir='ltr'>sequentia:</span> 
     </span>
     <span class='ocr_line' id='line_1_23' title="bbox 364 1828 1757 1890; baseline 0.004 -21"><span class='ocrx_word' id='word_1_189' title='bbox 364 1847 384 1870; x_wconf 85' lang='lat'>»</span> <span class='ocrx_word' id='word_1_190' title='bbox 421 1832 478 1873; x_wconf 91' lang='lat' dir='ltr'>Et</span> <span class='ocrx_word' id='word_1_191' title='bbox 505 1845 624 1873; x_wconf 88' lang='lat' dir='ltr'>nunc</span> <span class='ocrx_word' id='word_1_192' title='bbox 646 1829 851 1874; x_wconf 80' lang='lat' dir='ltr'>exaltavit</span> <span class='ocrx_word' id='word_1_193' title='bbox 879 1839 1010 1890; x_wconf 88' lang='lat' dir='ltr'>eaput</span> <span class='ocrx_word' id='word_1_194' title='bbox 1041 1845 1190 1873; x_wconf 90' lang='lat' dir='ltr'>meum</span> <span class='ocrx_word' id='word_1_195' title='bbox 1223 1844 1354 1889; x_wconf 88' lang='lat' dir='ltr'>super</span> <span class='ocrx_word' id='word_1_196' title='bbox 1375 1828 1573 1873; x_wconf 85' lang='lat' dir='ltr'>inimicos</span> <span class='ocrx_word' id='word_1_197' title='bbox 1594 1832 1757 1874; x_wconf 82' lang='lat' dir='ltr'>meos⁵.</span> 
     </span>
     <span class='ocr_line' id='line_1_24' title="bbox 364 1898 1762 1962; baseline 0.004 -21"><span class='ocrx_word' id='word_1_198' title='bbox 364 1918 384 1942; x_wconf 90' lang='lat'>»</span> <span class='ocrx_word' id='word_1_199' title='bbox 420 1903 477 1945; x_wconf 88' lang='lat' dir='ltr'>Et</span> <span class='ocrx_word' id='word_1_200' title='bbox 499 1917 634 1955; x_wconf 89' lang='lat' dir='ltr'>nunc,</span> <span class='ocrx_word' id='word_1_201' title='bbox 655 1920 675 1943; x_wconf 73' lang='lat'>³&gt;</span> <span class='ocrx_word' id='word_1_202' title='bbox 694 1911 928 1962; x_wconf 82' lang='lat' dir='ltr'>antequam</span> <span class='ocrx_word' id='word_1_203' title='bbox 946 1900 1117 1945; x_wconf 89' lang='lat' dir='ltr'>veniam</span> <span class='ocrx_word' id='word_1_204' title='bbox 1134 1899 1190 1945; x_wconf 89' lang='lat' dir='ltr'>ad</span> <span class='ocrx_word' id='word_1_205' title='bbox 1209 1899 1329 1944; x_wconf 88' lang='lat' dir='ltr'>illam</span> <span class='ocrx_word' id='word_1_206' title='bbox 1343 1898 1540 1956; x_wconf 88' lang='lat' dir='ltr'>domum,</span> <span class='ocrx_word' id='word_1_207' title='bbox 1561 1900 1639 1945; x_wconf 86' lang='lat' dir='ltr'>ubi</span> <span class='ocrx_word' id='word_1_208' title='bbox 1659 1900 1762 1947; x_wconf 91' lang='lat' dir='ltr'>volo</span> 
     </span>
     <span class='ocr_line' id='line_1_25' title="bbox 358 1972 1762 2033; baseline 0.001 -16"><span class='ocrx_word' id='word_1_209' title='bbox 358 1972 557 2017; x_wconf 88' lang='lat' dir='ltr'>habitare</span> <span class='ocrx_word' id='word_1_210' title='bbox 575 1989 652 2033; x_wconf 79' lang='lat' dir='ltr'>per</span> <span class='ocrx_word' id='word_1_211' title='bbox 675 1990 826 2018; x_wconf 86' lang='lat' dir='ltr'>omnes</span> <span class='ocrx_word' id='word_1_212' title='bbox 856 1973 946 2018; x_wconf 89' lang='lat' dir='ltr'>dies</span> <span class='ocrx_word' id='word_1_213' title='bbox 968 1973 1070 2018; x_wconf 76' lang='lat' dir='ltr'>vitae</span> <span class='ocrx_word' id='word_1_214' title='bbox 1098 1988 1228 2023; x_wconf 75' lang='lat' dir='ltr'>meae,</span> <span class='ocrx_word' id='word_1_215' title='bbox 1250 1982 1487 2033; x_wconf 85' lang='lat' dir='ltr'>antequam</span> <span class='ocrx_word' id='word_1_216' title='bbox 1508 1973 1681 2017; x_wconf 88' lang='lat' dir='ltr'>veniam</span> <span class='ocrx_word' id='word_1_217' title='bbox 1705 1973 1762 2018; x_wconf 82' lang='lat' dir='ltr'>ad</span> 
     </span>
     <span class='ocr_line' id='line_1_26' title="bbox 356 2044 1761 2106; baseline 0 -16"><span class='ocrx_word' id='word_1_218' title='bbox 356 2044 476 2090; x_wconf 85' lang='lat' dir='ltr'>illam</span> <span class='ocrx_word' id='word_1_219' title='bbox 494 2045 912 2106; x_wconf 85' lang='lat' dir='ltr'>contemplationem</span> <span class='ocrx_word' id='word_1_220' title='bbox 934 2045 1125 2101; x_wconf 83' lang='lat' dir='ltr'>Domini,</span> <span class='ocrx_word' id='word_1_221' title='bbox 1149 2065 1165 2086; x_wconf 82' lang='lat'>«</span> <span class='ocrx_word' id='word_1_222' title='bbox 1193 2048 1250 2090; x_wconf 92' lang='lat' dir='ltr'>Et</span> <span class='ocrx_word' id='word_1_223' title='bbox 1270 2060 1390 2090; x_wconf 88' lang='lat' dir='ltr'>nunc</span> <span class='ocrx_word' id='word_1_224' title='bbox 1409 2045 1612 2090; x_wconf 79' lang='lat' dir='ltr'>exaltavit</span> <span class='ocrx_word' id='word_1_225' title='bbox 1628 2055 1761 2105; x_wconf 89' lang='lat' dir='ltr'>caput</span> 
     </span>
     <span class='ocr_line' id='line_1_27' title="bbox 359 2115 1759 2177; baseline 0.004 -21"><span class='ocrx_word' id='word_1_226' title='bbox 359 2135 379 2157; x_wconf 85' lang='lat'>»</span> <span class='ocrx_word' id='word_1_227' title='bbox 415 2132 562 2161; x_wconf 89' lang='lat' dir='ltr'>meum</span> <span class='ocrx_word' id='word_1_228' title='bbox 596 2133 727 2177; x_wconf 85' lang='lat' dir='ltr'>super</span> <span class='ocrx_word' id='word_1_229' title='bbox 748 2116 948 2162; x_wconf 83' lang='lat' dir='ltr'>inimicos</span> <span class='ocrx_word' id='word_1_230' title='bbox 980 2132 1114 2161; x_wconf 84' lang='lat' dir='ltr'>meos.</span> <span class='ocrx_word' id='word_1_231' title='bbox 1145 2135 1165 2158; x_wconf 86' lang='lat'>»</span> <span class='ocrx_word' id='word_1_232' title='bbox 1197 2115 1356 2161; x_wconf 86' lang='lat' dir='ltr'>Adhuc</span> <span class='ocrx_word' id='word_1_233' title='bbox 1385 2117 1529 2176; x_wconf 84' lang='lat' dir='ltr'>patior</span> <span class='ocrx_word' id='word_1_234' title='bbox 1560 2116 1759 2162; x_wconf 81' lang='lat' dir='ltr'>inimicos</span> 
     </span>
     <span class='ocr_line' id='line_1_28' title="bbox 355 2187 1758 2248; baseline -0.001 -15"><span class='ocrx_word' id='word_1_235' title='bbox 355 2189 551 2248; x_wconf 84' lang='lat' dir='ltr'>corporis</span> <span class='ocrx_word' id='word_1_236' title='bbox 574 2189 759 2245; x_wconf 82' lang='lat' dir='ltr'>Christi,</span> <span class='ocrx_word' id='word_1_237' title='bbox 781 2188 927 2233; x_wconf 86' lang='lat' dir='ltr'>adhuc</span> <span class='ocrx_word' id='word_1_238' title='bbox 958 2204 1047 2233; x_wconf 86' lang='lat' dir='ltr'>non</span> <span class='ocrx_word' id='word_1_239' title='bbox 1074 2204 1171 2233; x_wconf 87' lang='lat' dir='ltr'>sum</span> <span class='ocrx_word' id='word_1_240' title='bbox 1200 2187 1413 2232; x_wconf 88' lang='lat' dir='ltr'>exaltatus</span> <span class='ocrx_word' id='word_1_241' title='bbox 1448 2204 1578 2248; x_wconf 86' lang='lat' dir='ltr'>super</span> <span class='ocrx_word' id='word_1_242' title='bbox 1610 2188 1758 2232; x_wconf 88' lang='lat' dir='ltr'>inimi-</span> 
     </span>
     <span class='ocr_line' id='line_1_29' title="bbox 355 2258 1752 2321; baseline -0.003 -16"><span class='ocrx_word' id='word_1_243' title='bbox 355 2276 454 2305; x_wconf 86' lang='lat' dir='ltr'>cos:</span> <span class='ocrx_word' id='word_1_244' title='bbox 480 2261 571 2317; x_wconf 88' lang='lat' dir='ltr'>sed,</span> <span class='ocrx_word' id='word_1_245' title='bbox 594 2281 610 2301; x_wconf 92' lang='lat'>«</span> <span class='ocrx_word' id='word_1_246' title='bbox 635 2263 779 2321; x_wconf 88' lang='lat' dir='ltr'>Caput</span> <span class='ocrx_word' id='word_1_247' title='bbox 803 2276 950 2305; x_wconf 86' lang='lat' dir='ltr'>meum</span> <span class='ocrx_word' id='word_1_248' title='bbox 978 2259 1183 2304; x_wconf 85' lang='lat' dir='ltr'>exaltavit</span> <span class='ocrx_word' id='word_1_249' title='bbox 1209 2275 1339 2319; x_wconf 86' lang='lat' dir='ltr'>super</span> <span class='ocrx_word' id='word_1_250' title='bbox 1357 2258 1556 2304; x_wconf 89' lang='lat' dir='ltr'>inimicos</span> <span class='ocrx_word' id='word_1_251' title='bbox 1578 2275 1712 2305; x_wconf 84' lang='lat' dir='ltr'>meos.</span> <span class='ocrx_word' id='word_1_252' title='bbox 1735 2281 1752 2301; x_wconf 89' lang='lat'>»</span> 
     </span>
     <span class='ocr_line' id='line_1_30' title="bbox 354 2332 1756 2395; baseline -0.001 -17"><span class='ocrx_word' id='word_1_253' title='bbox 354 2336 452 2378; x_wconf 89' lang='lat' dir='ltr'>Jam</span> <span class='ocrx_word' id='word_1_254' title='bbox 484 2344 616 2395; x_wconf 89' lang='lat' dir='ltr'>caput</span> <span class='ocrx_word' id='word_1_255' title='bbox 649 2344 847 2379; x_wconf 87' lang='lat' dir='ltr'>nostrum</span> <span class='ocrx_word' id='word_1_256' title='bbox 876 2333 1073 2379; x_wconf 86' lang='lat' dir='ltr'>Christus</span> <span class='ocrx_word' id='word_1_257' title='bbox 1101 2333 1145 2376; x_wconf 91' lang='lat' dir='ltr'>in</span> <span class='ocrx_word' id='word_1_258' title='bbox 1170 2332 1283 2377; x_wconf 83' lang='lat' dir='ltr'>coelo</span> <span class='ocrx_word' id='word_1_259' title='bbox 1315 2342 1398 2388; x_wconf 82' lang='lat' dir='ltr'>est,</span> <span class='ocrx_word' id='word_1_260' title='bbox 1424 2332 1569 2377; x_wconf 87' lang='lat' dir='ltr'>adhuc</span> <span class='ocrx_word' id='word_1_261' title='bbox 1593 2332 1756 2377; x_wconf 89' lang='lat' dir='ltr'>inimici</span> 
     </span>
     <span class='ocr_line' id='line_1_31' title="bbox 354 2403 1754 2466; baseline 0 -17"><span class='ocrx_word' id='word_1_262' title='bbox 354 2406 488 2449; x_wconf 87' lang='lat' dir='ltr'>nostri</span> <span class='ocrx_word' id='word_1_263' title='bbox 513 2416 695 2466; x_wconf 89' lang='lat' dir='ltr'>possunt</span> <span class='ocrx_word' id='word_1_264' title='bbox 714 2406 761 2449; x_wconf 89' lang='lat' dir='ltr'>in</span> <span class='ocrx_word' id='word_1_265' title='bbox 776 2422 854 2450; x_wconf 87' lang='lat' dir='ltr'>nos</span> <span class='ocrx_word' id='word_1_266' title='bbox 871 2405 1045 2450; x_wconf 81' lang='lat' dir='ltr'>saevire:</span> <span class='ocrx_word' id='word_1_267' title='bbox 1067 2404 1267 2448; x_wconf 89' lang='lat' dir='ltr'>nondum</span> <span class='ocrx_word' id='word_1_268' title='bbox 1297 2420 1446 2448; x_wconf 87' lang='lat' dir='ltr'>sumus</span> <span class='ocrx_word' id='word_1_269' title='bbox 1473 2403 1647 2448; x_wconf 88' lang='lat' dir='ltr'>exaltati</span> <span class='ocrx_word' id='word_1_270' title='bbox 1677 2420 1754 2449; x_wconf 86' lang='lat' dir='ltr'>su-</span> 
     </span>
     <span class='ocr_line' id='line_1_32' title="bbox 353 2474 1749 2537; baseline -0.001 -18"><span class='ocrx_word' id='word_1_271' title='bbox 353 2491 431 2535; x_wconf 89' lang='lat' dir='ltr'>per</span> <span class='ocrx_word' id='word_1_272' title='bbox 452 2474 574 2534; x_wconf 74' lang='lat' dir='ltr'>illos,</span> <span class='ocrx_word' id='word_1_273' title='bbox 594 2477 670 2521; x_wconf 82' lang='lat' dir='ltr'>sed</span> <span class='ocrx_word' id='word_1_274' title='bbox 691 2486 824 2537; x_wconf 88' lang='lat' dir='ltr'>caput</span> <span class='ocrx_word' id='word_1_275' title='bbox 845 2485 1043 2522; x_wconf 86' lang='lat' dir='ltr'>nostrum</span> <span class='ocrx_word' id='word_1_276' title='bbox 1060 2476 1150 2535; x_wconf 86' lang='lat' dir='ltr'>jam</span> <span class='ocrx_word' id='word_1_277' title='bbox 1172 2475 1232 2519; x_wconf 91' lang='lat' dir='ltr'>ibi</span> <span class='ocrx_word' id='word_1_278' title='bbox 1255 2484 1317 2520; x_wconf 87' lang='lat' dir='ltr'>est</span> <span class='ocrx_word' id='word_1_279' title='bbox 1336 2495 1345 2520; x_wconf 91' lang='grc'>;</span> <span class='ocrx_word' id='word_1_280' title='bbox 1371 2474 1490 2519; x_wconf 87' lang='lat' dir='ltr'>unde</span> <span class='ocrx_word' id='word_1_281' title='bbox 1512 2475 1596 2520; x_wconf 90' lang='lat' dir='ltr'>hoc</span> <span class='ocrx_word' id='word_1_282' title='bbox 1615 2474 1749 2519; x_wconf 86' lang='lat' dir='ltr'>dixit:</span> 
     </span>
    </p>
   </div>
   <div class='ocr_carea' id='block_1_3' title="bbox 354 2571 1745 2671">
    <p class='ocr_par' dir='ltr' id='par_1_4' title="bbox 354 2571 1745 2671">
     <span class='ocr_line' id='line_1_33' title="bbox 401 2571 1745 2615; baseline 0.001 -11"><span class='ocrx_word' id='word_1_283' title='bbox 401 2579 410 2595; x_wconf 91' lang='lat'><em>¹</em></span> <span class='ocrx_word' id='word_1_284' title='bbox 430 2572 612 2615; x_wconf 74' lang='lat' dir='ltr'>Psatxxw,</span> <span class='ocrx_word' id='word_1_285' title='bbox 637 2573 668 2605; x_wconf 89' lang='lat'>5.</span> <span class='ocrx_word' id='word_1_286' title='bbox 691 2591 732 2597; x_wconf 89' lang='lat'><em>-</em></span> <span class='ocrx_word' id='word_1_287' title='bbox 752 2581 765 2597; x_wconf 84' lang='lat'>²</span> <span class='ocrx_word' id='word_1_288' title='bbox 790 2574 887 2607; x_wconf 87' lang='lat' dir='ltr'>Hebr.</span> <span class='ocrx_word' id='word_1_289' title='bbox 913 2585 967 2613; x_wconf 72' lang='lat' dir='ltr'>tx,</span> <span class='ocrx_word' id='word_1_290' title='bbox 992 2574 1022 2605; x_wconf 83' lang='lat'>3.</span> <span class='ocrx_word' id='word_1_291' title='bbox 1040 2591 1082 2596; x_wconf 89' lang='lat'>--</span> <span class='ocrx_word' id='word_1_292' title='bbox 1107 2571 1120 2596; x_wconf 87' lang='lat'>3</span> <span class='ocrx_word' id='word_1_293' title='bbox 1147 2573 1269 2606; x_wconf 80' lang='lat' dir='ltr'>Coloss.</span> <span class='ocrx_word' id='word_1_294' title='bbox 1296 2585 1340 2605; x_wconf 86' lang='grc' dir='ltr'>ιιι.</span> <span class='ocrx_word' id='word_1_295' title='bbox 1364 2571 1438 2602; x_wconf 79' lang='lat'>-4</span> <span class='ocrx_word' id='word_1_296' title='bbox 1460 2584 1471 2604; x_wconf 77' lang='grc' dir='ltr'><em>ι</em></span> <span class='ocrx_word' id='word_1_297' title='bbox 1493 2574 1566 2605; x_wconf 92' lang='lat' dir='ltr'>Cor.</span> <span class='ocrx_word' id='word_1_298' title='bbox 1588 2584 1621 2615; x_wconf 81' lang='lat' dir='ltr'>x,</span> <span class='ocrx_word' id='word_1_299' title='bbox 1646 2571 1679 2615; x_wconf 79' lang='grc'>4.</span> <span class='ocrx_word' id='word_1_300' title='bbox 1702 2589 1745 2595; x_wconf 89' lang='grc'>-</span> 
     </span>
     <span class='ocr_line' id='line_1_34' title="bbox 354 2627 692 2671; baseline 0.003 -10"><span class='ocrx_word' id='word_1_301' title='bbox 354 2645 396 2652; x_wconf 90' lang='lat'>·—·</span> <span class='ocrx_word' id='word_1_302' title='bbox 415 2627 429 2650; x_wconf 77' lang='lat'><strong>5</strong></span> <span class='ocrx_word' id='word_1_303' title='bbox 450 2629 530 2662; x_wconf 73' lang='lat' dir='ltr'>Psat.</span> <span class='ocrx_word' id='word_1_304' title='bbox 553 2640 644 2671; x_wconf 77' lang='lat' dir='ltr'>xxvi,</span> <span class='ocrx_word' id='word_1_305' title='bbox 659 2629 692 2662; x_wconf 84' lang='grc'>6.</span> 
     </span>
    </p>
   </div>
  </div>
 </body>
</html>
