1833 3284
416 209 656 239 ENARRATio
689 213 733 238 IN
767 210 970 239 PsALMUM
1003 213 1064 238 lx.
1350 204 1434 241 205

111 283 163 325 V.
202 299 222 322 «
240 282 297 324 Et
312 278 521 324 Dominus
541 278 588 322 in
603 287 816 322 aeternum
834 286 1059 338 permanet
1071 279 1100 320 1.
1124 279 1180 322 Ut
1197 276 1304 338 quid
1333 293 1448 338 ergo·

2 355 3 358 ’
54 369 76 393 »
109 351 384 395 fremuerunt
406 357 554 408 gentes
570 384 580 404 ‚
607 358 649 393 et
665 348 815 409 populi
830 347 1026 392 meditati
1045 357 1146 392 sunt
1165 348 1309 392 inania
1327 384 1337 404 ,
1357 349 1437 393 ad-

0 462 16 482 „
50 441 72 465 »
106 438 252 467 versus
284 421 519 466 Dominum
556 429 598 464 et
627 421 828 465 adversus
856 420 1078 465 Christum
1100 421 1190 480 ejus
1206 422 1254 464 ’ΞΡ
1278 440 1296 461 »
1322 423 1433 465 Nam

0 484 15 506 ’ν
48 493 256 538 Dominus
272 492 318 537 in
336 500 548 536 aeternum
566 501 806 551 permanet.
831 510 851 533 «
865 492 1035 535 Paravit
1047 490 1092 534 in
1104 489 1270 550 judicio
1286 491 1434 535 sedem

50 580 71 605 >›
105 578 249 618 suam,
272 571 316 606 et
335 562 426 622 ipse
438 560 654 622 judicabit
670 561 821 606 orbem
839 570 1051 605 terrarum
1072 560 1119 604 in
1137 560 1342 621 aequitate
1358 564 1389 604 3.
1408 580 1428 601 »

14 683 16 687 ,
46 634 219 680 Paravit
234 669 246 689 ‚
266 648 367 678 cum
383 632 602 694 judicatus
629 641 713 688 est,
745 631 892 677 sedem
911 648 1048 676 suam.
1071 635 1152 676 Per
1172 631 1292 676 illam
1314 631 1432 676 enim

45 703 300 765 patientiam
335 704 467 748 homo
498 702 660 748 coelum
688 703 935 763 acquisivit,
969 712 1012 747 et
1040 706 1154 748 Deus
1185 702 1230 747 in
1253 702 1431 748 homine

44 773 322 820 credentibus
345 772 524 834 profuit.
548 776 605 817 Et
626 774 710 818 hoc
737 781 802 817 est
829 772 1053 818 occultum
1072 772 1172 817 Filii
1195 773 1427 833 judicium.

45 844 130 892 Sed
151 845 252 905 quia
273 844 400 889 etiam
417 842 560 904 palam
581 841 897 904 manifesteque
919 852 1128 887 venturus
1153 852 1216 887 est
1239 842 1294 887 ad
1310 843 1431 887 vivos

43 924 88 960 et
112 924 308 961 mortuos
329 914 588 976 judicandos
603 949 614 970 ‚
639 914 806 974 paravit
831 914 877 957 in
904 912 1076 958 occulto
1091 912 1258 974 judicio
1282 912 1430 957 sedem

42 1002 166 1031 suam
191 1005 201 1032 ;
225 1005 246 1029 «
264 988 322 1031 Et
337 986 427 1046 ipse
448 986 553 1030 item
574 984 717 1045 palam
735 985 953 1046 judicabit
975 984 1127 1029 orbem
1149 993 1362 1028 terrarum
1384 984 1430 1027 in

44 1075 66 1100 >›
97 1059 325 1119 aequitate:
354 1076 374 1100 »
406 1056 452 1102 id
472 1067 537 1102 est
552 1093 563 1112 ‚
593 1057 755 1101 meritis
776 1055 908 1115 digna
930 1055 1163 1100 distribuet
1182 1090 1193 1111 ‚
1219 1071 1351 1114 agnos
1374 1055 1430 1099 ad

41 1127 264 1173 dexteram
277 1143 460 1189 ponens,
477 1126 633 1172 hoedos
648 1126 704 1171 ad
719 1127 935 1171 sinistram
949 1128 981 1170 ⁴².
1008 1145 1029 1169 «
1049 1129 1073 1170 J
1078 1126 1274 1171 udicabit
1286 1141 1430 1186 popu-

44 1217 66 1242 »
89 1198 153 1244 los
182 1215 282 1244 cum
305 1199 522 1260 justitia.»
551 1201 644 1243 Hoc
670 1206 734 1242 est
749 1233 760 1253 ‚
787 1197 909 1258 quod
930 1197 1127 1258 superius
1151 1196 1318 1242 dictum
1341 1206 1426 1252 est,

44 1288 65 1312 »
81 1269 304 1314 ,Iudicabit
324 1269 474 1314 orbem
498 1278 712 1313 terrarum
734 1269 780 1312 in
801 1269 1021 1329 aequitate.
1046 1287 1066 1309 >›
1093 1270 1190 1314 Non
1213 1268 1429 1330 quemad-

40 1339 221 1385 modum
232 1339 432 1401 judicant
445 1339 643 1384 homines
665 1339 742 1400 qui
759 1338 890 1384 corda
907 1354 996 1383 non
1023 1338 1189 1394 vident,
1222 1355 1246 1382 a
1268 1339 1429 1399 quibus

32 1409 299 1471 *plerumque
321 1409 554 1455 deteriores
569 1409 872 1464 absolvuntur,
892 1425 1025 1470 quam
1043 1409 1393 1453 condemnantur
1416 1428 1424 1453 :

39 1480 116 1525 sed
136 1481 183 1525 in
203 1480 408 1541 aequitate
431 1489 474 1524 et
495 1495 593 1525 cum
615 1479 782 1540 justitia
810 1472 1021 1524 Dominus
1037 1479 1278 1540 judicabit,
1306 1480 1427 1524 testi-

38 1551 235 1596 monium
256 1551 515 1611 perhibente
538 1550 801 1595 conscientia
817 1586 828 1607 ‚
863 1559 906 1594 et
940 1550 1274 1609 cogitationibus
1297 1567 1425 1595 accu-

37 1622 232 1669 santibus
249 1638 326 1666 seu
347 1620 686 1666 defendentibus
702 1624 733 1665 5.

33 1737 41 1741 „
94 1695 152 1737 X.
182 1712 202 1735 «
224 1695 280 1737 Et
299 1690 437 1736 factus
454 1701 518 1736 est
533 1693 743 1737 Dominus
764 1691 980 1750 refugium
994 1693 1215 1753 pauperiss.
1231 1712 1251 1734 υ
1273 1696 1425 1747 Quan-

38 1761 243 1808 tumlibet
264 1772 550 1824 persequatur
571 1763 771 1807 inimicus
792 1762 886 1818 ille,
913 1763 990 1823 qui
1012 1779 1245 1808 conversus
1268 1773 1332 1808 est
1355 1780 1424 1808 re-

38 1842 128 1889 tro,
153 1833 260 1895 quid
294 1833 471 1878 nocebit
496 1834 556 1878 eis
577 1849 766 1894 quorum
786 1831 1004 1892 refugium
1028 1832 1168 1878 factus
1189 1843 1253 1877 est
1274 1835 1426 1879 Domi-

37 1906 150 1948 nus?
173 1903 257 1950 Sed
270 1905 354 1949 hoc
375 1904 466 1959 fiet,
490 1903 525 1948 si
547 1904 594 1947 in
610 1902 769 1948 sacculo
790 1904 890 1959 hoc,
916 1905 1039 1964 cujus
1061 1903 1134 1948 ille
1150 1904 1426 1963 magistratus

37 1984 126 2029 est,
152 1990 362 2034 pauperes
383 1989 472 2018 esse
492 1973 755 2033 delegerint,
780 1973 891 2018 nihil
914 1974 1101 2019 amando
1123 1974 1244 2036 quod
1265 1975 1334 2020 vel
1355 1976 1426 2019 hic

37 2044 257 2089 viventem
285 2054 361 2090 aut
381 2054 599 2089 amantem
621 2044 805 2100 deserit,
829 2044 901 2089 vel
917 2061 940 2090 a
962 2045 1174 2090 moriente
1196 2045 1422 2091 deseritur.

40 2114 132 2160 Tali
153 2115 269 2160 enim
285 2115 466 2177 pauperi
487 2114 705 2173 refugium
726 2114 867 2159 factus
889 2124 953 2160 est
978 2115 1202 2160 Dominus.
1238 2136 1258 2159 «
1283 2116 1426 2178 Adju-

41 2206 63 2230 »
85 2197 153 2233 tor
174 2188 222 2232 in
243 2188 666 2249 opportunitatibus,
691 2187 738 2232 in
760 2187 1043 2232 tribulatione
1058 2190 1090 2232 ⁷.
1119 2207 1139 2229 »
1169 2188 1237 2234 Sic
1254 2205 1423 2249 paupe-

40 2273 106 2303 res
121 2257 248 2315 facit‚
273 2259 482 2320 quoniam
503 2257 693 2317 flagellat
714 2274 890 2304 omnem
907 2258 1048 2303 filium
1070 2275 1202 2320 quem
1224 2260 1377 2320 recipit
1390 2263 1422 2304 8.

40 2331 150 2375 Nam
178 2329 287 2390 quid
313 2329 368 2373 sit
402 2348 423 2372 «
442 2328 628 2390 Adjutor
656 2329 703 2373 in
726 2330 1153 2390 opportunitatibus,
1181 2349 1202 2373 »
1229 2332 1427 2392 exposuit

41 2415 142 2444 cum
169 2399 335 2445 addidit
369 2419 389 2442 «
415 2403 468 2445 In
491 2400 790 2445 tribulatione.
818 2419 839 2442 »
880 2403 978 2447 Non
1010 2402 1126 2447 enim
1153 2402 1427 2448 convertitur

92 2502 100 2519 ¹
129 2495 209 2528 Psal.
228 2506 273 2537 ix,
287 2496 444 2528 3.—21d.
465 2506 523 2538 tn,¹
538 2507 568 2538 1,
588 2494 691 2528 2.—3
705 2496 784 2529 Psal.
800 2508 846 2536 lx,
858 2495 957 2539 9-4
975 2498 1088 2531 Matth.
1104 2510 1180 2540 xxv,
1195 2497 1312 2531 33.-5
1330 2501 1423 2532 Rom.

44 2563 89 2595 xi,
108 2552 159 2585 15.
180 2569 221 2575 —
239 2550 256 2574 ⁶
270 2551 347 2585 Psal.
362 2563 407 2595 ix,
431 2563 480 2586 ιο.
498 2552 667 2585 ——71bid.
688 2570 731 2575 -
745 2551 760 2575 ⁸
783 2553 880 2586 Hebr.
897 2564 952 2595 xn,
969 2553 1002 2586 6.
