1833 3284
350 219 430 258 178
788 232 821 257 s.
858 228 1088 259 Aucus‘nm
1120 233 1300 261 Ep1se0121

345 298 458 339 Deus
481 293 616 352 judex
637 285 718 339 nisi
740 295 973 351 Dominus,
1000 297 1077 356 qui
1091 296 1259 356 judicat
1285 296 1499 358 populos?
1520 301 1618 358 Ipse
1637 298 1732 358 jus-

345 373 438 420 tus,
465 366 540 426 qui
563 364 716 410 reddet
745 365 984 427 unicuique
1008 367 1134 426 juxta
1168 383 1298 428 opera
1319 370 1436 413 sua¹.
1464 371 1562 429 Ipse
1583 366 1728 422 fortis,

346 438 423 498 qui
441 439 571 482 ctiam
588 448 882 499 persecutores
900 438 1071 498 impios,
1094 454 1194 483 cum
1217 440 1271 484 sit
1292 440 1633 500 potentissimus,
1652 452 1733 498 pro

347 520 494 554 nostra
513 510 651 555 salute
664 511 880 555 toleravit.
899 514 994 570 lpse
1007 509 1284 569 longanimis,
1303 512 1378 573 qui
1394 512 1520 556 etiam
1532 511 1646 572 ipsos
1657 508 1734 570 qui

347 581 562 643 persecuti
581 591 704 636 sunt,
725 597 815 625 non
834 580 979 625 statim
999 590 1097 640 post
1119 580 1547 627 resurrectionem-ad
1566 579 1735 641 suppli-

347 652 463 695 cium
487 652 655 711 rapuit,
681 651 757 696 scd
774 651 1000 706 sustmuit‚
1022 660 1072 695 ut
1090 667 1133 695 se
1152 651 1387 713 aliquando
1402 651 1457 696 ad
1474 651 1661 696 salutem
1680 649 1736 694 ab

345 720 419 766 illa
445 722 666 782 impietate
686 730 1018 766 converterent:
1038 731 1080 766 ct
1102 721 1246 766 adhuc
1267 723 1465 778 sustinet,
1486 737 1658 771 servans
1672 718 1738 769 ul-

348 793 454 836 timo
472 791 638 853 judicio
662 792 860 836 ultimam
874 808 1070 852 poenam,
1090 802 1133 836 et
1146 808 1264 838 nunc
1281 809 1420 854 usque
1437 793 1624 838 invitans
1640 806 1740 852 pec-

349 873 514 908 catores
535 863 591 908 ad
611 863 930 923 poenitentiam.
951 866 1082 908 «Non
1097 864 1204 908 iram
1218 864 1438 910 adducens
1456 879 1533 924 per
1548 861 1740 922 singulos

352 955 372 977 >›
408 935 513 980 dics.
538 954 558 977 )›
587 935 910 995 Significantius
933 935 1113 980 sortasse
1128 935 1304 992 dicitur,
1324 940 1436 980 Iram
1459 935 1696 990 adducens,
1714 952 1736 975 i»

350 1024 482 1068 quam
505 1009 690 1052 irascens
708 1027 716 1051 z
738 1007 855 1050 etita
874 1006 919 1050 in
942 1005 1260 1067 exemplaribus
1279 1006 1736 1065 graeeisinvenimus31

351 1087 400 1122 ut
423 1094 512 1123 non
528 1078 582 1122 sit
602 1078 645 1121 in
659 1077 752 1138 ipso
766 1077 829 1120 ira
844 1093 931 1137 qua
944 1077 1089 1137 punit,
1107 1077 1181 1120 sed
1199 1077 1244 1121 in
1260 1077 1412 1121 animis
1426 1091 1578 1121 eorum
1596 1075 1742 1120 minis-

351 1158 519 1194 trorum
542 1149 619 1210 qui
639 1148 867 1208 praeceptis
883 1148 1074 1192 veritatis
1097 1148 1432 1208 obtemperant3
1451 1164 1529 1209 per
1547 1162 1657 1208 quos
1672 1148 1744 1208 ju-

351 1221 480 1265 betur
509 1221 638 1264 ctiam
664 1219 944 1264 inferioribus
970 1219 1239 1275 ministeriis⁷
1264 1220 1341 1281 qui
1365 1229 1577 1265 vocantur
1603 1216 1744 1276 angeli

353 1290 611 1345 iracundias,
642 1290 694 1334 ad
726 1289 951 1349 punienda
979 1299 1155 1350 peccata
1180 1310 1188 1335 :
1210 1306 1319 1352 quos
1342 1291 1432 1350 jam
1454 1305 1544 1334 non
1566 1297 1745 1350 propter

347 1363 556 1423 justitiam
566 1398 576 1413 ,
593 1378 677 1419 qua
693 1377 782 1406 non
797 1360 1087 1420 gaudent,scd
1104 1370 1282 1421 propter
1295 1360 1507 1405 malitiam
1521 1376 1651 1421 poena
1665 1360 1746 1404 hu-

354 1448 483 1477 mana
506 1431 708 1476 delectat.
730 1452 749 1474 «
769 1434 868 1476 Non
887 1446 988 1490 ergo
1002 1434 1116 1475 Dcus
1138 1432 1245 1475 iram
1271 1430 1539 1491 adducitper
1553 1430 1746 1489 singulos

357 1524 377 1546 »
414 1504 528 1560 dies,
555 1524 572 1544 >³
601 1503 646 1548 id
672 1513 926 1562 est‚nonper
949 1502 1142 1562 singulos
1165 1503 1254 1546 dies
1284 1502 1338 1546 ad
1368 1503 1605 1547 vindictam
1636 1518 1745 1547 con-

356 1585 507 1635 gregat
528 1575 750 1619 ministros
771 1589 888 1618 suos.
913 1576 1040 1618 Nunc
1063 1574 1179 1617 enim
1201 1573 1411 1634 patientia
1428 1574 1506 1618 Dei
1523 1574 1578 1618 ad
1600 1573 1747 1634 poeni-
1791 1592 1800 1598 ’

360 1647 536 1692 tentiam
569 1647 725 1691 invitat
744 1666 752 1690 :
779 1645 937 1690 ultimo
959 1661 1063 1690 vcro
1085 1654 1304 1704 tempore,
1325 1660 1428 1690 cum
1450 1644 1532 1690 sibi
1549 1645 1748 1698 homines

360 1727 540 1778 propter
563 1716 767 1761 duritiam
792 1732 912 1760 suam
945 1725 988 1760 et
1011 1733 1085 1761 cor
1108 1716 1408 1776 impoenitens,
1435 1717 1753 1762 thesaurizave-

357 1790 444 1834 rint
466 1809 485 1831 «
513 1791 628 1832 Iram
650 1787 694 1831 in
711 1786 787 1831 ‘die
810 1787 885 1831 irae
909 1796 952 1830 et
974 1786 1247 1832 revelationis
1264 1787 1373 1849 justi
1388 1787 1544 1848 judicii
1568 1788 1694 1843 Dei³‚
1722 1806 1744 1831 n

359 1859 552 1919 gladium
575 1873 703 1903 suum
728 1857 934 1902 vibrabit.

417 1932 541 1975 XIII.
585 1949 603 1972 «
629 1930 719 1975 Nisi
740 1928 1066 1983 convertimini,
1097 1928 1263 1988 inquit,
1291 1927 1487 1987 gladium
1519 1944 1647 1974 suum
1680 1929 1749 1975 vi-

361 2021 381 2043 »
417 2000 605 2046 brabit⁴.
634 2019 653 2041 »
681 2003 829 2044 Potest
849 1999 939 2059 ipse
958 1998 1090 2043 homo
1111 1998 1366 2043 Dominicus
1388 1997 1556 2057 gladius
1579 1999 1656 2044 Dei
1678 2002 1749 2044 in-

359 2071 494 2129 telligi
516 2071 581 2116 bis
599 2079 768 2125 acutus,
786 2069 924 2126 idest,
941 2068 1120 2124 framea,
1138 2084 1270 2129 quam
1289 2084 1379 2113 non
1399 2069 1591 2114 vibrabit
1607 2069 1750 2129 primo

359 2142 573 2197 adventu,
598 2141 675 2186 sed
698 2151 906 2201 tanquam
941 2139 986 2184 in
1011 2139 1166 2197 vagina
1200 2138 1455 2183 humilitatis
1488 2140 1748 2186 abscondit:

360 2213 549 2258 vibrabit
580 2220 751 2267 autem,
782 2226 884 2255 cum
916 2209 962 2254 in
986 2208 1180 2253 secundo
1209 2210 1401 2254 adventu
1430 2210 1608 2255 veniens
1628 2210 1752 2271 judi-

359 2300 458 2330 care
486 2284 607 2328 vivos
630 2292 673 2327 et
704 2291 923 2336 mortuos,
951 2281 998 2325 in
1019 2280 1251 2326 manifesto
1284 2281 1516 2341 splendore
1548 2281 1752 2327 claritatis

360 2370 472 2410 suae,
492 2354 619 2415 justis
642 2354 727 2398 suis
744 2353 911 2407 lumen,
932 2361 976 2396 ct
999 2360 1181 2396 terrores
1199 2352 1340 2412 impiis
1358 2353 1619 2398 coruscabit.
1642 2356 1752 2399 Nam

361 2428 404 2472 in
427 2426 518 2471 aliis
540 2424 880 2486 exemplaribus,
909 2439 986 2484 pro
1008 2438 1059 2468 eo
1082 2424 1204 2484 quod
1240 2433 1304 2468 cst
1331 2443 1350 2465 «
1378 2423 1585 2469 Gladium
1621 2440 1751 2469 suum

410 2531 418 2546 ¹
443 2523 556 2556 Manli.
578 2533 642 2562 xvi,
662 2532 715 2565 527.
734 2540 774 2544 -—
789 2530 799 2543 ²
823 2524 925 2554 Graw.
941 2519 984 2564 μὴ
1002 2519 1093 2565 ὀργὴν
1116 2520 1250 2565 ἐπείγων.
1265 2538 1305 2543 -
1319 2519 1332 2543 3
1350 2524 1441 2554 Rom.
1465 2533 1501 2564 11,
1517 2522 1548 2554 5.
1570 2539 1612 2545 —
1629 2521 1645 2553 4
1664 2522 1745 2555 Psal.

361 2594 420 2623 vu,
446 2584 494 2613 13.

1820 1392 1828 1540 2-—
