1833 3284
371 233 454 272 343
808 244 841 272 ε.
879 245 1109 273 ΑῑτουετῐΝι
1144 245 1325 273 Episcopi

366 320 409 354 et
434 310 637 353 memoria
664 318 750 353 tam
773 308 909 354 multa
927 308 1236 368 complectens,
1259 308 1485 353 intellectu
1509 315 1595 352 tam
1620 307 1758 352 multa

365 382 636 433 discernens,
663 381 758 441 quis
781 379 913 440 digne
934 379 1113 424 laudet?
1131 383 1188 424 At
1217 380 1250 424 si
1271 380 1316 424 in
1341 380 1429 423 istis
1451 379 1658 424 creaturis
1682 380 1759 423 Dei

365 452 423 496 sic
441 451 612 496 laborat
626 452 846 495 humanus
863 467 1020 505 sermo,
1036 452 1079 495 in
1098 453 1304 496 Creatore
1321 450 1429 512 quid
1448 450 1550 509 agit,
1570 450 1651 495 nisi
1668 448 1759 494 sola
1791 507 1796 511 -

364 532 493 567 restet
513 539 710 567 sermone
729 522 959 567 deficiente
972 522 1211 583 jubilatio?
1232 542 1251 564 «
1272 521 1526 577 Circumivi,
1546 530 1590 565 et
1606 522 1759 566 immo-

367 612 386 635 »
422 593 507 638 lavi
531 595 574 638 in
600 593 881 638 tabernaculo
905 594 997 654 ejus
1020 593 1203 637 hostiam
1221 592 1507 653 jubilationis.
1537 611 1558 634 »

422 668 547 709 Xlll.
573 669 648 709 Est
666 675 709 709 et
731 665 840 710 alius
857 681 1022 720 sensus,
1044 666 1118 726 qui
1141 665 1248 709 mibi
1267 664 1509 709 videturad
1521 664 1759 710 contextio-

364 752 463 779 nem
485 735 642 780 Psalmi
662 737 794 795 magis
810 737 1039 797 pertinere.
1058 737 1169 790 Quia
1192 738 1307 780 enim
1328 736 1493 781 dixerat
1511 738 1554 780 in
1572 747 1694 797 petra
1714 751 1759 780 se

363 807 623 861 exaltatum,
649 807 770 868 quod
798 817 860 852 cst
883 808 1106 866 Christus,
1131 817 1174 852 et
1196 818 1328 868 caput
1361 824 1487 852 suum
1521 807 1758 852 exaltatum

362 893 492 938 super
513 879 711 924 inimicos
734 895 856 935 suos,
882 879 1003 940 quod
1033 889 1097 924 est
1118 879 1315 924 Christus
1335 899 1344 924 2
1366 881 1497 924 etiarn
1526 895 1591 934 se,
1617 879 1693 939 qui
1713 879 1759 922 in

361 959 483 1009 petra
506 949 718 995 exaltatus
741 960 824 1006 est,
851 951 896 995 in
920 951 1074 995 eodem
1101 951 1242 1010 capite
1264 967 1342 996 suo
1364 950 1600 995 exaltatum
1629 948 1758 994 intel-

361 1021 437 1079 ligi
458 1021 598 1067 voluit
626 1039 756 1082 super
778 1023 975 1067 inimicos
999 1039 1120 1078 suos,
1148 1021 1337 1067 referens
1361 1024 1443 1067 hoc
1465 1022 1520 1067 ad
1545 1023 1757 1067 honorem

362 1092 590 1147 Ecclesiae,
617 1094 687 1138 cui
716 1094 842 1138 cessit
872 1093 1145 1138 inimicorum
1180 1094 1424 1154 persecutio
1449 1113 1457 1138 :
1484 1103 1527 1137 et
1549 1093 1649 1154 quia
1673 1093 1757 1137 hoc

360 1179 438 1223 per
458 1163 590 1208 fidem
615 1165 731 1209 orbis
756 1175 968 1209 terrarum
992 1164 1159 1209 factum
1177 1175 1256 1220 est,
1281 1185 1300 1207 «
1321 1166 1573 1220 Circumivi,
1594 1164 1753 1225 inquit,

364 1254 384 1275 »
421 1244 464 1279 et
479 1236 699 1281 immolavi
716 1237 761 1280 in
778 1236 1060 1281 tabernaculo
1081 1238 1172 1297 ejus
1191 1236 1679 1298 hostiamjubilationis¹
1704 1256 1712 1280 :
1733 1255 1753 1277 η

360 1306 406 1350 id
429 1317 514 1361 est,
547 1307 816 1352 consideravi
848 1307 977 1352 fidem
1008 1309 1124 1352 orbis
1147 1318 1383 1364 terrarum,
1412 1310 1457 1352 in
1485 1325 1571 1369 qua
1595 1307 1758 1352 exalta-

361 1386 455 1422 tum
479 1388 543 1422 est
565 1388 696 1439 caput
718 1395 865 1423 mcum
879 1416 888 1434 ,
910 1395 1041 1439 super
1061 1395 1133 1424 eos
1156 1381 1232 1441 qui
1260 1396 1330 1424 me
1352 1379 1755 1440 persequebantur,

361 1459 404 1493 et
426 1450 470 1492 in
494 1450 587 1510 ipso
615 1450 896 1495 tabernaculo
927 1452 1039 1512 ejus,
1065 1451 1109 1495 id
1139 1460 1223 1505 est,
1244 1452 1289 1496 in
1312 1450 1505 1496 Ecclesia
1538 1460 1628 1496 toto
1651 1451 1757 1496 orbe

361 1520 537 1576 diffusa,
562 1522 844 1566 ineffabiliter
860 1522 1036 1566 laudavi
1058 1523 1307 1568 Dominum.

419 1594 539 1636 xlv.
575 1613 595 1635 «
621 1593 821 1638 Cantabo
848 1604 892 1638 et
913 1594 1095 1654 psallam
1118 1595 1321 1639 Domino.
1349 1613 1368 1636 »
1399 1594 1546 1639 Securi
1570 1594 1752 1649 erimus,

359 1672 403 1708 et
422 1665 560 1708 securi
583 1665 879 1721 cantabimus,
904 1675 946 1710 ct
968 1667 1108 1711 securi
1141 1665 1399 1726 psallemus,
1425 1681 1527 1710 cum
1561 1674 1755 1710 contem-

359 1733 582 1795 plabimur
604 1735 935 1781 delectationem
960 1737 1155 1791 Domini,
1182 1747 1225 1782 et
1243 1747 1522 1797 protegemur
1542 1736 1755 1797 templum

359 1812 473 1863 ejus,
498 1807 543 1850 in
576 1807 645 1851 illa
677 1809 979 1867 corruptione,
1006 1807 1185 1869 quando
1223 1808 1529 1853 absorbebitur
1562 1824 1677 1853 mors
1709 1809 1755 1852 in

359 1878 620 1922 victoriam‘2.
641 1877 775 1923 Modo
804 1879 941 1939 quid?
972 1880 1082 1932 Quia
1101 1881 1192 1939 jam
1215 1878 1331 1923 dicta
1354 1888 1456 1923 sunt
1475 1878 1629 1939 gaudia
1654 1878 1750 1934 illa,

358 1965 459 2009 quae
486 1950 770 2005 habebimus,
799 1966 901 1994 cum
931 1951 1225 2010 acceperimus
1257 1949 1376 1994 illam
1407 1965 1539 1994 unam
1574 1950 1753 2010 petitio-

358 2036 481 2064 nem.
508 2020 643 2064 Modo
674 2020 812 2081 quid?
844 2041 860 2061 «
889 2021 1079 2076 Exaudi,
1106 2021 1305 2076 Domine,
1330 2037 1482 2066 vocem
1515 2023 1700 2076 meamss,
1728 2038 1749 2062 »

359 2092 592 2136 Gemamus
617 2091 771 2147 modo,
798 2108 970 2137 oremus
993 2092 1141 2138 modo.
1166 2093 1362 2136 Gemitus
1384 2108 1473 2136 non
1491 2102 1554 2136 est
1574 2093 1653 2137 nisi
1676 2093 1753 2136 mi·

357 2178 574 2218 serorum,
597 2164 733 2208 oratio
752 2180 842 2208 non
865 2174 927 2208 est
947 2164 1026 2208 nisi
1050 2163 1357 2222 indigentium.
1382 2164 1577 2208 Transiet
1595 2164 1750 2219 oratio,

358 2234 562 2280 succedet
583 2234 806 2293 laudatio,
833 2235 1011 2279 transiet
1033 2235 1183 2290 fletus,
1211 2234 1413 2279 succedet
1437 2234 1658 2293 gaudium.
1683 2238 1753 2279 In-

359 2306 484 2349 terim
514 2305 667 2360 modo,
700 2306 878 2367 quando
901 2306 946 2349 in
968 2305 1122 2350 diebus
1155 2305 1372 2350 malorum
1408 2315 1656 2350 nostrorum
1683 2322 1752 2350 su-

358 2391 469 2429 muS,
491 2393 581 2421 non
603 2386 739 2421 cesset
762 2377 899 2422 oratio
922 2386 1068 2421 nostra
1087 2376 1143 2420 ad
1161 2380 1315 2429 Deum,
1334 2393 1355 2421 a
1375 2392 1464 2437 quo
1482 2392 1614 2421 unam
1631 2375 1751 2421 illam

358 2456 583 2507 petamus,
615 2458 658 2493 et
686 2448 740 2492 ab
771 2449 861 2508 ipsa
891 2447 1100 2507 petitione
1122 2463 1212 2492 non
1235 2447 1504 2503 desinamus,
1531 2448 1671 2492 donec
1694 2449 1751 2492 ad

357 2534 453 2563 eam
481 2519 556 2565 illo
586 2520 779 2564 donante
810 2536 859 2564 ac
888 2518 1153 2580 perducente
1180 2520 1498 2579 perveniamus.
1522 2518 1745 2574 «Exaudi,

407 2610 414 2626 ¹
437 2603 670 2637 r.<al.=‹zv1.‹}.
699 2622 739 2627 —
761 2612 772 2626 ⁹
798 2607 896 2637 1Cor.
918 2616 970 2638 xv.
991 2604 1042 2647 54.
1061 2621 1100 2626 ——
1115 2603 1129 2627 3
1144 2604 1222 2637 Psal.
1240 2615 1327 2646 xxvi,
1347 2616 1376 2646 ζ.
