1833 3284
349 288 593 318 ENAnnAno
627 292 657 317 11
692 291 736 318 m
769 290 972 318 PSALMUM
1006 292 1126 318 xxvi.
1337 281 1419 318 353

40 357 165 400 haec?
186 357 300 401 Non.
328 356 414 401 Sed
434 355 678 401 timendum
700 366 785 412 est,
810 372 866 401 ne
879 357 974 401 irati
1001 366 1203 402 noceant.
1225 359 1322 403 Non
1344 372 1422 401 no-

38 426 204 471 cebunt
221 426 302 471 nisi
322 425 396 471 ille
418 427 655 487 permittat.
678 427 754 471 Isti
777 442 946 487 semper
962 427 1128 471 habent
1153 427 1426 472 voluntatem

39 495 247 552 nocendi,
269 511 350 541 nec
371 497 406 541 si
422 496 671 556 placentur,
697 512 777 542 nee
798 497 832 541 si
858 506 1090 556 rogentur,
1113 497 1321 542 desinunt
1344 513 1428 542 no-

39 582 137 612 cere
157 566 284 612 velle.
306 569 401 613 Hoc
424 567 540 611 enim
558 567 872 612 malevolentiae
900 568 1077 613 illorum
1100 568 1327 628 proprium
1346 578 1424 612 est.

41 641 156 697 Ergo
177 637 287 700 quid
307 637 436 684 facies
456 654 528 684 eos
549 638 756 694 colendo,
781 639 862 684 nisi
881 638 1068 684 utillum
1094 639 1290 685 offendas
1303 675 1313 694 ,
1340 655 1430 700 quo

42 709 210 755 offenso
236 709 283 753 in
312 710 496 755 istorum
522 719 781 771 potestatem
804 709 972 754 daberis
998 730 1006 755 :
1032 719 1084 754 ut
1105 711 1181 771 qui
1212 711 1293 755 tibi
1320 710 1431 754 nihil

42 789 218 842 possent
246 780 388 826 faeere
409 780 486 826 illo
513 780 708 841 placato,
739 779 901 825 faciant
931 780 1150 842 quidquid
1177 782 1332 826 volunt
1359 781 1434 826 illo

43 852 166 896 irato.
192 855 249 896 Et
261 861 313 897 ut
333 852 504 897 noveris
524 869 655 913 quam
670 852 829 897 frustra
848 852 950 897 istos
963 851 1099 908 colas,
1121 853 1243 913 quasi
1259 862 1435 913 propter

22 957 25 961 .
45 922 321 983 temporalia,
341 923 538 984 quisquis
556 924 652 968 haec
675 923 838 982 cogitas
857 943 865 968 :
891 925 1052 967 Omnes
1066 923 1142 983 qui
1155 923 1307 968 colunt
1316 927 1434 983 Nep-

48 1002 229 1049 tunum,
254 1009 345 1039 non
362 993 747 1053 naufragaverunt,
764 1003 840 1038 aut
862 1009 1011 1038 omnes
1040 994 1115 1054 qui
1133 993 1438 1054 blasphemant

47 1067 322 1124 Neptunum,
346 1065 401 1108 ad
423 1073 600 1124 portum
622 1081 711 1109 non
725 1066 1044 1125 pervenerunt?
1061 1066 1222 1108 Omnes
1238 1066 1439 1110 mulieres

0 1160 1 1169 κ
49 1133 240 1179 colentes
257 1138 477 1180 Junonem
495 1171 505 1191 ,
530 1135 643 1181 bene
664 1144 944 1195 pepererunt,
969 1143 1045 1179 aut
1067 1150 1217 1179 omnes
1234 1135 1439 1195 blasphe-

0 1199 3 1253 ὲ
49 1213 216 1250 mantes
236 1207 261 1249 J
265 1220 474 1260 unonem,
490 1204 603 1249 male
615 1207 905 1265 pepererunt?
924 1205 1036 1249 Hinc
1051 1204 1266 1265 intelligat
1287 1207 1434 1251 Chari-

0 1270 5 1328 l,
51 1284 114 1320 tas
131 1278 285 1321 Vestra
304 1276 456 1320 inanes
474 1291 564 1320 esse
579 1276 777 1320 homines
789 1311 799 1330 ,
817 1277 891 1336 qui
909 1275 1013 1319 istos
1032 1275 1188 1320 volunt
1210 1276 1351 1320 colere
1375 1277 1440 1321 ve]

0 1355 6 1427 ’1
50 1356 228 1407 propter
258 1347 339 1391 ista
357 1355 542 1391 terrena.
568 1349 678 1392 Nam
703 1347 736 1390 si
758 1355 936 1406 propter
962 1346 1042 1390 ista
1071 1355 1241 1391 terrena
1270 1347 1441 1392 colendi

0 1415 8 1465 l
50 1426 209 1473 essent,
233 1415 313 1462 soli
332 1416 521 1461 cultores
538 1416 713 1461 illorum
729 1417 909 1461 terrenis
925 1416 1129 1460 omnibus
1148 1417 1440 1462 abundarent.

0 1467 9 1543 {1¹
52 1488 182 1542 Quod
199 1487 376 1548 quidem
399 1487 434 1531 si
456 1496 590 1542 esset,
615 1485 767 1546 fugere
788 1503 866 1532 nos
894 1486 994 1531 talia
1017 1486 1131 1531 dona
1151 1497 1195 1531 et
1216 1504 1349 1532 unani
1364 1505 1443 1548 pe-

1 1548 11 1614 ll
53 1567 144 1603 tere
162 1574 185 1602 a
202 1557 389 1603 Domino
412 1556 686 1601 deberemus.
713 1560 811 1602 Huc
833 1555 1021 1611 aceedit,
1054 1557 1156 1618 quia
1192 1568 1235 1602 et
1258 1558 1335 1603 ista
1372 1559 1444 1603 ille

2 1614 11 1634 Ψ
54 1628 151 1685 dat,
171 1629 248 1690 qui
265 1628 507 1673 offenditur
530 1644 632 1673 cum
648 1628 717 1672 isti
736 1628 957 1673 coluntur.
982 1632 1098 1688 Ergo
1124 1629 1342 1690 relinquat
1365 1647 1443 1675 nos

6 1751 8 1753 ¹
53 1710 178 1762 pater
202 1710 369 1756 noster,
401 1710 444 1745 et
458 1709 596 1745 mater
618 1709 764 1745 nostra
791 1719 798 1744 ε
825 1700 1045 1761 relinquat
1067 1701 1287 1758 diabolus,
1314 1702 1444 1747 relin-

55 1781 162 1833 quat
178 1770 379 1830 Babylon
399 1771 575 1816 civitas:
598 1771 809 1815 Dominus
832 1786 910 1815 nos
933 1772 1138 1831 suscipiat
1160 1773 1446 1818 consolandos

55 1841 385 1902 temporalibus,
402 1841 714 1885 beatificandos
728 1841 913 1885 aeternis.
926 1860 944 1882 «
957 1842 1173 1894 Quoniam
1189 1852 1311 1902 pater
1325 1860 1447 1888 meus

10 1918 14 1975 ¹,
60 1932 81 1955 »
108 1922 153 1958 et
177 1921 317 1957 mate1
337 1928 434 1957 mea
456 1911 786 1972 dereliquerunt
818 1928 888 1956 me
918 1932 926 1957 :
967 1913 1177 1958 Dominus
1212 1924 1357 1958 autem
1380 1932 1446 1959 as-

11 1981 14 1999 *
60 2002 82 2026 -»
104 1984 288 2044 sumpsit
303 1999 438 2027 me.»

116 2058 217 2100 XX.
230 2058 327 2099 Jam
342 2069 445 2113 ergo
462 2061 707 2113 assumptus
725 2062 788 2096 est
801 2068 825 2097 a
848 2052 1328 2108 Domino‚dese1ta1lh
1342 2057 1447 2101 eivi-

63 2134 150 2171 tate
170 2134 215 2170 et
227 2133 393 2170 lectore
408 2125 498 2185 ejus
515 2123 707 2178 diabolo,
724 2124 826 2184 quia
844 2123 1150 2183 rectorimpior
1156 2141 1227 2169 um
1247 2125 1448 2172 diabolus

63 2205 147 2253 est,
172 2205 313 2241 rector
336 2193 513 2250 mundi,
538 2194 819 2239 tenebrarum
839 2194 1012 2238 harum.
1039 2197 1235 2248 Quarum
1255 2198 1449 2242 tenebra-

64 2269 192 2313 rum?
214 2271 496 2312 Peccatorum
513 2301 524 2320 ‚
540 2264 800 2309 infidelium.
818 2264 943 2309 Unde
952 2266 1042 2326 jam
1051 2265 1329 2312 credentibus
1346 2269 1451 2313 dicit

0 2372 2 2376 »
67 2337 302 2399 Apostolus
328 2357 338 2382 ε
367 2357 387 2379 «
408 2337 566 2381 Fuistis
581 2335 817 2397 aliquando
834 2335 1049 2391 tenebrae,
1071 2352 1189 2381 nune
1212 2348 1359 2383 autem
1377 2339 1451 2384 lux

0 2407 23 2448 ι’
69 2410 158 2454 »in
174 2408 432 2455 Domin01.»
458 2410 576 2467 Ergo
589 2408 678 2468 jam
703 2407 890 2467 suseepti
912 2405 1070 2462 abillo,
1098 2407 1206 2468 quid
1228 2408 1420 2455 dieamus
1441 2432 1448 2456 ;

73 2498 95 2522 ι(
123 2483 285 2540 Legem
304 2478 413 2523 mihi
435 2478 667 2532 constitue,
682 2478 882 2532 Domine,
909 2476 1035 2520 invia
1057 2486 1132 2522 tua
1145 2480 1176 2521 ².
1206 2497 1226 2520 »
1248 2483 1389 2525 Ausus
1411 2498 1454 2527 es

29 2559 216 2620 petere
227 2549 394 2609 legem?
409 2548 525 2602 Quid
542 2548 577 2592 si
593 2547 674 2592 tibi
687 2547 824 2593 dieat:
847 2547 1051 2607 Implebis
1066 2547 1233 2608 legem?
1247 2550 1281 2594 si
1294 2551 1428 2596 dedei
1431 2569 1456 2597 ο

122 2640 131 2657 ¹
152 2629 266 2678 Ephes.
291 2645 326 2675 v,
345 2633 377 2666 8.
398 2649 439 2656 -
459 2639 472 2656 ²
488 2633 525 2663 Ps
528 2632 567 2664 al.
588 2643 673 2674 xxm,
690 2643 742 2664 11.

258 2699 378 2730 cxiv.
1169 2689 1220 2726 23

3 1653 8 1690 Q
