1833 3284
78 232 184 338 S.
247 229 581 337 AUR.
645 226 1456 350 AUGUSTINI

464 449 810 488 HIPPONENSIS
841 450 1072 489 EPISCOPI
1119 471 1121 473 ·

270 608 913 667 ANNOTATIONUM
980 609 1059 665 IN
1122 610 1268 668 JOB.

80 795 1189 816 ἋΜΜΜΜΜΜΜΜΜΝΉἏΜΜΜΛΝἋΚΜΑΜΜᾺᾹΝἎΜΝΜΧΜ
1193 797 1467 816 MMQQAEBQUWWU

525 949 716 1004 LBER
754 948 954 1006 UNUS
976 952 1014 1004 ¹.

139 1109 174 1151 Ι.
204 1108 313 1150 «ET
344 1120 475 1166 opera
506 1120 665 1164 magna
703 1114 827 1150 erant
858 1106 898 1149 ei
936 1121 1068 1167 super
1103 1115 1294 1153 terram:
1320 1126 1340 1151 υ
1365 1108 1472 1169 quia

80 1176 342 1236 operabatur
362 1176 418 1220 de
437 1176 536 1235 ipsis
555 1175 773 1235 operibus.
798 1194 818 1218 «
840 1179 872 1220 F
877 1177 1078 1222 aciebant
1094 1178 1344 1224 convivium
1361 1195 1475 1240 quo-

84 1265 105 1290 »
133 1246 258 1302 tidie,
281 1247 423 1292 donec
442 1261 595 1291 eorum
623 1261 832 1291 numerus
860 1247 1132 1307 impleretur.
1158 1269 1180 1292 »
1209 1250 1388 1308 Signum
1411 1260 1474 1295 est

81 1318 319 1363 charitatis.-
345 1336 366 1360 ι(
391 1320 449 1362 Et
470 1317 682 1362 offerebat
701 1333 781 1377 pro
804 1318 862 1363 eis
874 1319 1071 1365 victimas
1091 1357 1102 1377 ‚
1133 1322 1376 1366 secundum
1398 1338 1475 1367 eo·-

86 1404 226 1433 »rum
249 1392 528 1433 numerum‘l.
558 1407 578 1430 »
609 1388 952 1448 Intelligendum
982 1391 1084 1436 alias
1117 1408 1207 1437 esse
1237 1393 1477 1452 peculiares

79 1459 368 1505 confessiones
385 1459 508 1520 quasi
522 1458 712 1517 singulas
729 1460 946 1505 victimas:
963 1461 1083 1506 aliud
1099 1478 1202 1507 vero
1216 1464 1475 1509 sacrificium

79 1547 159 1592 pro
181 1531 379 1576 omnium
401 1539 444 1574 et
471 1545 551 1589 pro
574 1530 778 1574 omnibus
802 1531 1010 1589 peccatis,
1035 1534 1157 1593 quod
1178 1534 1392 1593 significat
1409 1536 1476 1580 di-

80 1618 182 1646 cens
202 1621 211 1646 :
241 1620 262 1644 «
287 1603 351 1647 Ne
368 1600 480 1645 forte
493 1599 769 1659 peccaverint
785 1599 863 1644 filii
878 1601 981 1655 mei,
1003 1612 1046 1647 et
1066 1602 1370 1650 maledixerint
1385 1609 1476 1652 Deo

83 1691 106 1716 »
125 1673 172 1718 in
192 1672 400 1718 cordibus
415 1672 501 1716 suis
515 1673 547 1715 3.
573 1689 593 1712 »
618 1674 735 1716 Bene
758 1671 956 1728 additur,
981 1693 1000 1716 «
1021 1677 1084 1721 Ne
1106 1674 1242 1735 forte3
1269 1696 1289 1720 >›
1310 1679 1413 1738 quia
1431 1680 1475 1724 in

81 1744 214 1790 corde
234 1759 307 1788 eos
337 1741 607 1788 maledixisse
638 1742 956 1802 suspicabatur.
986 1764 1007 1787 «
1033 1748 1090 1789 Et
1126 1762 1226 1791 ecce
1259 1759 1477 1794 venerunt

86 1833 108 1857 »
129 1813 286 1874 Angeli
307 1814 409 1869 Dei,
425 1822 476 1858 ut
491 1822 655 1858 starent
672 1829 819 1858 coram
841 1816 974 1859 Deo4.
998 1834 1017 1857 »
1044 1816 1233 1863 Affectio
1251 1819 1407 1864 animae
1422 1819 1479 1866 ad

83 1887 311 1932 veritatem
332 1901 423 1930 non
450 1885 596 1945 potuit
627 1885 751 1930 aliter
776 1887 964 1942 narrari,
994 1888 1076 1932 nisi
1107 1891 1405 1950 temporaliter
1434 1902 1480 1937 et

82 1957 278 2003 localiter
313 1955 509 2016 quodam
531 1955 664 2000 modo
697 1957 942 2003 diceretur:
980 1977 1001 2000 «
1030 1962 1087 2003 Et
1114 1961 1234 2005 venit
1268 1962 1476 2023 equidem

89 2048 109 2071 »
134 2027 333 2073 diabolus
349 2042 452 2072 cum
469 2027 544 2070 eis.
572 2045 594 2068 n
621 2029 778 2071 Utrum
796 2028 898 2088 quia
913 2044 1002 2073 non
1016 2031 1182 2089 potuit,
1203 2033 1284 2077 nisi
1305 2050 1383 2094 per
1404 2051 1478 2082 eos

87 2099 252 2153 audire,
277 2098 447 2143 dictum
465 2105 544 2152 est,
575 2116 595 2139 «
619 2113 722 2141 cum
739 2098 812 2142 eis.
838 2101 896 2142 Et
917 2098 1027 2144 dixit
1047 2103 1257 2148 Dominus
1274 2103 1475 2153 diabolo:

90 2189 111 2212 »
137 2169 263 2215 Unde
284 2169 431 2213 adesf‘P
450 2185 471 2209 »
488 2166 675 2213 Collatio
696 2169 929 2227 praeteritte
942 2170 1122 2215 actionis
1143 2188 1245 2217 cum
1263 2190 1336 2230 eo,
1361 2177 1480 2222 unde

86 2240 352 2300 permittitur
379 2236 545 2299 aliquid
567 2236 772 2297 deinceps
799 2254 950 2298 agere,
978 2241 1199 2300 responsio
1217 2243 1273 2288 ad
1293 2245 1482 2292 interro-

89 2310 307 2369 gationem
329 2318 415 2366 est3
439 2309 531 2368 ipsa
551 2323 656 2353 vero
678 2308 962 2368 interrogatio
978 2311 1040 2356 vis
1061 2311 1209 2358 divina
1226 2324 1304 2372 est,
1329 2316 1375 2362 in
1396 2335 1484 2378 qua

90 2396 181 2426 non
201 2379 468 2440 permittitur
482 2392 606 2436 agere
620 2377 741 2438 quod
754 2377 876 2423 libet.
903 2399 924 2422 «
946 2383 997 2426 In
1014 2383 1349 2442 cogitationibus
1366 2389 1484 2436 enim

140 2484 150 2501 ¹
170 2478 312 2521 Scriptus
327 2487 438 2510 versus
455 2474 573 2508 Christi
597 2485 716 2507 annum
732 2474 810 2517 400.
838 2475 917 2508 Vide
948 2478 1093 2511 Rctract.
1114 2478 1169 2512 lib.
1191 2493 1236 2524 11,
1264 2493 1334 2527 cap.
1367 2486 1418 2518 13.
1440 2503 1484 2512 —-

97 2540 110 2556 ²
130 2532 203 2565 Job.
227 2544 249 2574 1,
274 2531 345 2565 3-5.
360 2548 402 2555 --
418 2528 431 2554 3
446 2529 527 2562 Ibid.
554 2546 596 2552 —
609 2528 626 2559 4
644 2529 725 2562 Ibid.
741 2528 775 2561 6.
796 2546 835 2552 ——
852 2528 867 2553 5
881 2529 962 2562 Ibid.
984 2541 1016 2573 7.

1237 2591 1274 2629 1.
