<?xml version="1.0" encoding="UTF-8"?>
<!DOCTYPE html PUBLIC "-//W3C//DTD XHTML 1.0 Transitional//EN"
    "http://www.w3.org/TR/xhtml1/DTD/xhtml1-transitional.dtd">
<html xmlns="http://www.w3.org/1999/xhtml" xml:lang="en" lang="en">
 <head>
  <title>
</title>
<meta http-equiv="Content-Type" content="text/html;charset=utf-8" />
  <meta name='ocr-system' content='tesseract 3.04.00' />
  <meta name='ocr-capabilities' content='ocr_page ocr_carea ocr_par ocr_line ocrx_word'/>
</head>
<body>
  <div class='ocr_page' id='page_1' title='image "./operaomniaaccura07auguuoft_0419.png"; bbox 0 0 1833 3284; ppageno 0'>
   <div class='ocr_carea' id='block_1_1' title="bbox 245 234 1433 279">
    <p class='ocr_par' dir='ltr' id='par_1_1' title="bbox 245 234 1433 279">
     <span class='ocr_line' id='line_1_1' title="bbox 245 234 1433 279; baseline 0.003 -13"><span class='ocrx_word' id='word_1_1' title='bbox 245 238 485 267; x_wconf 66' lang='lat' dir='ltr'>ENARRATIO</span> <span class='ocrx_word' id='word_1_2' title='bbox 518 241 550 266; x_wconf 92' lang='lat'>11</span> <span class='ocrx_word' id='word_1_3' title='bbox 584 242 626 268; x_wconf 72' lang='lat' dir='ltr'>m</span> <span class='ocrx_word' id='word_1_4' title='bbox 662 242 863 268; x_wconf 56' lang='lat' dir='ltr'>Psalmo-u</span> <span class='ocrx_word' id='word_1_5' title='bbox 898 243 1012 279; x_wconf 64' lang='lat' dir='ltr'>xxx,</span> <span class='ocrx_word' id='word_1_6' title='bbox 1049 242 1174 270; x_wconf 64' lang='lat' dir='ltr'>sarm.</span> <span class='ocrx_word' id='word_1_7' title='bbox 1213 246 1240 269; x_wconf 93' lang='lat'>1.</span> <span class='ocrx_word' id='word_1_8' title='bbox 1355 234 1433 272; x_wconf 81' lang='lat'>397</span> 
     </span>
    </p>
   </div>
   <div class='ocr_carea' id='block_1_2' title="bbox 49 304 1441 1561">
    <p class='ocr_par' dir='ltr' id='par_1_2' title="bbox 49 304 1441 1561">
     <span class='ocr_line' id='line_1_2' title="bbox 57 304 1440 368; baseline 0.004 -21"><span class='ocrx_word' id='word_1_9' title='bbox 57 304 112 347; x_wconf 83' lang='lat' dir='ltr'>ad</span> <span class='ocrx_word' id='word_1_10' title='bbox 143 318 276 364; x_wconf 86' lang='lat' dir='ltr'>quem</span> <span class='ocrx_word' id='word_1_11' title='bbox 300 306 528 349; x_wconf 73' lang='lat' dir='ltr'>montem?</span> <span class='ocrx_word' id='word_1_12' title='bbox 556 304 612 349; x_wconf 91' lang='lat' dir='ltr'>ad</span> <span class='ocrx_word' id='word_1_13' title='bbox 645 320 778 366; x_wconf 91' lang='lat' dir='ltr'>quam</span> <span class='ocrx_word' id='word_1_14' title='bbox 805 305 1088 366; x_wconf 78' lang='lat' dir='ltr'>speluncam?</span> <span class='ocrx_word' id='word_1_15' title='bbox 1118 308 1172 351; x_wconf 90' lang='lat' dir='ltr'>ad</span> <span class='ocrx_word' id='word_1_16' title='bbox 1206 323 1305 368; x_wconf 83' lang='lat' dir='ltr'>quae</span> <span class='ocrx_word' id='word_1_17' title='bbox 1328 313 1440 353; x_wconf 80' lang='lat' dir='ltr'>tecta</span> 
     </span>
     <span class='ocr_line' id='line_1_3' title="bbox 56 374 1441 436; baseline 0.004 -19"><span class='ocrx_word' id='word_1_18' title='bbox 56 374 249 418; x_wconf 77' lang='lat' dir='ltr'>munita?</span> <span class='ocrx_word' id='word_1_19' title='bbox 265 389 398 435; x_wconf 86' lang='lat' dir='ltr'>quam</span> <span class='ocrx_word' id='word_1_20' title='bbox 411 389 551 419; x_wconf 84' lang='lat' dir='ltr'>arcem</span> <span class='ocrx_word' id='word_1_21' title='bbox 568 377 766 419; x_wconf 80' lang='lat' dir='ltr'>teneam?</span> <span class='ocrx_word' id='word_1_22' title='bbox 780 376 940 436; x_wconf 89' lang='lat' dir='ltr'>quibus</span> <span class='ocrx_word' id='word_1_23' title='bbox 956 377 1088 421; x_wconf 87' lang='lat' dir='ltr'>muris</span> <span class='ocrx_word' id='word_1_24' title='bbox 1111 378 1302 422; x_wconf 81' lang='lat' dir='ltr'>ambiar?</span> <span class='ocrx_word' id='word_1_25' title='bbox 1319 381 1441 432; x_wconf 86' lang='lat' dir='ltr'>Quo-</span> 
     </span>
     <span class='ocr_line' id='line_1_4' title="bbox 55 445 1439 508; baseline 0.004 -20"><span class='ocrx_word' id='word_1_26' title='bbox 55 459 245 505; x_wconf 87' lang='lat' dir='ltr'>cumque</span> <span class='ocrx_word' id='word_1_27' title='bbox 265 445 372 501; x_wconf 88' lang='lat' dir='ltr'>iero,</span> <span class='ocrx_word' id='word_1_28' title='bbox 394 460 552 505; x_wconf 88' lang='lat' dir='ltr'>sequor</span> <span class='ocrx_word' id='word_1_29' title='bbox 572 461 656 489; x_wconf 88' lang='lat' dir='ltr'>me.</span> <span class='ocrx_word' id='word_1_30' title='bbox 680 445 906 506; x_wconf 85' lang='lat' dir='ltr'>Quidquid</span> <span class='ocrx_word' id='word_1_31' title='bbox 927 447 1044 490; x_wconf 83' lang='lat' dir='ltr'>enim</span> <span class='ocrx_word' id='word_1_32' title='bbox 1065 448 1127 491; x_wconf 88' lang='lat' dir='ltr'>vis</span> <span class='ocrx_word' id='word_1_33' title='bbox 1141 457 1264 507; x_wconf 88' lang='lat' dir='ltr'>potes</span> <span class='ocrx_word' id='word_1_34' title='bbox 1286 449 1439 508; x_wconf 83' lang='lat' dir='ltr'>fugere</span> 
     </span>
     <span class='ocr_line' id='line_1_5' title="bbox 54 514 1436 574; baseline 0.004 -16"><span class='ocrx_word' id='word_1_35' title='bbox 54 514 203 570; x_wconf 87' lang='lat' dir='ltr'>homo,</span> <span class='ocrx_word' id='word_1_36' title='bbox 224 523 381 574; x_wconf 81' lang='lat' dir='ltr'>praeter</span> <span class='ocrx_word' id='word_1_37' title='bbox 403 515 712 559; x_wconf 80' lang='lat' dir='ltr'>conscientiam</span> <span class='ocrx_word' id='word_1_38' title='bbox 734 524 870 559; x_wconf 86' lang='lat' dir='ltr'>tuam.</span> <span class='ocrx_word' id='word_1_39' title='bbox 893 519 1011 560; x_wconf 88' lang='lat' dir='ltr'>Intra</span> <span class='ocrx_word' id='word_1_40' title='bbox 1032 516 1078 560; x_wconf 90' lang='lat' dir='ltr'>in</span> <span class='ocrx_word' id='word_1_41' title='bbox 1095 517 1276 562; x_wconf 88' lang='lat' dir='ltr'>domum</span> <span class='ocrx_word' id='word_1_42' title='bbox 1293 528 1436 564; x_wconf 87' lang='lat' dir='ltr'>tuam:</span> 
     </span>
     <span class='ocr_line' id='line_1_6' title="bbox 54 584 1439 646; baseline 0.003 -18"><span class='ocrx_word' id='word_1_43' title='bbox 54 584 275 646; x_wconf 85' lang='lat' dir='ltr'>requiesce</span> <span class='ocrx_word' id='word_1_44' title='bbox 295 584 472 630; x_wconf 89' lang='lat' dir='ltr'>inlecto</span> <span class='ocrx_word' id='word_1_45' title='bbox 488 595 566 630; x_wconf 85' lang='lat' dir='ltr'>tuo</span> <span class='ocrx_word' id='word_1_46' title='bbox 583 621 594 640; x_wconf 89' lang='lat'>,</span> <span class='ocrx_word' id='word_1_47' title='bbox 613 585 726 630; x_wconf 88' lang='lat' dir='ltr'>intra</span> <span class='ocrx_word' id='word_1_48' title='bbox 753 587 799 630; x_wconf 92' lang='lat' dir='ltr'>in</span> <span class='ocrx_word' id='word_1_49' title='bbox 820 586 1023 631; x_wconf 83' lang='lat' dir='ltr'>interiora</span> <span class='ocrx_word' id='word_1_50' title='bbox 1049 606 1058 631; x_wconf 88' lang='grc'>;</span> <span class='ocrx_word' id='word_1_51' title='bbox 1083 587 1262 632; x_wconf 83' lang='lat' dir='ltr'>interius</span> <span class='ocrx_word' id='word_1_52' title='bbox 1278 588 1439 632; x_wconf 89' lang='lat' dir='ltr'>habere</span> 
     </span>
     <span class='ocr_line' id='line_1_7' title="bbox 54 655 1440 716; baseline 0.003 -17"><span class='ocrx_word' id='word_1_53' title='bbox 54 655 162 699; x_wconf 87' lang='lat' dir='ltr'>nihil</span> <span class='ocrx_word' id='word_1_54' title='bbox 193 664 342 716; x_wconf 86' lang='lat' dir='ltr'>potes,</span> <span class='ocrx_word' id='word_1_55' title='bbox 377 671 466 716; x_wconf 89' lang='lat' dir='ltr'>quo</span> <span class='ocrx_word' id='word_1_56' title='bbox 498 656 638 714; x_wconf 81' lang='lat' dir='ltr'>fugias</span> <span class='ocrx_word' id='word_1_57' title='bbox 668 672 691 700; x_wconf 90' lang='lat' dir='ltr'>a</span> <span class='ocrx_word' id='word_1_58' title='bbox 723 657 986 701; x_wconf 85' lang='lat' dir='ltr'>conscientia</span> <span class='ocrx_word' id='word_1_59' title='bbox 1017 666 1119 713; x_wconf 91' lang='lat' dir='ltr'>tua,</span> <span class='ocrx_word' id='word_1_60' title='bbox 1146 657 1180 702; x_wconf 89' lang='lat' dir='ltr'>si</span> <span class='ocrx_word' id='word_1_61' title='bbox 1203 657 1368 703; x_wconf 91' lang='lat' dir='ltr'>rodunt</span> <span class='ocrx_word' id='word_1_62' title='bbox 1398 668 1440 703; x_wconf 86' lang='lat' dir='ltr'>te</span> 
     </span>
     <span class='ocr_line' id='line_1_8' title="bbox 53 725 1436 786; baseline 0.001 -16"><span class='ocrx_word' id='word_1_63' title='bbox 53 735 230 786; x_wconf 87' lang='lat' dir='ltr'>peccata</span> <span class='ocrx_word' id='word_1_64' title='bbox 262 735 352 770; x_wconf 87' lang='lat' dir='ltr'>tua.</span> <span class='ocrx_word' id='word_1_65' title='bbox 385 726 495 779; x_wconf 86' lang='lat' dir='ltr'>Quia</span> <span class='ocrx_word' id='word_1_66' title='bbox 526 742 630 771; x_wconf 84' lang='lat' dir='ltr'>vero</span> <span class='ocrx_word' id='word_1_67' title='bbox 655 725 765 770; x_wconf 80' lang='lat' dir='ltr'>dixit</span> <span class='ocrx_word' id='word_1_68' title='bbox 797 746 806 770; x_wconf 92' lang='lat'>:</span> <span class='ocrx_word' id='word_1_69' title='bbox 838 726 1043 772; x_wconf 87' lang='lat' dir='ltr'>Accelera</span> <span class='ocrx_word' id='word_1_70' title='bbox 1068 737 1120 772; x_wconf 87' lang='lat' dir='ltr'>ut</span> <span class='ocrx_word' id='word_1_71' title='bbox 1153 728 1311 773; x_wconf 74' lang='lat' dir='ltr'>eximas</span> <span class='ocrx_word' id='word_1_72' title='bbox 1339 744 1436 784; x_wconf 91' lang='lat' dir='ltr'>me,</span> 
     </span>
     <span class='ocr_line' id='line_1_9' title="bbox 53 795 1440 857; baseline 0.003 -17"><span class='ocrx_word' id='word_1_73' title='bbox 53 805 98 841; x_wconf 88' lang='lat' dir='ltr'>et</span> <span class='ocrx_word' id='word_1_74' title='bbox 117 796 164 840; x_wconf 90' lang='lat' dir='ltr'>in</span> <span class='ocrx_word' id='word_1_75' title='bbox 191 806 266 841; x_wconf 89' lang='lat' dir='ltr'>tua</span> <span class='ocrx_word' id='word_1_76' title='bbox 284 797 450 857; x_wconf 89' lang='lat' dir='ltr'>justitia</span> <span class='ocrx_word' id='word_1_77' title='bbox 483 812 586 840; x_wconf 87' lang='lat' dir='ltr'>erue</span> <span class='ocrx_word' id='word_1_78' title='bbox 614 812 706 852; x_wconf 88' lang='lat' dir='ltr'>me,</span> <span class='ocrx_word' id='word_1_79' title='bbox 745 806 796 840; x_wconf 86' lang='lat' dir='ltr'>ut</span> <span class='ocrx_word' id='word_1_80' title='bbox 818 795 1008 841; x_wconf 75' lang='lat' dir='ltr'>dimittas</span> <span class='ocrx_word' id='word_1_81' title='bbox 1035 807 1211 857; x_wconf 86' lang='lat' dir='ltr'>peccata</span> <span class='ocrx_word' id='word_1_82' title='bbox 1246 814 1341 843; x_wconf 91' lang='lat' dir='ltr'>mea</span> <span class='ocrx_word' id='word_1_83' title='bbox 1359 834 1370 854; x_wconf 91' lang='lat'>,</span> <span class='ocrx_word' id='word_1_84' title='bbox 1397 809 1440 844; x_wconf 85' lang='lat' dir='ltr'>et</span> 
     </span>
     <span class='ocr_line' id='line_1_10' title="bbox 53 866 1439 928; baseline 0.001 -18"><span class='ocrx_word' id='word_1_85' title='bbox 53 866 239 912; x_wconf 80' lang='lat' dir='ltr'>aedifices</span> <span class='ocrx_word' id='word_1_86' title='bbox 260 867 307 911; x_wconf 93' lang='lat' dir='ltr'>in</span> <span class='ocrx_word' id='word_1_87' title='bbox 323 882 393 911; x_wconf 85' lang='lat' dir='ltr'>me</span> <span class='ocrx_word' id='word_1_88' title='bbox 409 867 624 928; x_wconf 83' lang='lat' dir='ltr'>justitiam</span> <span class='ocrx_word' id='word_1_89' title='bbox 650 876 770 911; x_wconf 88' lang='lat' dir='ltr'>tuam</span> <span class='ocrx_word' id='word_1_90' title='bbox 797 886 805 911; x_wconf 92' lang='lat'>:</span> <span class='ocrx_word' id='word_1_91' title='bbox 831 876 880 910; x_wconf 91' lang='lat' dir='ltr'>tu</span> <span class='ocrx_word' id='word_1_92' title='bbox 903 867 1010 911; x_wconf 90' lang='lat' dir='ltr'>mihi</span> <span class='ocrx_word' id='word_1_93' title='bbox 1032 867 1113 912; x_wconf 85' lang='lat' dir='ltr'>eris</span> <span class='ocrx_word' id='word_1_94' title='bbox 1134 867 1289 913; x_wconf 87' lang='lat' dir='ltr'>domus</span> <span class='ocrx_word' id='word_1_95' title='bbox 1317 869 1439 913; x_wconf 87' lang='lat' dir='ltr'>refu-</span> 
     </span>
     <span class='ocr_line' id='line_1_11' title="bbox 53 937 1436 999; baseline 0.001 -17"><span class='ocrx_word' id='word_1_96' title='bbox 53 939 136 996; x_wconf 83' lang='lat' dir='ltr'>gii,</span> <span class='ocrx_word' id='word_1_97' title='bbox 156 939 212 983; x_wconf 87' lang='lat' dir='ltr'>ad</span> <span class='ocrx_word' id='word_1_98' title='bbox 232 948 276 984; x_wconf 86' lang='lat' dir='ltr'>te</span> <span class='ocrx_word' id='word_1_99' title='bbox 294 937 516 997; x_wconf 83' lang='lat' dir='ltr'>confugio.</span> <span class='ocrx_word' id='word_1_100' title='bbox 542 942 652 984; x_wconf 92' lang='lat' dir='ltr'>Nam</span> <span class='ocrx_word' id='word_1_101' title='bbox 676 954 700 983; x_wconf 85' lang='lat' dir='ltr'>a</span> <span class='ocrx_word' id='word_1_102' title='bbox 721 950 764 982; x_wconf 91' lang='lat' dir='ltr'>te</span> <span class='ocrx_word' id='word_1_103' title='bbox 782 954 872 999; x_wconf 86' lang='lat' dir='ltr'>quo</span> <span class='ocrx_word' id='word_1_104' title='bbox 896 938 1086 997; x_wconf 76' lang='lat' dir='ltr'>fugiam?</span> <span class='ocrx_word' id='word_1_105' title='bbox 1103 940 1305 984; x_wconf 84' lang='lat' dir='ltr'>Irascitur</span> <span class='ocrx_word' id='word_1_106' title='bbox 1329 940 1408 985; x_wconf 86' lang='lat' dir='ltr'>tibi</span> <span class='ocrx_word' id='word_1_107' title='bbox 1425 975 1436 995; x_wconf 97' lang='lat'>,</span> 
     </span>
     <span class='ocr_line' id='line_1_12' title="bbox 53 1008 1441 1070; baseline 0 -16"><span class='ocrx_word' id='word_1_108' title='bbox 53 1012 190 1065; x_wconf 82' lang='lat' dir='ltr'>Deus,</span> <span class='ocrx_word' id='word_1_109' title='bbox 216 1025 305 1070; x_wconf 90' lang='lat' dir='ltr'>quo</span> <span class='ocrx_word' id='word_1_110' title='bbox 326 1009 492 1069; x_wconf 75' lang='lat' dir='ltr'>fugies?</span> <span class='ocrx_word' id='word_1_111' title='bbox 509 1009 626 1054; x_wconf 84' lang='lat' dir='ltr'>Audi</span> <span class='ocrx_word' id='word_1_112' title='bbox 643 1008 752 1070; x_wconf 87' lang='lat' dir='ltr'>quid</span> <span class='ocrx_word' id='word_1_113' title='bbox 774 1009 889 1053; x_wconf 85' lang='lat' dir='ltr'>dicat</span> <span class='ocrx_word' id='word_1_114' title='bbox 911 1010 956 1053; x_wconf 90' lang='lat' dir='ltr'>in</span> <span class='ocrx_word' id='word_1_115' title='bbox 979 1009 1060 1054; x_wconf 85' lang='lat' dir='ltr'>alio</span> <span class='ocrx_word' id='word_1_116' title='bbox 1078 1010 1264 1065; x_wconf 83' lang='lat' dir='ltr'>Psalmo,</span> <span class='ocrx_word' id='word_1_117' title='bbox 1284 1011 1441 1055; x_wconf 88' lang='lat' dir='ltr'>timens</span> 
     </span>
     <span class='ocr_line' id='line_1_13' title="bbox 52 1080 1441 1141; baseline 0.001 -17"><span class='ocrx_word' id='word_1_118' title='bbox 52 1080 161 1124; x_wconf 88' lang='lat' dir='ltr'>iram</span> <span class='ocrx_word' id='word_1_119' title='bbox 187 1080 279 1125; x_wconf 88' lang='lat' dir='ltr'>Dei.</span> <span class='ocrx_word' id='word_1_120' title='bbox 310 1100 330 1123; x_wconf 84' lang='lat'>«</span> <span class='ocrx_word' id='word_1_121' title='bbox 350 1083 448 1134; x_wconf 91' lang='lat' dir='ltr'>Quo</span> <span class='ocrx_word' id='word_1_122' title='bbox 474 1080 548 1125; x_wconf 91' lang='lat' dir='ltr'>ibo</span> <span class='ocrx_word' id='word_1_123' title='bbox 570 1097 593 1125; x_wconf 84' lang='lat' dir='ltr'>a</span> <span class='ocrx_word' id='word_1_124' title='bbox 615 1081 768 1140; x_wconf 83' lang='lat' dir='ltr'>spiritu</span> <span class='ocrx_word' id='word_1_125' title='bbox 790 1089 892 1134; x_wconf 91' lang='lat' dir='ltr'>tuo,</span> <span class='ocrx_word' id='word_1_126' title='bbox 918 1090 961 1124; x_wconf 87' lang='lat' dir='ltr'>et</span> <span class='ocrx_word' id='word_1_127' title='bbox 977 1096 1066 1141; x_wconf 85' lang='lat' dir='ltr'>quo</span> <span class='ocrx_word' id='word_1_128' title='bbox 1089 1097 1112 1124; x_wconf 93' lang='lat' dir='ltr'>a</span> <span class='ocrx_word' id='word_1_129' title='bbox 1134 1081 1243 1125; x_wconf 81' lang='lat' dir='ltr'>facie</span> <span class='ocrx_word' id='word_1_130' title='bbox 1273 1090 1347 1126; x_wconf 88' lang='lat' dir='ltr'>tua</span> <span class='ocrx_word' id='word_1_131' title='bbox 1368 1081 1441 1125; x_wconf 85' lang='lat' dir='ltr'>fu-</span> 
     </span>
     <span class='ocr_line' id='line_1_14' title="bbox 55 1151 1441 1210; baseline 0.003 -17"><span class='ocrx_word' id='word_1_132' title='bbox 55 1170 78 1194; x_wconf 83' lang='lat'>»</span> <span class='ocrx_word' id='word_1_133' title='bbox 114 1151 256 1210; x_wconf 75' lang='lat' dir='ltr'>giam?</span> <span class='ocrx_word' id='word_1_134' title='bbox 281 1152 324 1197; x_wconf 92' lang='lat' dir='ltr'>Si</span> <span class='ocrx_word' id='word_1_135' title='bbox 345 1151 580 1197; x_wconf 80' lang='lat' dir='ltr'>ascendero</span> <span class='ocrx_word' id='word_1_136' title='bbox 602 1153 647 1196; x_wconf 91' lang='lat' dir='ltr'>in</span> <span class='ocrx_word' id='word_1_137' title='bbox 668 1151 848 1207; x_wconf 83' lang='lat' dir='ltr'>coelum,</span> <span class='ocrx_word' id='word_1_138' title='bbox 875 1161 923 1196; x_wconf 93' lang='lat' dir='ltr'>tu</span> <span class='ocrx_word' id='word_1_139' title='bbox 946 1151 1007 1195; x_wconf 89' lang='lat' dir='ltr'>ibi</span> <span class='ocrx_word' id='word_1_140' title='bbox 1031 1168 1074 1196; x_wconf 92' lang='lat' dir='ltr'>es</span> <span class='ocrx_word' id='word_1_141' title='bbox 1097 1153 1158 1196; x_wconf 89' lang='lat' dir='ltr'>:si</span> <span class='ocrx_word' id='word_1_142' title='bbox 1176 1152 1441 1197; x_wconf 85' lang='lat' dir='ltr'>descendero</span> 
     </span>
     <span class='ocr_line' id='line_1_15' title="bbox 55 1221 1435 1279; baseline 0.003 -15"><span class='ocrx_word' id='word_1_143' title='bbox 55 1240 77 1264; x_wconf 79' lang='lat'>&gt;›</span> <span class='ocrx_word' id='word_1_144' title='bbox 111 1223 158 1266; x_wconf 93' lang='lat' dir='ltr'>in</span> <span class='ocrx_word' id='word_1_145' title='bbox 174 1221 396 1267; x_wconf 79' lang='lat' dir='ltr'>infernum</span> <span class='ocrx_word' id='word_1_146' title='bbox 411 1258 422 1278; x_wconf 97' lang='lat'>,</span> <span class='ocrx_word' id='word_1_147' title='bbox 445 1222 588 1267; x_wconf 83' lang='lat' dir='ltr'>ades¹.</span> <span class='ocrx_word' id='word_1_148' title='bbox 615 1241 636 1264; x_wconf 89' lang='lat'>»</span> <span class='ocrx_word' id='word_1_149' title='bbox 658 1225 946 1279; x_wconf 89' lang='lat' dir='ltr'>Quocumque</span> <span class='ocrx_word' id='word_1_150' title='bbox 961 1223 1051 1267; x_wconf 86' lang='lat' dir='ltr'>iero</span> <span class='ocrx_word' id='word_1_151' title='bbox 1067 1258 1078 1278; x_wconf 82' lang='lat'>,</span> <span class='ocrx_word' id='word_1_152' title='bbox 1102 1223 1162 1267; x_wconf 89' lang='lat' dir='ltr'>ibi</span> <span class='ocrx_word' id='word_1_153' title='bbox 1182 1233 1222 1268; x_wconf 85' lang='lat' dir='ltr'>te</span> <span class='ocrx_word' id='word_1_154' title='bbox 1244 1224 1435 1268; x_wconf 86' lang='lat' dir='ltr'>invenio.</span> 
     </span>
     <span class='ocr_line' id='line_1_16' title="bbox 51 1293 1439 1355; baseline 0.001 -17"><span class='ocrx_word' id='word_1_155' title='bbox 51 1296 109 1338; x_wconf 90' lang='lat' dir='ltr'>Et</span> <span class='ocrx_word' id='word_1_156' title='bbox 129 1294 164 1338; x_wconf 90' lang='lat' dir='ltr'>si</span> <span class='ocrx_word' id='word_1_157' title='bbox 180 1294 396 1349; x_wconf 88' lang='lat' dir='ltr'>irasceris,</span> <span class='ocrx_word' id='word_1_158' title='bbox 418 1293 606 1338; x_wconf 89' lang='lat' dir='ltr'>ultorem</span> <span class='ocrx_word' id='word_1_159' title='bbox 623 1303 666 1338; x_wconf 90' lang='lat' dir='ltr'>te</span> <span class='ocrx_word' id='word_1_160' title='bbox 682 1294 884 1351; x_wconf 68' lang='lat' dir='ltr'>invenio,</span> <span class='ocrx_word' id='word_1_161' title='bbox 909 1294 942 1338; x_wconf 90' lang='lat' dir='ltr'>si</span> <span class='ocrx_word' id='word_1_162' title='bbox 959 1294 1153 1354; x_wconf 88' lang='lat' dir='ltr'>placatus</span> <span class='ocrx_word' id='word_1_163' title='bbox 1170 1311 1213 1339; x_wconf 82' lang='lat' dir='ltr'>cs</span> <span class='ocrx_word' id='word_1_164' title='bbox 1232 1330 1242 1350; x_wconf 96' lang='lat'>,</span> <span class='ocrx_word' id='word_1_165' title='bbox 1264 1294 1439 1355; x_wconf 86' lang='lat' dir='ltr'>adjuto-</span> 
     </span>
     <span class='ocr_line' id='line_1_17' title="bbox 51 1363 1436 1423; baseline 0.001 -16"><span class='ocrx_word' id='word_1_166' title='bbox 51 1379 159 1408; x_wconf 85' lang='lat' dir='ltr'>rem.</span> <span class='ocrx_word' id='word_1_167' title='bbox 185 1363 302 1410; x_wconf 85' lang='lat' dir='ltr'>Nihil</span> <span class='ocrx_word' id='word_1_168' title='bbox 322 1364 430 1408; x_wconf 91' lang='lat' dir='ltr'>mihi</span> <span class='ocrx_word' id='word_1_169' title='bbox 451 1379 554 1423; x_wconf 85' lang='lat' dir='ltr'>ergo</span> <span class='ocrx_word' id='word_1_170' title='bbox 582 1373 713 1408; x_wconf 83' lang='lat' dir='ltr'>restat</span> <span class='ocrx_word' id='word_1_171' title='bbox 728 1398 740 1418; x_wconf 91' lang='lat'>,</span> <span class='ocrx_word' id='word_1_172' title='bbox 770 1363 853 1407; x_wconf 91' lang='lat' dir='ltr'>nisi</span> <span class='ocrx_word' id='word_1_173' title='bbox 875 1363 929 1408; x_wconf 86' lang='lat' dir='ltr'>ad</span> <span class='ocrx_word' id='word_1_174' title='bbox 953 1373 994 1408; x_wconf 82' lang='lat' dir='ltr'>te</span> <span class='ocrx_word' id='word_1_175' title='bbox 1015 1363 1167 1423; x_wconf 82' lang='lat' dir='ltr'>fugere</span> <span class='ocrx_word' id='word_1_176' title='bbox 1182 1400 1192 1419; x_wconf 98' lang='lat'>,</span> <span class='ocrx_word' id='word_1_177' title='bbox 1218 1380 1308 1410; x_wconf 93' lang='lat' dir='ltr'>non</span> <span class='ocrx_word' id='word_1_178' title='bbox 1331 1382 1354 1409; x_wconf 91' lang='lat' dir='ltr'>a</span> <span class='ocrx_word' id='word_1_179' title='bbox 1377 1374 1436 1409; x_wconf 85' lang='lat' dir='ltr'>te.</span> 
     </span>
     <span class='ocr_line' id='line_1_18' title="bbox 54 1434 1440 1495; baseline 0 -16"><span class='ocrx_word' id='word_1_180' title='bbox 54 1436 110 1479; x_wconf 87' lang='lat' dir='ltr'>Ut</span> <span class='ocrx_word' id='word_1_181' title='bbox 126 1434 280 1479; x_wconf 86' lang='lat' dir='ltr'>evadas</span> <span class='ocrx_word' id='word_1_182' title='bbox 298 1434 522 1479; x_wconf 90' lang='lat' dir='ltr'>hominem</span> <span class='ocrx_word' id='word_1_183' title='bbox 544 1434 771 1479; x_wconf 90' lang='lat' dir='ltr'>dominum</span> <span class='ocrx_word' id='word_1_184' title='bbox 793 1435 1059 1495; x_wconf 82' lang='lat' dir='ltr'>quicumque</span> <span class='ocrx_word' id='word_1_185' title='bbox 1080 1451 1226 1479; x_wconf 90' lang='lat' dir='ltr'>servus</span> <span class='ocrx_word' id='word_1_186' title='bbox 1248 1452 1306 1489; x_wconf 88' lang='lat' dir='ltr'>es,</span> <span class='ocrx_word' id='word_1_187' title='bbox 1328 1435 1440 1493; x_wconf 77' lang='lat' dir='ltr'>fugis</span> 
     </span>
     <span class='ocr_line' id='line_1_19' title="bbox 49 1504 1436 1561; baseline 0 -11"><span class='ocrx_word' id='word_1_188' title='bbox 49 1504 98 1550; x_wconf 92' lang='lat' dir='ltr'>in</span> <span class='ocrx_word' id='word_1_189' title='bbox 126 1521 177 1550; x_wconf 88' lang='lat' dir='ltr'>ea</span> <span class='ocrx_word' id='word_1_190' title='bbox 196 1505 293 1550; x_wconf 86' lang='lat' dir='ltr'>loca</span> <span class='ocrx_word' id='word_1_191' title='bbox 312 1505 390 1549; x_wconf 89' lang='lat' dir='ltr'>ubi</span> <span class='ocrx_word' id='word_1_192' title='bbox 412 1521 502 1550; x_wconf 90' lang='lat' dir='ltr'>non</span> <span class='ocrx_word' id='word_1_193' title='bbox 530 1514 594 1550; x_wconf 89' lang='lat' dir='ltr'>est</span> <span class='ocrx_word' id='word_1_194' title='bbox 614 1505 817 1549; x_wconf 84' lang='lat' dir='ltr'>dominus</span> <span class='ocrx_word' id='word_1_195' title='bbox 846 1514 947 1549; x_wconf 89' lang='lat' dir='ltr'>tuus</span> <span class='ocrx_word' id='word_1_196' title='bbox 970 1524 979 1550; x_wconf 91' lang='lat'>:</span> <span class='ocrx_word' id='word_1_197' title='bbox 1010 1515 1060 1550; x_wconf 85' lang='lat' dir='ltr'>ut</span> <span class='ocrx_word' id='word_1_198' title='bbox 1087 1505 1241 1550; x_wconf 75' lang='lat' dir='ltr'>evadas</span> <span class='ocrx_word' id='word_1_199' title='bbox 1270 1509 1408 1550; x_wconf 88' lang='lat' dir='ltr'>Deum</span> <span class='ocrx_word' id='word_1_200' title='bbox 1425 1541 1436 1561; x_wconf 92' lang='lat'>,</span> 
     </span>
    </p>
   </div>
   <div class='ocr_carea' id='block_1_3' title="bbox 13 1574 1439 1637">
    <p class='ocr_par' dir='ltr' id='par_1_3' title="bbox 13 1574 1439 1637">
     <span class='ocr_line' id='line_1_20' title="bbox 13 1574 1439 1637; baseline 0 -15"><span class='ocrx_word' id='word_1_201' title='bbox 13 1619 17 1623; x_wconf 95' lang='grc'><em>,</em></span> <span class='ocrx_word' id='word_1_202' title='bbox 50 1574 156 1635; x_wconf 85' lang='lat' dir='ltr'>fuge</span> <span class='ocrx_word' id='word_1_203' title='bbox 173 1575 229 1620; x_wconf 87' lang='lat' dir='ltr'>ad</span> <span class='ocrx_word' id='word_1_204' title='bbox 249 1576 499 1621; x_wconf 90' lang='lat' dir='ltr'>Dominum.</span> <span class='ocrx_word' id='word_1_205' title='bbox 520 1579 632 1622; x_wconf 86' lang='lat' dir='ltr'>Nam</span> <span class='ocrx_word' id='word_1_206' title='bbox 647 1591 737 1620; x_wconf 91' lang='lat' dir='ltr'>non</span> <span class='ocrx_word' id='word_1_207' title='bbox 754 1585 817 1620; x_wconf 88' lang='lat' dir='ltr'>est</span> <span class='ocrx_word' id='word_1_208' title='bbox 835 1592 924 1637; x_wconf 89' lang='lat' dir='ltr'>quo</span> <span class='ocrx_word' id='word_1_209' title='bbox 939 1575 1079 1635; x_wconf 84' lang='lat' dir='ltr'>fugias</span> <span class='ocrx_word' id='word_1_210' title='bbox 1094 1580 1250 1621; x_wconf 87' lang='lat' dir='ltr'>Deum.</span> <span class='ocrx_word' id='word_1_211' title='bbox 1278 1580 1439 1622; x_wconf 85' lang='lat' dir='ltr'>Praesto</span> 
     </span>
    </p>
   </div>
   <div class='ocr_carea' id='block_1_4' title="bbox 51 1646 1440 1779">
    <p class='ocr_par' dir='ltr' id='par_1_4' title="bbox 51 1646 1440 1779">
     <span class='ocr_line' id='line_1_21' title="bbox 51 1646 1435 1707; baseline -0.001 -16"><span class='ocrx_word' id='word_1_212' title='bbox 51 1656 153 1691; x_wconf 88' lang='lat' dir='ltr'>sunt</span> <span class='ocrx_word' id='word_1_213' title='bbox 174 1647 319 1691; x_wconf 88' lang='lat' dir='ltr'>omnia</span> <span class='ocrx_word' id='word_1_214' title='bbox 343 1657 387 1692; x_wconf 89' lang='lat' dir='ltr'>et</span> <span class='ocrx_word' id='word_1_215' title='bbox 413 1646 532 1692; x_wconf 85' lang='lat' dir='ltr'>nuda</span> <span class='ocrx_word' id='word_1_216' title='bbox 559 1647 880 1707; x_wconf 88' lang='lat' dir='ltr'>Omnipotentis</span> <span class='ocrx_word' id='word_1_217' title='bbox 904 1646 1054 1691; x_wconf 90' lang='lat' dir='ltr'>oculis.</span> <span class='ocrx_word' id='word_1_218' title='bbox 1087 1650 1153 1691; x_wconf 91' lang='lat' dir='ltr'>Tu</span> <span class='ocrx_word' id='word_1_219' title='bbox 1180 1663 1283 1706; x_wconf 80' lang='lat' dir='ltr'>ergo</span> <span class='ocrx_word' id='word_1_220' title='bbox 1305 1648 1435 1703; x_wconf 90' lang='lat' dir='ltr'>mihi,</span> 
     </span>
     <span class='ocr_line' id='line_1_22' title="bbox 51 1717 1440 1779; baseline 0.002 -18"><span class='ocrx_word' id='word_1_221' title='bbox 51 1717 210 1778; x_wconf 88' lang='lat' dir='ltr'>inquit,</span> <span class='ocrx_word' id='word_1_222' title='bbox 235 1727 326 1763; x_wconf 88' lang='lat' dir='ltr'>esto</span> <span class='ocrx_word' id='word_1_223' title='bbox 343 1718 499 1764; x_wconf 90' lang='lat' dir='ltr'>domus</span> <span class='ocrx_word' id='word_1_224' title='bbox 521 1717 692 1777; x_wconf 80' lang='lat' dir='ltr'>refugii.</span> <span class='ocrx_word' id='word_1_225' title='bbox 712 1721 821 1763; x_wconf 90' lang='lat' dir='ltr'>Nam</span> <span class='ocrx_word' id='word_1_226' title='bbox 841 1718 874 1762; x_wconf 90' lang='lat' dir='ltr'>si</span> <span class='ocrx_word' id='word_1_227' title='bbox 887 1717 1028 1762; x_wconf 84' lang='lat' dir='ltr'>salvus</span> <span class='ocrx_word' id='word_1_228' title='bbox 1050 1733 1141 1762; x_wconf 91' lang='lat' dir='ltr'>non</span> <span class='ocrx_word' id='word_1_229' title='bbox 1160 1717 1306 1773; x_wconf 87' lang='lat' dir='ltr'>fuero,</span> <span class='ocrx_word' id='word_1_230' title='bbox 1328 1736 1440 1779; x_wconf 88' lang='lat' dir='ltr'>quo-</span> 
     </span>
    </p>
   </div>
   <div class='ocr_carea' id='block_1_5' title="bbox 24 1787 1438 1848">
    <p class='ocr_par' dir='ltr' id='par_1_5' title="bbox 24 1787 1438 1848">
     <span class='ocr_line' id='line_1_23' title="bbox 24 1787 1438 1848; baseline 0.002 -16"><span class='ocrx_word' id='word_1_231' title='bbox 24 1829 26 1831; x_wconf 93' lang='lat'>.</span> <span class='ocrx_word' id='word_1_232' title='bbox 51 1789 184 1833; x_wconf 88' lang='lat' dir='ltr'>modo</span> <span class='ocrx_word' id='word_1_233' title='bbox 205 1787 352 1848; x_wconf 78' lang='lat' dir='ltr'>fugio?</span> <span class='ocrx_word' id='word_1_234' title='bbox 376 1792 486 1835; x_wconf 85' lang='lat' dir='ltr'>Sana</span> <span class='ocrx_word' id='word_1_235' title='bbox 503 1805 572 1833; x_wconf 88' lang='lat' dir='ltr'>me</span> <span class='ocrx_word' id='word_1_236' title='bbox 588 1825 598 1844; x_wconf 93' lang='lat'>,</span> <span class='ocrx_word' id='word_1_237' title='bbox 624 1798 666 1833; x_wconf 86' lang='lat' dir='ltr'>et</span> <span class='ocrx_word' id='word_1_238' title='bbox 687 1788 808 1847; x_wconf 84' lang='lat' dir='ltr'>fugio</span> <span class='ocrx_word' id='word_1_239' title='bbox 831 1789 886 1833; x_wconf 86' lang='lat' dir='ltr'>ad</span> <span class='ocrx_word' id='word_1_240' title='bbox 906 1798 961 1833; x_wconf 90' lang='lat' dir='ltr'>te.</span> <span class='ocrx_word' id='word_1_241' title='bbox 983 1792 1092 1834; x_wconf 77' lang='lat' dir='ltr'>Nam</span> <span class='ocrx_word' id='word_1_242' title='bbox 1112 1790 1146 1833; x_wconf 91' lang='lat' dir='ltr'>si</span> <span class='ocrx_word' id='word_1_243' title='bbox 1167 1805 1238 1833; x_wconf 86' lang='lat' dir='ltr'>me</span> <span class='ocrx_word' id='word_1_244' title='bbox 1259 1806 1348 1835; x_wconf 89' lang='lat' dir='ltr'>non</span> <span class='ocrx_word' id='word_1_245' title='bbox 1370 1807 1438 1835; x_wconf 88' lang='lat' dir='ltr'>sa-</span> 
     </span>
    </p>
   </div>
   <div class='ocr_carea' id='block_1_6' title="bbox 51 1859 1441 2555">
    <p class='ocr_par' dir='ltr' id='par_1_6' title="bbox 51 1859 1441 2555">
     <span class='ocr_line' id='line_1_24' title="bbox 51 1859 1439 1921; baseline 0.001 -16"><span class='ocrx_word' id='word_1_246' title='bbox 51 1876 145 1916; x_wconf 89' lang='lat' dir='ltr'>nas,</span> <span class='ocrx_word' id='word_1_247' title='bbox 165 1860 390 1906; x_wconf 88' lang='lat' dir='ltr'>ambulare</span> <span class='ocrx_word' id='word_1_248' title='bbox 411 1877 501 1906; x_wconf 88' lang='lat' dir='ltr'>non</span> <span class='ocrx_word' id='word_1_249' title='bbox 520 1876 714 1920; x_wconf 86' lang='lat' dir='ltr'>possum,</span> <span class='ocrx_word' id='word_1_250' title='bbox 735 1859 884 1919; x_wconf 83' lang='lat' dir='ltr'>fugere</span> <span class='ocrx_word' id='word_1_251' title='bbox 901 1860 1123 1921; x_wconf 88' lang='lat' dir='ltr'>quomodo</span> <span class='ocrx_word' id='word_1_252' title='bbox 1144 1865 1321 1921; x_wconf 76' lang='lat' dir='ltr'>potero?</span> <span class='ocrx_word' id='word_1_253' title='bbox 1341 1865 1439 1915; x_wconf 93' lang='lat' dir='ltr'>Quo</span> 
     </span>
     <span class='ocr_line' id='line_1_25' title="bbox 51 1930 1438 1992; baseline 0.001 -17"><span class='ocrx_word' id='word_1_254' title='bbox 51 1931 155 1984; x_wconf 86' lang='lat' dir='ltr'>iret,</span> <span class='ocrx_word' id='word_1_255' title='bbox 197 1947 286 1992; x_wconf 92' lang='lat' dir='ltr'>quo</span> <span class='ocrx_word' id='word_1_256' title='bbox 329 1930 532 1990; x_wconf 85' lang='lat' dir='ltr'>fugeret,</span> <span class='ocrx_word' id='word_1_257' title='bbox 569 1931 604 1975; x_wconf 88' lang='lat' dir='ltr'>si</span> <span class='ocrx_word' id='word_1_258' title='bbox 632 1930 857 1974; x_wconf 85' lang='lat' dir='ltr'>ambulare</span> <span class='ocrx_word' id='word_1_259' title='bbox 891 1946 981 1974; x_wconf 89' lang='lat' dir='ltr'>non</span> <span class='ocrx_word' id='word_1_260' title='bbox 1010 1940 1176 1990; x_wconf 88' lang='lat' dir='ltr'>posset,</span> <span class='ocrx_word' id='word_1_261' title='bbox 1209 1932 1438 1977; x_wconf 85' lang='lat' dir='ltr'>semivivus</span> 
     </span>
     <span class='ocr_line' id='line_1_26' title="bbox 53 1999 1438 2056; baseline 0.001 -11"><span class='ocrx_word' id='word_1_262' title='bbox 53 2000 100 2045; x_wconf 86' lang='lat' dir='ltr'>in</span> <span class='ocrx_word' id='word_1_263' title='bbox 119 2000 212 2056; x_wconf 80' lang='lat' dir='ltr'>via,</span> <span class='ocrx_word' id='word_1_264' title='bbox 243 2001 458 2046; x_wconf 86' lang='lat' dir='ltr'>sauciatus</span> <span class='ocrx_word' id='word_1_265' title='bbox 491 1999 747 2045; x_wconf 88' lang='lat' dir='ltr'>vulneribus</span> <span class='ocrx_word' id='word_1_266' title='bbox 781 2000 1027 2045; x_wconf 77' lang='lat' dir='ltr'>latronum?</span> <span class='ocrx_word' id='word_1_267' title='bbox 1061 2004 1201 2054; x_wconf 86' lang='lat' dir='ltr'>Quem</span> <span class='ocrx_word' id='word_1_268' title='bbox 1230 2003 1438 2046; x_wconf 82' lang='lat' dir='ltr'>transiens</span> 
     </span>
     <span class='ocr_line' id='line_1_27' title="bbox 53 2070 1438 2131; baseline 0.001 -16"><span class='ocrx_word' id='word_1_269' title='bbox 53 2070 251 2116; x_wconf 77' lang='lat' dir='ltr'>sacerdos</span> <span class='ocrx_word' id='word_1_270' title='bbox 278 2071 512 2131; x_wconf 83' lang='lat' dir='ltr'>praeteriit,</span> <span class='ocrx_word' id='word_1_271' title='bbox 542 2071 752 2115; x_wconf 85' lang='lat' dir='ltr'>transiens</span> <span class='ocrx_word' id='word_1_272' title='bbox 783 2071 933 2115; x_wconf 81' lang='lat' dir='ltr'>Levita</span> <span class='ocrx_word' id='word_1_273' title='bbox 961 2071 1194 2130; x_wconf 66' lang='lat' dir='ltr'>praeteriit,</span> <span class='ocrx_word' id='word_1_274' title='bbox 1228 2072 1438 2117; x_wconf 87' lang='lat' dir='ltr'>transiens</span> 
     </span>
     <span class='ocr_line' id='line_1_28' title="bbox 56 2140 1438 2203; baseline 0 -17"><span class='ocrx_word' id='word_1_275' title='bbox 56 2142 348 2187; x_wconf 83' lang='lat' dir='ltr'>Samaritanus</span> <span class='ocrx_word' id='word_1_276' title='bbox 370 2142 594 2186; x_wconf 89' lang='lat' dir='ltr'>miseratus</span> <span class='ocrx_word' id='word_1_277' title='bbox 616 2150 680 2185; x_wconf 86' lang='lat' dir='ltr'>est</span> <span class='ocrx_word' id='word_1_278' title='bbox 691 2145 724 2196; x_wconf 71' lang='lat'>²,</span> <span class='ocrx_word' id='word_1_279' title='bbox 740 2140 785 2185; x_wconf 89' lang='lat' dir='ltr'>id</span> <span class='ocrx_word' id='word_1_280' title='bbox 806 2150 885 2196; x_wconf 89' lang='lat' dir='ltr'>cst,</span> <span class='ocrx_word' id='word_1_281' title='bbox 910 2141 1000 2201; x_wconf 84' lang='lat' dir='ltr'>ipse</span> <span class='ocrx_word' id='word_1_282' title='bbox 1018 2141 1245 2198; x_wconf 82' lang='lat' dir='ltr'>Dominus,</span> <span class='ocrx_word' id='word_1_283' title='bbox 1261 2143 1336 2203; x_wconf 87' lang='lat' dir='ltr'>qui</span> <span class='ocrx_word' id='word_1_284' title='bbox 1354 2143 1438 2186; x_wconf 90' lang='lat' dir='ltr'>mi-</span> 
     </span>
     <span class='ocr_line' id='line_1_29' title="bbox 53 2212 1438 2270; baseline 0.001 -15"><span class='ocrx_word' id='word_1_285' title='bbox 53 2221 217 2256; x_wconf 75' lang='lat' dir='ltr'>sei-atus</span> <span class='ocrx_word' id='word_1_286' title='bbox 237 2221 302 2257; x_wconf 90' lang='lat' dir='ltr'>est</span> <span class='ocrx_word' id='word_1_287' title='bbox 321 2227 455 2270; x_wconf 81' lang='lat' dir='ltr'>genus</span> <span class='ocrx_word' id='word_1_288' title='bbox 473 2212 731 2256; x_wconf 82' lang='lat' dir='ltr'>humanum.</span> <span class='ocrx_word' id='word_1_289' title='bbox 755 2212 981 2256; x_wconf 83' lang='lat' dir='ltr'>Samarites</span> <span class='ocrx_word' id='word_1_290' title='bbox 1000 2214 1115 2255; x_wconf 87' lang='lat' dir='ltr'>enim</span> <span class='ocrx_word' id='word_1_291' title='bbox 1141 2221 1284 2257; x_wconf 87' lang='lat' dir='ltr'>custos</span> <span class='ocrx_word' id='word_1_292' title='bbox 1302 2213 1438 2257; x_wconf 88' lang='lat' dir='ltr'>inter-</span> 
     </span>
     <span class='ocr_line' id='line_1_30' title="bbox 54 2280 1438 2343; baseline 0 -16"><span class='ocrx_word' id='word_1_293' title='bbox 54 2291 265 2343; x_wconf 84' lang='lat' dir='ltr'>pretatur.</span> <span class='ocrx_word' id='word_1_294' title='bbox 286 2286 342 2327; x_wconf 85' lang='lat' dir='ltr'>Et</span> <span class='ocrx_word' id='word_1_295' title='bbox 362 2283 459 2343; x_wconf 88' lang='lat' dir='ltr'>quis</span> <span class='ocrx_word' id='word_1_296' title='bbox 473 2298 551 2327; x_wconf 89' lang='lat' dir='ltr'>nos</span> <span class='ocrx_word' id='word_1_297' title='bbox 573 2281 778 2337; x_wconf 84' lang='lat' dir='ltr'>custodit,</span> <span class='ocrx_word' id='word_1_298' title='bbox 799 2282 832 2325; x_wconf 90' lang='lat' dir='ltr'>si</span> <span class='ocrx_word' id='word_1_299' title='bbox 854 2280 925 2325; x_wconf 79' lang='lat' dir='ltr'>ille</span> <span class='ocrx_word' id='word_1_300' title='bbox 947 2281 1316 2338; x_wconf 71' lang='lat' dir='ltr'>deseritPMerim,</span> <span class='ocrx_word' id='word_1_301' title='bbox 1338 2299 1438 2328; x_wconf 89' lang='lat' dir='ltr'>cum</span> 
     </span>
     <span class='ocr_line' id='line_1_31' title="bbox 53 2353 1436 2410; baseline 0 -12"><span class='ocrx_word' id='word_1_302' title='bbox 53 2353 200 2398; x_wconf 81' lang='lat' dir='ltr'>Judaei</span> <span class='ocrx_word' id='word_1_303' title='bbox 232 2353 522 2399; x_wconf 88' lang='lat' dir='ltr'>conviciantes</span> <span class='ocrx_word' id='word_1_304' title='bbox 553 2353 748 2398; x_wconf 90' lang='lat' dir='ltr'>dicerent</span> <span class='ocrx_word' id='word_1_305' title='bbox 776 2373 785 2397; x_wconf 89' lang='lat'>:</span> <span class='ocrx_word' id='word_1_306' title='bbox 817 2373 836 2395; x_wconf 89' lang='lat'>«</span> <span class='ocrx_word' id='word_1_307' title='bbox 867 2355 1022 2398; x_wconf 89' lang='lat' dir='ltr'>Nonne</span> <span class='ocrx_word' id='word_1_308' title='bbox 1049 2369 1201 2398; x_wconf 89' lang='lat' dir='ltr'>verum</span> <span class='ocrx_word' id='word_1_309' title='bbox 1231 2353 1436 2410; x_wconf 86' lang='lat' dir='ltr'>dicimus,</span> 
     </span>
     <span class='ocr_line' id='line_1_32' title="bbox 58 2423 1439 2484; baseline 0.002 -18"><span class='ocrx_word' id='word_1_310' title='bbox 58 2443 78 2466; x_wconf 85' lang='lat'>»</span> <span class='ocrx_word' id='word_1_311' title='bbox 114 2424 216 2484; x_wconf 87' lang='lat' dir='ltr'>quia</span> <span class='ocrx_word' id='word_1_312' title='bbox 252 2424 544 2470; x_wconf 84' lang='lat' dir='ltr'>Samaritanus</span> <span class='ocrx_word' id='word_1_313' title='bbox 570 2439 614 2468; x_wconf 88' lang='lat' dir='ltr'>es</span> <span class='ocrx_word' id='word_1_314' title='bbox 630 2459 641 2479; x_wconf 92' lang='lat'>,</span> <span class='ocrx_word' id='word_1_315' title='bbox 666 2433 708 2468; x_wconf 92' lang='lat' dir='ltr'>et</span> <span class='ocrx_word' id='word_1_316' title='bbox 731 2423 997 2467; x_wconf 80' lang='lat' dir='ltr'>daemonium</span> <span class='ocrx_word' id='word_1_317' title='bbox 1025 2425 1157 2469; x_wconf 88' lang='lat' dir='ltr'>habes</span> <span class='ocrx_word' id='word_1_318' title='bbox 1172 2427 1222 2468; x_wconf 71' lang='lat'>3?</span> <span class='ocrx_word' id='word_1_319' title='bbox 1246 2443 1266 2465; x_wconf 85' lang='lat'>»</span> <span class='ocrx_word' id='word_1_320' title='bbox 1294 2428 1439 2469; x_wconf 77' lang='lat' dir='ltr'>Unum</span> 
     </span>
     <span class='ocr_line' id='line_1_33' title="bbox 56 2494 1441 2555; baseline 0.001 -16"><span class='ocrx_word' id='word_1_321' title='bbox 56 2495 241 2555; x_wconf 84' lang='lat' dir='ltr'>respuit,</span> <span class='ocrx_word' id='word_1_322' title='bbox 260 2495 444 2540; x_wconf 81' lang='lat' dir='ltr'>aJterum</span> <span class='ocrx_word' id='word_1_323' title='bbox 467 2494 691 2555; x_wconf 81' lang='lat' dir='ltr'>amplexus</span> <span class='ocrx_word' id='word_1_324' title='bbox 708 2503 791 2538; x_wconf 88' lang='lat' dir='ltr'>est:</span> <span class='ocrx_word' id='word_1_325' title='bbox 818 2497 962 2553; x_wconf 80' lang='lat' dir='ltr'>«Ego,</span> <span class='ocrx_word' id='word_1_326' title='bbox 982 2495 1147 2555; x_wconf 81' lang='lat' dir='ltr'>inquit,</span> <span class='ocrx_word' id='word_1_327' title='bbox 1172 2494 1441 2540; x_wconf 81' lang='lat' dir='ltr'>daemonium</span> 
     </span>
    </p>
   </div>
   <div class='ocr_carea' id='block_1_7' title="bbox 107 2575 1176 2622">
    <p class='ocr_par' dir='ltr' id='par_1_7' title="bbox 107 2575 1176 2622">
     <span class='ocr_line' id='line_1_34' title="bbox 107 2575 1176 2622; baseline 0 -11"><span class='ocrx_word' id='word_1_328' title='bbox 107 2586 114 2602; x_wconf 91' lang='lat'>¹</span> <span class='ocrx_word' id='word_1_329' title='bbox 137 2578 219 2612; x_wconf 78' lang='lat' dir='ltr'>Psal.</span> <span class='ocrx_word' id='word_1_330' title='bbox 242 2590 397 2622; x_wconf 72' lang='lat' dir='ltr'>cxxxvm,</span> <span class='ocrx_word' id='word_1_331' title='bbox 417 2590 449 2622; x_wconf 77' lang='lat'>7,</span> <span class='ocrx_word' id='word_1_332' title='bbox 469 2580 501 2612; x_wconf 81' lang='lat'>8.</span> <span class='ocrx_word' id='word_1_333' title='bbox 519 2597 560 2602; x_wconf 84' lang='lat'><strong>—</strong></span> <span class='ocrx_word' id='word_1_334' title='bbox 579 2586 592 2602; x_wconf 78' lang='lat'>²</span> <span class='ocrx_word' id='word_1_335' title='bbox 608 2581 684 2612; x_wconf 89' lang='lat' dir='ltr'>Luc.</span> <span class='ocrx_word' id='word_1_336' title='bbox 704 2590 738 2621; x_wconf 82' lang='lat' dir='ltr'>x,</span> <span class='ocrx_word' id='word_1_337' title='bbox 758 2579 812 2612; x_wconf 84' lang='lat'>30.</span> <span class='ocrx_word' id='word_1_338' title='bbox 836 2595 878 2601; x_wconf 92' lang='lat'><strong>—</strong></span> <span class='ocrx_word' id='word_1_339' title='bbox 895 2575 909 2601; x_wconf 86' lang='lat'>3</span> <span class='ocrx_word' id='word_1_340' title='bbox 926 2580 1018 2611; x_wconf 87' lang='lat' dir='ltr'>Joan.</span> <span class='ocrx_word' id='word_1_341' title='bbox 1036 2590 1105 2620; x_wconf 79' lang='lat' dir='ltr'>vlu,</span> <span class='ocrx_word' id='word_1_342' title='bbox 1124 2578 1176 2620; x_wconf 66' lang='grc'>48.</span> 
     </span>
    </p>
   </div>
  </div>
 </body>
</html>
