1833 3284
384 270 467 311 122
846 275 880 306 s.
916 274 1145 305 Aucus’nm
1176 277 1359 309 Emscom

378 353 497 390 runt.
529 342 615 396 Qui
638 342 753 386 enim
778 340 891 401 perit
912 340 967 385 de
989 341 1056 384 via
1071 340 1272 400 justitiae,
1297 356 1400 387 cum
1421 354 1580 400 magna
1601 339 1774 386 miseria

381 431 459 477 per
479 415 568 459 vias
586 412 825 474 iniquitatis
847 412 1028 457 errabit.

440 488 521 530 XI.
549 503 569 526 «
592 486 706 529 Cum
725 484 930 528 exarserit
951 483 995 527 in
1021 482 1142 528 brevi
1163 483 1225 528 ira
1247 485 1362 545 ejus,
1388 482 1504 528 beati
1525 496 1676 528 omnes
1698 481 1778 541 qui

387 576 407 599 »
443 554 673 601 confidunt
695 555 741 598 in
759 569 810 598 eo
827 557 837 580 ¹
857 576 868 611 3
891 573 910 595 »
941 553 984 597 id
1009 563 1096 609 est,
1122 569 1223 604 cum
1241 554 1432 600 vindicta
1453 553 1647 607 venerit,
1679 568 1779 613 quae

385 628 527 687 impiis
558 636 602 671 et
626 625 930 686 peccatoribus
963 635 1249 686 praeparatur,
1284 642 1376 672 non
1404 625 1548 671 solum
1583 640 1657 670 eos
1690 639 1781 674 non

386 698 570 755 attinget
590 697 666 757 qui
689 694 922 740 confidunt
940 696 987 739 in
1008 696 1220 753 Domino,
1246 697 1323 742 sed
1354 697 1485 741 etiam
1518 694 1576 740 ad
1597 709 1782 754 regnum

385 768 470 812 illis
506 765 814 811 instruendum
842 775 886 809 et
924 765 1253 812 sublimandum
1285 768 1498 828 proficiet.
1534 768 1635 813 Non
1666 765 1782 810 enim

386 838 527 882 dixit:
562 856 582 879 «
608 839 722 882 Cum
754 837 957 881 exarserit
991 837 1037 881 in
1062 838 1184 882 brevi
1206 838 1269 882 ira
1305 839 1395 899 ejus
1413 873 1424 894 ,
1461 836 1601 882 securi
1632 850 1783 886 omnes
1825 837 1830 843 '

387 927 408 950 >›
444 908 521 969 qui
533 908 764 953 confidunt
786 908 831 951 in
845 923 912 963 eo,
933 926 952 949 ³)
971 909 1277 969 tanquamhoc
1290 908 1433 954 solum
1449 907 1553 952 inde
1570 907 1781 964 habeant,

385 978 508 1040 quod
525 994 615 1023 non
637 978 899 1037 puniantur:
920 977 996 1022 sed
1015 979 1172 1024 «Beati
1192 997 1211 1021 »
1238 979 1363 1035 dixit,
1383 979 1463 1023 ubi
1481 987 1546 1023 est
1563 978 1784 1025 bonorum

387 1050 587 1095 omnium
609 1064 776 1094 summa
807 1058 851 1093 et
880 1047 1097 1094 cumulus.
1129 1050 1261 1104 Quod
1293 1060 1439 1096 autem
1469 1049 1666 1110 positum
1695 1057 1782 1104 est,

388 1139 410 1163 »
445 1123 497 1165 In
527 1120 673 1175 brevi,
701 1138 721 1161 »
757 1121 841 1165 hoc
875 1120 1117 1179 significare
1139 1121 1343 1177 arbitror,
1374 1122 1476 1182 quia
1502 1120 1786 1181 repentinum

387 1191 555 1252 aliquid
577 1192 678 1246 erit,
703 1191 812 1237 dum
836 1193 920 1237 hoc
943 1201 1162 1237 remotum
1184 1202 1228 1237 et
1250 1191 1381 1253 longe
1403 1191 1606 1238 futurum
1629 1206 1787 1252 pecca-

389 1279 456 1308 res
479 1263 805 1308 existimabunt.

390 1414 1783 1432 mmmmmmmmmmmmammmmmmmmmmwummmmwnsswmm

901 1513 1029 1559 ENA
1040 1512 1286 1560 RRATIO

820 1651 881 1690 IN
923 1649 1230 1691 PSALMUM
1267 1650 1359 1690 ΙΙΙ.

417 1782 614 1828 Psalmus
630 1782 787 1838 David,
803 1797 903 1826 cum
921 1780 1093 1841 fugeret
1109 1797 1132 1826 a
1150 1781 1262 1827 facie
1283 1780 1524 1826 Abessalon
1545 1780 1624 1826 filii
1647 1781 1755 1826 sui2.

1829 1892 1832 1915 ἓ

450 1921 486 1962 Ι,
514 1920 639 1962 HUNC
662 1918 884 1962 Psalmum
906 1934 957 1963 ex
975 1934 1159 1979 persona
1182 1919 1342 1964 Christi
1365 1919 1670 1979 accipiendum
1693 1934 1791 1979 per·
1829 1934 1830 1941 ¹

390 1989 544 2034 suadet
556 1990 677 2050 quod
689 1990 856 2036 dietum
869 2001 957 2036 est:
985 1994 1114 2050 «Ego
1137 1990 1339 2045 dormivi,
1366 2001 1409 2035 et
1425 2007 1628 2037 somnum
1646 1992 1785 2051 coepi:
1827 2016 1829 2045 ι

392 2080 413 2102 ι)
450 2070 494 2105 et
516 2061 732 2117 exurrexi,
759 2062 967 2122 quoniam
997 2062 1208 2107 Dominus
1231 2062 1436 2121 suscipiet
1461 2063 1577 2106 me3.
1606 2080 1626 2103 ι)
1652 2062 1790 2119 Magis
1826 2092 1827 2103 ,

391 2132 507 2176 enim
544 2133 627 2177 hoc
658 2133 714 2176 ad
743 2134 985 2192 passionem
1019 2142 1062 2177 et
1091 2132 1452 2177 resurrectionem
1483 2132 1657 2177 Domini
1684 2148 1792 2178 con-
1825 2158 1826 2161 =

393 2212 599 2262 gruenter
620 2212 771 2258 sonat,
808 2218 942 2263 quam
974 2202 1029 2246 ad
1060 2202 1180 2246 illam
1208 2202 1433 2246 historiam
1464 2203 1509 2246 in
1533 2218 1621 2262 qua
1649 2202 1790 2248 David
1832 2205 1833 2212 ’

391 2275 595 2319 scribitur
616 2274 776 2334 fugisse
794 2291 816 2319 a
838 2275 949 2319 faeie
972 2274 1174 2319 bellantis
1191 2274 1420 2319 adversum
1437 2289 1481 2318 se
1493 2274 1571 2319 filii
1594 2275 1660 2319 sui
1674 2275 1705 2318 4.
1733 2277 1790 2318 Et
1832 2287 1833 2296 ¹

393 2345 602 2405 quoniam
634 2345 844 2404 scriptum
873 2354 936 2389 est
959 2345 1015 2389 de
1043 2345 1271 2404 Discipulis
1303 2344 1465 2390 Christi
1494 2364 1503 2389 ε
1533 2363 1552 2386 «
1579 2343 1790 2398 Quamdiu

398 2434 416 2455 »
453 2430 554 2459 cum
572 2415 631 2459 eis
647 2424 710 2460 est
721 2431 919 2475 sponsus,
935 2431 1026 2459 non
1034 2416 1236 2475 jejunant
1253 2414 1331 2459 filii
1349 2415 1513 2475 sponsi⁵
1533 2430 1542 2456 t
1563 2433 1583 2456 »
1605 2430 1695 2459 non
1712 2415 1792 2459 mi-

393 2500 491 2529 rum
515 2486 549 2530 si
571 2485 686 2531 filius
713 2488 804 2547 ejus
834 2486 1014 2546 impius,
1041 2486 1308 2545 significatur
1338 2485 1575 2546 discipulus
1599 2485 1788 2546 impius,

441 2588 450 2603 ¹
472 2581 552 2614 psal.
572 2594 609 2624 11,
634 2584 683 2615 13.
704 2600 745 2606 ·—
765 2590 778 2606 ⁹
798 2584 843 2616 Id.
865 2594 914 2626 111,
938 2595 965 2615 1.
983 2600 1025 2607 —
1042 2582 1283 2616 311›id.6.—-4
1300 2592 1319 2616 2
1339 2586 1417 2626 Reg.
1437 2594 1495 2625 xv,
1517 2595 1622 2626 17.-
1636 2582 1652 2607 5
1670 2583 1783 2616 Matth.
1832 2568 1833 2571 Ἴ

396 2650 451 2680 ix,
474 2638 525 2671 15.
