1833 3284
411 260 654 290 ENARRATIO
687 263 733 289 m
764 259 967 289 PsALMUM.
1000 260 1061 286 rx.
1343 244 1428 284 217

45 343 162 372 nunc
179 328 270 388 jam
300 327 496 388 loquitur
527 346 536 371 :
568 346 587 368 «
613 329 807 384 Exurge,
836 324 1020 369 Domine
1047 326 1187 376 Deus,
1218 321 1432 366 exaltetur

45 413 198 441 manus
219 399 352 442 tua¹:
380 415 401 438 »
426 397 473 441 id
504 405 593 451 est,
620 396 847 440 manifesta
869 395 922 439 sit
951 393 1144 454 potentia
1172 401 1263 437 tua.
1292 395 1431 451 Supe—

44 467 132 511 rius
159 476 303 510 autem
332 467 498 510 dixerat
526 486 534 511 ε
569 485 589 508 (ι
616 470 811 525 Exurge,
838 465 1020 510 Domine
1037 499 1048 518 ,
1079 479 1169 507 non
1199 461 1433 522 proevaleat

43 538 201 592 homo,
221 536 475 597 judicentur
498 546 646 596 gentes
667 537 712 580 in
735 545 972 596 conspectu
999 537 1128 578 tuo2:
1156 551 1176 574 »
1201 533 1248 577 id
1276 541 1359 588 est,
1386 533 1433 576 in

45 607 240 663 occulto,
265 607 342 651 ubi
365 607 479 651 solus
501 611 614 652 Deus
629 607 762 651 videt.
785 610 878 651 Hoc
900 605 1064 650 sactum
1085 613 1170 659 est,
1195 618 1295 647 cum
1313 603 1434 662 impii

45 677 101 723 ad
123 693 322 737 magnam
353 694 452 738 quae
473 677 646 722 videtur
668 678 921 722 hominibus
946 676 1196 720 felicitatem
1220 689 1434 735 pervene-

44 758 178 794 runtz
207 765 337 809 super
358 766 469 810 quos
492 750 775 794 constituitur
798 748 1032 808 legislator,
1066 746 1242 807 qualem
1272 745 1435 789 habere

45 828 327 875 meruerunt,
352 819 407 864 de
429 836 517 880 quo
539 820 699 864 dicitur
718 839 726 865 :
762 839 781 861 «
801 819 1050 872 Constitue,
1071 816 1255 861 Domine
1271 851 1282 870 ,
1307 815 1436 873 legis-

48 908 69 931 »
103 889 287 935 latorem
322 906 452 950 super
482 906 576 946 eos,
617 891 754 935 sciant
788 898 958 948 gentes,
999 887 1208 947 quoniam
1238 886 1436 930 homines

50 978 70 1002 »
105 962 246 1004 suntss.
265 964 430 1006 »Nunc
452 970 598 1006 autem
613 969 711 1020 post
731 959 850 1004 illam
871 957 1090 1003 occultam
1113 972 1289 1017 poenam
1305 965 1437 1016 atque

46 1031 284 1077 vindictam
318 1032 512 1078 dicitur:
547 1052 567 1074 «
597 1035 792 1091 Exurge,
830 1030 1014 1075 Domine
1047 1032 1183 1083 Deus,
1225 1026 1439 1071 exaltetur

49 1120 70 1144 »
104 1118 260 1147 manus
281 1112 357 1148 tua
379 1123 388 1149 ε
418 1121 438 1145 »
460 1119 551 1148 non
571 1103 724 1163 utique
746 1104 792 1146 in
812 1100 1010 1155 occulto,
1034 1099 1110 1143 sed
1120 1100 1210 1160 jam
1232 1099 1277 1142 in
1294 1097 1438 1141 mani-

44 1171 268 1218 festissima
292 1173 441 1233 gloria.
471 1193 492 1216 «
517 1176 580 1219 Ne
602 1172 867 1217 obliviscaris
888 1186 1132 1231 pauperum
1154 1169 1200 1213 in
1221 1170 1353 1214 finem
1375 1184 1384 1209 z
1414 1187 1434 1209 »

46 1245 93 1290 id
114 1253 193 1300 est,
219 1245 331 1290 sicut
350 1245 472 1305 impii
492 1253 666 1305 putant,
693 1244 769 1305 qui
783 1243 960 1288 dicunt:
981 1262 1000 1285 α
1016 1241 1189 1286 Oblitus
1211 1249 1275 1284 est
1299 1243 1436 1295 Deus,

50 1333 71 1356 »
105 1316 260 1360 avertit
281 1315 436 1361 faciem
459 1331 580 1360 suam
598 1331 653 1359 ne
670 1315 818 1360 videat
834 1314 1035 1375 usquein
1048 1314 1223 1357 finem&
1253 1331 1273 1354 »
1294 1314 1440 1372 Usque

45 1386 93 1429 in
114 1387 246 1431 finem
265 1395 411 1432 autem
433 1395 595 1445 negant
616 1389 754 1430 Deum
773 1384 922 1430 videre
941 1420 952 1439 ,
978 1384 1055 1445 qui
1078 1383 1231 1428 dicunt
1250 1396 1351 1426 eum
1374 1397 1440 1426 res

48 1458 260 1501 humanas
279 1466 322 1501 et
340 1466 532 1501 terrenas
548 1472 639 1500 non
658 1471 825 1500 curare.
843 1455 1061 1509 Quoniam
1077 1464 1189 1498 terra
1204 1453 1327 1514 quasi
1344 1453 1440 1496 finis

49 1536 114 1572 est
132 1543 294 1583 rerum,
319 1527 422 1588 quia
440 1527 645 1572 ultimum
667 1526 934 1571 elementum
956 1535 1040 1581 est,
1066 1526 1111 1569 in
1133 1540 1221 1585 quo
1243 1524 1441 1568 homines

49 1596 366 1642 ordinatissime
387 1597 588 1643 laborant
604 1633 616 1654 ,
641 1597 718 1642 sed
732 1597 933 1642 laborum
952 1611 1130 1641 suorum
1154 1594 1352 1640 ordinem
1374 1594 1441 1638 vi-

49 1667 153 1712 dere
175 1684 265 1712 non
284 1677 491 1728 possunt,
517 1669 595 1728 qui
616 1670 803 1713 maxime
834 1668 1025 1727 pertinet
1047 1666 1103 1711 ad
1131 1665 1301 1711 occulta
1323 1664 1439 1709 Filii.

49 1738 273 1784 Laborans
295 1754 399 1798 ergo
421 1738 613 1783 Ecclesia
644 1737 728 1782 illis
750 1738 1020 1798 temporibus
1037 1773 1047 1793 ,
1083 1746 1293 1797 tanquam
1322 1735 1443 1779 navis

49 1810 94 1854 in
112 1810 277 1869 magnis
292 1811 501 1855 fluctibus
522 1820 566 1855 et
587 1809 803 1870 procellis,
828 1810 951 1870 quasi
974 1809 1265 1854 dormientem
1287 1807 1445 1851 excitat

49 1881 307 1937 Dominum,
327 1890 378 1925 ut
397 1881 583 1941 imperet
602 1882 758 1936 ventis,
776 1889 819 1924 et
839 1879 1129 1941 tranquillitas
1152 1879 1313 1923 redeat.
1331 1878 1445 1922 Dicit

50 1966 178 2011 ergo:
208 1971 229 1994 «
253 1954 451 2010 Exurge,
479 1951 663 1996 Domine
685 1955 799 1996 Deus
815 1987 825 2006 ,
852 1950 1065 1995 exaltetur
1086 1965 1241 1994 manus
1266 1958 1338 1993 tua
1353 1984 1364 2004 ,
1389 1964 1445 1992 ne

53 2040 74 2062 »
111 2021 378 2066 obliviscaris
401 2037 646 2081 pauperum
667 2021 713 2064 in
736 2022 883 2065 finem.
910 2039 930 2061 »

107 2095 251 2137 XXX.
276 2095 374 2137 Jam
390 2092 538 2153 itaque
558 2091 839 2136 manifestum
851 2090 1067 2152 judicium
1088 2089 1381 2149 intelligentes
1403 2097 1446 2133 et

51 2162 293 2207 exultantes
306 2161 482 2207 dicunt:
499 2182 520 2205 «
536 2166 719 2222 Propter
734 2162 842 2223 quid
856 2162 1038 2206 irritavit
1051 2162 1210 2221 impius
1223 2163 1382 2205 Deum⁵
1393 2162 1410 2204 Ξ)
1422 2179 1441 2200 »

52 2233 98 2277 id
123 2242 187 2277 est
204 2268 215 2288 ,
248 2233 350 2293 quia
383 2231 549 2293 profuit
579 2242 699 2277 tanta
732 2233 844 2277 mala
878 2232 1045 2276 facere?
1072 2252 1091 2274 «
1118 2232 1234 2276 Dixit
1261 2232 1376 2274 enim
1400 2232 1446 2274 in

59 2323 80 2346 ι(
113 2305 243 2348 corde
272 2319 350 2348 suo
377 2323 386 2348 :
410 2306 508 2349 Non
531 2305 737 2365 requiret.
767 2324 786 2345 >›
817 2303 984 2349 Deinde
1012 2304 1206 2363 sequitur
1233 2318 1242 2344 :
1271 2322 1291 2344 (ι
1316 2301 1447 2346 Vides

58 2392 79 2416 »
114 2374 322 2434 quoniam
344 2383 394 2417 tu
416 2373 611 2418 laborem
635 2384 680 2418 et
699 2375 808 2418 iram
831 2373 1097 2427 consideras,
1123 2382 1174 2417 ut
1201 2372 1344 2417 tradas
1375 2387 1447 2415 eos

58 2462 80 2486 »
114 2444 160 2488 in
176 2459 330 2488 manus
352 2446 489 2489 tuasss.
510 2463 530 2486 »
559 2447 716 2489 Sensus
737 2445 815 2488 iste
834 2443 1235 2504 pronuntiationem
1259 2442 1441 2502 quaerit,

106 2546 114 2562 ¹
136 2539 218 2571 Psal.
242 2550 294 2580 lx,
316 2548 367 2572 12.
388 2557 430 2563 —-
450 2547 464 2563 ²
483 2540 563 2572 Psal.
581 2540 679 2582 prim.
700 2551 745 2582 ix,
762 2549 815 2573 20.
840 2557 880 2561 -
902 2537 914 2561 3
931 2539 1010 2571 thid.
1033 2550 1087 2571 21.
1113 2556 1154 2561 --
1172 2537 1188 2568 4
1207 2538 1288 2570 Psal.
1311 2539 1442 2570 secund.

58 2605 102 2636 lx,
125 2606 237 2627 11.--
255 2593 364 2628 51bid.
388 2595 441 2627 13.
463 2613 503 2617 ——
526 2593 542 2617 ‘³'
560 2595 642 2626 lbid.
663 2595 712 2637 ¹¹1.
