1833 3284
239 214 480 245 ENARRATio
513 219 545 244 11
578 218 621 244 IN
656 216 860 246 PsALMUM
891 218 1046 257 xxmn,
1080 219 1205 245 SERM.
1242 220 1289 245 11.
1386 207 1464 246 541

83 280 234 342 injusti
255 293 373 340 sunt,
394 283 618 343 pauciores
639 284 805 328 habent
825 283 1151 342 tribulationes3
1173 283 1207 328 si
1221 284 1327 344 justi
1350 293 1467 339 sunt,

83 352 243 398 multas
263 354 444 398 habent.
473 354 556 399 Sed
579 364 675 414 post
699 370 858 414 paucas
881 354 1183 399 tribulationes
1205 363 1280 398 aut
1300 354 1441 403 nullas
1456 390 1467 410 ‚

83 422 145 468 illi
177 425 354 469 venient
388 424 444 469 ad
475 426 802 470 tribulationem
832 426 1165 485 sempiternam,
1205 425 1324 469 unde
1352 441 1471 469 nun-

82 509 214 555 quam
249 505 458 539 eruentur
489 515 497 541 :
524 497 631 556 justi
667 505 814 541 autem
856 505 953 556 post
982 495 1140 540 multas
1167 496 1470 541 tribulationes

81 565 259 611 venient
276 565 331 610 ad
343 582 494 626 pacem
511 568 833 627 sempiternam,
850 567 926 611 ubi
942 582 1170 627 nunquam
1187 566 1354 627 aliquid
1370 566 1472 611 mali

81 636 317 696 patientur.
349 656 369 679 «
395 637 551 683 Multae
574 637 875 682 tribulationes
898 638 1116 698 justorum
1142 656 1152 682 ι
1185 647 1229 681 et
1249 636 1304 682 de
1326 638 1470 682 omni-

83 725 104 749 »
140 707 222 751 bus
246 708 311 753 his
333 718 456 753 eruet
477 725 548 753 eos
571 710 780 754 Dominus
798 711 828 753 ¹.
858 727 878 749 n

139 780 302 823 XXIV.
344 798 363 821 t<
385 780 589 824 Custodit
610 780 820 825 Dominus
843 779 989 824 omnia
1012 795 1102 824 ossa
1125 794 1302 835 eorum,
1330 795 1470 824 unum

85 868 103 890 »
139 864 189 893 ex
211 849 276 893 1115
294 865 384 894 non
401 854 692 895 conteretur2.
720 868 740 892 1)
767 853 825 894 Et
846 851 930 894 1100
949 885 960 905 ,
989 849 1158 906 1131105,
1179 867 1267 894 non
1286 851 1471 910 accipia-

78 935 175 964 mus
196 919 442 965 carnaliter.
464 923 567 966 Ossa
586 930 688 965 sunt
704 922 977 965 firmamenta
999 921 1210 966 fidelium,
1238 921 1470 974 Quomodo

79 992 194 1034 enim
217 991 263 1035 in
285 1007 414 1035 carne
437 1001 581 1036 nostra
616 1007 709 1036 ossa
744 991 914 1036 faciunt
950 993 1295 1047 firmamentum,
1328 993 1387 1036 510
1424 992 1470 1035 in

79 1060 210 1106 corde
231 1061 467 1106 christiano
496 1061 602 1105 fides
634 1060 739 1106 facit
761 1062 1100 1105 firmamentum.
1130 1062 1340 1106 Patientia
1368 1077 1470 1120 ergo

78 1147 178 1192 quae
202 1140 266 1176 est
287 1132 332 1175 in
354 1132 441 1176 fide
457 1167 467 1187 ,
493 1148 583 1176 ossa
608 1141 710 1176 sunt
730 1132 927 1176 interius.
957 1136 1054 1191 Ipsa
1082 1141 1184 1176 sunt
1206 1148 1304 1192 quae
1327 1131 1471 1191 frangi

78 1218 166 1247 non
203 1211 399 1262 possunt.
440 1222 460 1244 «
492 1202 694 1247 Custodit
727 1204 939 1246 Dominus
980 1203 1126 1246 onmia
1160 1219 1252 1247 ossa
1290 1218 1440 1247 eorum
1455 1238 1466 1258 ,

83 1292 101 1314 »
127 1288 265 1317 unum
283 1289 335 1316 ex
350 1273 416 1317 his
438 1289 523 1317 non
549 1281 814 1317 conteretur.
832 1290 851 1313 »
872 1273 914 1317 Si
938 1273 992 1316 de
1014 1273 1198 1317 Domino
1211 1276 1301 1317 Deo
1323 1282 1470 1318 nostro

78 1345 182 1387 Jesu
203 1343 375 1388 Christo
408 1342 582 1387 dixisset
613 1343 696 1387 1100
716 1362 724 1387 ;
751 1342 956 1387 Custodit
978 1343 1189 1387 Dominus
1210 1344 1354 1387 omnia
1376 1359 1470 1388 ossa

78 1412 177 1457 Filii
204 1412 297 1468 sui,
333 1428 470 1457 unum
492 1429 544 1457 ex
566 1413 631 1456 his
664 1428 754 1457 non
782 1422 1033 1456 conteretur
1066 1432 1074 1457 :
1100 1413 1207 1457 sicut
1235 1414 1363 1457 etiam
1387 1414 1470 1458 alio

77 1483 175 1529 1000
202 1485 505 1544 praefiguratur
533 1484 588 1528 de
615 1483 690 1528 illo
707 1519 717 1539 ⁷
743 1483 921 1544 quando
941 1500 1077 1547 agnus
1100 1482 1242 1530 dictus
1265 1494 1328 1529 est
1349 1501 1469 1530 mae-

78 1555 236 1600 tandus
253 1591 264 1611 ‚
290 1565 334 1600 et
354 1555 521 1600 dictum
540 1565 604 1600 est
625 1555 680 1599 de
698 1555 774 1600 illo
797 1575 805 1600 ε
836 1576 854 1598 «
872 1557 929 1600 Os
954 1558 1046 1616 ejus
1064 1555 1155 1600 noli
1171 1556 1370 1615 frangere
1384 1559 1398 1582 ³
1416 1577 1426 1602 2
1445 1576 1464 1599 η

77 1625 306 1686 impletum
339 1635 404 1670 est
429 1626 475 1669 in
502 1626 709 1683 Domino3
746 1627 848 1686 quia
871 1642 972 1670 eum
1000 1627 1210 1685 penderet
1231 1627 1276 1670 in
1309 1643 1437 1671 cruce
1454 1663 1465 1683 ,

78 1697 285 1757 expiravit
306 1706 543 1757 antequam
559 1697 760 1742 venirent
780 1697 843 1740 illi
861 1697 915 1742 ad
937 1713 1127 1753 crucem,
1149 1707 1191 1742 et
1209 1698 1470 1743 invenerunt

70 1769 161 1829 jam
184 1784 340 1828 corpus
363 1768 578 1824 exanime,
595 1778 638 1812 et
660 1768 898 1813 noluerunt
920 1785 1046 1813 crura
1068 1775 1159 1825 ejus
1181 1769 1394 1827 frangere,
1420 1779 1470 1814 ut

76 1837 331 1901 impleretur
352 1838 474 1898 quod
497 1839 708 1898 scriptum
730 1848 793 1882 est
813 1840 844 1882 4.
871 1839 955 1883 Sed
977 1839 1174 1898 promisit
1194 1838 1305 1883 illud
1327 1849 1369 1883 et
1391 1856 1469 1884 000-

79 1909 179 1954 teris
201 1909 454 1955 Christianis
476 1928 485 1953 ι
513 1928 533 1951 «
559 1909 770 1953 Dominus
792 1909 982 1954 custodit
1005 1909 1149 1954 omnia
1171 1926 1265 1954 ossa
1286 1926 1438 1956 eorum
1454 1946 1465 1968 ,

81 1999 101 2022 >›
136 1970 276 2024 unum
307 1994 360 2023 ex
379 1979 444 2023 his
466 1995 556 2023 non
576 1987 841 2024 conteretur.
874 1998 893 2021 »
919 1982 1035 2039 Ergo
1050 2015 1060 2034 ‚
1084 1979 1237 2024 fratres
1252 2016 1262 2035 ‚
1287 1981 1320 2025 51
1342 1981 1468 2026 vide-

78 2051 211 2095 rimus
234 2049 424 2110 aliquem
448 2059 648 2094 sanctum
671 2049 971 2094 tribulationes
994 2050 1109 2110 pati,
1141 2060 1184 2095 et
1208 2049 1319 2096 forte
1352 2051 1421 2097 vel
1443 2068 1468 2097 a

77 2120 247 2166 medico
273 2121 332 2165 510
356 2120 515 2175 secari,
540 2119 611 2164 vel
633 2120 687 2165 ab
710 2119 857 2180 aliquo
879 2129 1153 2180 persecutore
1176 2121 1234 2165 sie
1264 2121 1394 2178 caedi,
1419 2132 1469 2167 ut

77 2193 169 2252 ejus
192 2207 284 2236 ossa
303 2190 590 2250 frangantur3
623 2207 713 2235 non
732 2190 926 2236 dicamus
948 2211 956 2236 :
977 2194 1075 2236 Non
1097 2201 1187 2235 erat
1201 2193 1343 2252 justus
1362 2193 1464 2249 iste,

78 2278 182 2307 nam
218 2263 431 2307 Dominus
453 2263 536 2306 hoc
573 2262 768 2322 promisit
785 2262 911 2323 justis
954 2262 1065 2318 suis,
1106 2263 1161 2306 de
1183 2264 1344 2323 quibus
1377 2265 1462 2309 ait:

83 2353 104 2375 «
129 2332 332 2378 Custodit
354 2333 562 2377 Dominus
580 2333 724 2377 omnia
747 2349 840 2377 ossa
863 2349 1035 2388 eorum,
1062 2349 1201 2377 unum
1223 2349 1273 2378 ex
1294 2335 1359 2378 his
1377 2351 1468 2380 non

81 2421 104 2446 »
130 2412 394 2449 conteretur.
419 2421 440 2444 >›
464 2403 540 2447 Vis
564 2402 712 2448 videre
738 2404 839 2464 quia
862 2403 942 2447 alia
965 2419 1057 2448 ossa
1079 2404 1207 2459 dixit,
1233 2421 1332 2465 quae
1353 2404 1466 2450 dixi-

80 2490 176 2518 mus
193 2473 464 2518 firmamenta
481 2472 599 2529 fidei,
623 2473 669 2517 id
690 2483 768 2528 est,
788 2474 1041 2533 patientiam
1064 2483 1107 2517 et
1125 2473 1397 2519 tolerantiam
1421 2476 1467 2519 in

131 2566 138 2581 ¹
166 2559 243 2591 Psal.
266 2570 360 2591 xxxin
376 2584 385 2601 ‚
405 2567 458 2592 20.
481 2575 521 2580 ——
539 2565 550 2581 ²
571 2558 651 2590 thid.
672 2568 725 2591 21.
751 2575 789 2581 --
816 2556 828 2580 3
844 2559 942 2590 Exod.
964 2570 1020 2600 xii,
1047 2558 1102 2600 46.
1128 2577 1167 2581 —-
1188 2557 1390 2600 4101111.,11>;,
1411 2560 1462 2592 33.
