1833 3284
403 189 487 227 356
829 198 861 226 s.
899 199 1131 227 Moesum
1164 200 1344 226 Eriscort

400 266 573 310 turham
595 265 883 308 tentationum
907 285 915 309 :
935 263 1011 309 sed
1031 274 1175 308 tamen
1192 280 1367 324 sperans
1391 273 1531 309 totum
1553 263 1608 307 de
1625 264 1789 307 miseri-

396 335 542 380 cordia
560 336 673 396 ejus,
693 335 764 380 eui
781 335 889 380 dixit
907 351 915 376 ε
946 355 965 377 «
992 338 1150 395 Legem
1167 336 1273 380 mihi
1295 335 1528 389 constitue,
1546 334 1745 378 Domine.
1767 352 1786 374 n

455 421 624 463 XXIII.
651 421 708 462 Et
729 417 837 479 quid
859 417 931 462 ille
949 417 1075 473 dicit,
1096 418 1170 479 qui
1186 417 1324 477 legem
1346 417 1409 462 illi
1430 416 1681 462 constituit?
1702 419 1791 461 Au-

394 489 563 534 diamus
585 497 629 533 et
649 504 800 534 vocem
826 488 1001 533 Domini
1018 487 1205 549 desuper
1221 488 1487 533 exhortantis
1509 503 1587 533 nos
1601 523 1611 543 ‚
1636 501 1791 532 conso-

395 552 526 605 lantis
559 576 667 618 nos3
699 559 816 604 illius
846 575 1023 615 vocem,
1059 574 1191 620 quem
1224 559 1439 603 habemus
1471 574 1551 619 pro
1584 567 1712 618 patre
1747 566 1792 603 et

393 641 554 687 matre,
590 631 667 692 qui
700 646 778 675 nos
814 629 1168 691 dereliquerunt,
1208 629 1325 674 illius
1356 644 1509 675 vocem
1543 627 1785 673 audiamus.

392 702 575 748 Audivit
596 702 713 746 enim
736 702 922 761 gemitus
953 712 1124 747 nostros
1142 738 1153 757 ‚
1177 701 1290 747 vidit
1310 702 1493 762 suspiria
1519 711 1666 757 nostra
1681 736 1692 756 ,
1718 701 1790 745 in-

394 773 531 818 tuitus
553 781 618 817 est
645 771 907 817 desiderium
931 782 1152 828 nostrum,
1177 782 1221 817 et
1249 788 1382 817 unam
1404 772 1659 833 petitionem
1686 787 1790 816 nos-

395 852 509 888 tram
526 879 537 899 ‚
567 859 702 888 unam
726 842 1066 904 postulationem
1089 858 1168 903 per
1199 841 1461 888 advocatum
1489 843 1710 888 Christum
1733 841 1790 886 li-

390 915 547 959 benter
558 915 723 975 aceepit
735 935 746 973 3
757 924 801 959 et
813 914 953 960 donee
966 929 1224 975 peragamus
1239 914 1364 959 istam
1376 913 1786 975 peregrinationem,

390 1001 477 1046 qua
495 985 709 1030 dilaturus
731 995 794 1030 est
810 1021 820 1041 ,
846 1001 937 1030 non
953 985 1179 1030 ablaturus
1199 984 1320 1046 quod
1343 985 1539 1045 promisit
1556 1020 1567 1039 ,
1587 982 1695 1029 dixit
1709 1000 1791 1029 no-

391 1057 457 1102 bis
475 1076 484 1102 2
503 1057 711 1102 «Sustine
724 1057 974 1102 Dominum.
1000 1059 1130 1103 «Non
1153 1057 1384 1102 sustinebis
1402 1055 1675 1111 mendaeem,
1699 1072 1791 1101 non

393 1144 497 1173 eum
529 1129 603 1188 qui
630 1128 793 1188 poterit
820 1127 939 1184 falli,
971 1144 1062 1173 non
1089 1144 1191 1173 eum
1217 1129 1294 1189 qui
1322 1144 1413 1173 non
1436 1137 1501 1172 est
1531 1128 1790 1173 inventurus

391 1199 515 1262 quod
537 1199 627 1245 det.
657 1201 947 1260 Omnipotens
977 1200 1197 1260 promisit,
1235 1209 1378 1244 certus
1408 1199 1627 1260 promisit,
1660 1215 1790 1244 verax

391 1273 593 1334 promisit
615 1292 623 1317 :
653 1292 673 1315 «
697 1273 871 1318 Sustine
898 1273 1133 1317 Dominum
1151 1307 1161 1327 ‚
1199 1270 1382 1316 viriliter
1409 1287 1501 1330 age.
1527 1290 1547 1312 ι)
1572 1270 1670 1317 Noli
1699 1271 1790 1315 dis-

391 1344 501 1390 solvi
519 1359 528 1385 :
555 1359 610 1388 ne
631 1344 687 1389 sis
704 1345 816 1388 inter
839 1359 911 1388 eos
933 1344 1094 1404 quibus
1111 1343 1294 1387 dieitur:
1320 1363 1339 1385 «
1359 1345 1437 1387 Vae
1454 1343 1520 1388 his
1542 1343 1619 1404 qui
1639 1343 1789 1403 perdi-

391 1417 556 1462 derunt
571 1416 873 1462 sustinentiam
886 1418 915 1459 ¹.
939 1415 1111 1461 Sustine
1129 1416 1381 1470 Dominum„
1400 1433 1420 1457 »
1443 1415 1645 1460 omnibus
1663 1414 1790 1461 nobis

390 1487 565 1543 dicitur,
592 1498 635 1533 et
667 1488 745 1532 uni
773 1487 943 1532 homini
966 1486 1139 1531 dieitur.
1181 1489 1302 1532 Unus
1331 1503 1480 1532 sumus
1510 1487 1556 1531 in
1586 1487 1786 1543 Christo,

390 1575 549 1619 eorpus
567 1559 728 1604 Christi
751 1573 901 1603 sumus
919 1594 929 1613 ,
957 1558 1033 1617 qui
1059 1573 1192 1602 unam
1215 1556 1335 1602 illam
1363 1556 1684 1612 desideramus,
1711 1558 1788 1619 qui

391 1647 526 1676 unam
548 1630 667 1675 illam
695 1630 907 1690 petimus,
933 1630 1008 1690 qui
1026 1630 1071 1673 in
1092 1629 1176 1673 illis
1197 1630 1351 1674 diebus
1374 1629 1591 1674 malorum
1613 1639 1787 1675 nostro-

389 1718 488 1749 rum
509 1702 853 1761 ingemiscimus,
878 1701 953 1761 qui
972 1699 1189 1745 eredimus
1207 1716 1286 1745 nos
1310 1700 1457 1745 videre
1474 1701 1590 1746 bona
1615 1701 1787 1746 Domini

389 1775 434 1818 in
457 1782 571 1817 terra
593 1771 862 1828 viventium3
886 1770 1013 1815 nobis
1036 1771 1262 1825 omnibus,
1288 1772 1365 1831 qui
1388 1787 1502 1816 unus
1525 1772 1572 1816 in
1591 1788 1681 1817 uno
1710 1789 1788 1817 su-

389 1860 503 1899 mus,
531 1842 691 1887 dicitur
713 1862 722 1888 ;
750 1862 770 1884 «
797 1842 970 1887 Sustine
992 1841 1254 1896 Dominum,
1281 1842 1460 1886 viriliter
1481 1857 1583 1901 age3
1603 1853 1646 1888 et
1677 1859 1786 1888 eon-

391 1935 412 1958 »
447 1915 637 1960 fortetur
660 1929 735 1959 eor
757 1923 884 1958 tuum
899 1949 911 1967 ‚
942 1922 986 1957 et
1008 1913 1171 1957 sustine
1193 1914 1444 1958 Dominum.
1475 1933 1495 1955 »
1520 1913 1638 1968 Quid
1667 1914 1785 1960 aliud

389 1987 470 2032 tibi
500 1985 643 2040 dieat,
668 2001 802 2047 quam
828 1994 877 2029 ut
900 1985 984 2029 hoc
1006 1993 1175 2044 repetat
1203 1983 1324 2045 quod
1355 1985 1544 2030 audisti?
1570 2005 1590 2028 «
1613 1987 1785 2031 Sustine

389 2077 410 2101 »
447 2058 707 2109 Dominum,
739 2054 920 2100 viriliter
942 2070 1033 2114 age.
1063 2073 1082 2095 »
1116 2058 1230 2114 Ergo
1254 2056 1329 2116 qui
1352 2056 1542 2116 perdidit
1569 2057 1786 2102 sustinen-

388 2129 512 2183 tiam,
539 2126 836 2171 effoeminatus
857 2135 943 2181 est,
980 2124 1173 2185 perdidit
1204 2126 1415 2185 vigorem.
1453 2129 1546 2172 Hoc
1568 2127 1675 2182 viri,
1700 2128 1785 2172 hoc

387 2198 586 2244 foeminae
607 2195 813 2251 audiant,
846 2196 948 2257 quia
970 2196 1017 2240 in
1040 2212 1129 2241 uno
1151 2197 1244 2241 viro
1277 2197 1343 2241 vir
1369 2207 1413 2241 et
1433 2197 1630 2242 foemina.
1670 2198 1783 2243 Talis

386 2270 433 2314 in
455 2269 629 2315 Christo
646 2283 727 2312 nee
748 2267 964 2311 masculus
981 2282 1062 2311 nee
1079 2265 1260 2311 foemina
1276 2272 1377 2312 est‘2.
1403 2287 1423 2310 «
1445 2269 1616 2314 Sustine
1633 2270 1783 2314 Domi-

393 2363 411 2383 »
447 2356 554 2384 num
571 2375 582 2395 ,
607 2338 790 2384 viriliter
812 2354 917 2398 age3
938 2348 981 2383 et
1003 2337 1278 2383 eonfortetur
1293 2355 1368 2385 eor
1389 2349 1533 2395 tuum,
1556 2349 1600 2385 et
1616 2341 1781 2386 sustine

389 2430 411 2453 »
447 2411 698 2456 Dominum.
728 2429 747 2450 »
777 2408 1041 2455 Sustinendo
1070 2411 1305 2456 Dominum
1327 2411 1508 2456 habebis
1539 2427 1639 2456 eum
1657 2447 1668 2469 ,
1693 2413 1776 2457 ha-

436 2525 445 2543 ¹
466 2517 567 2552 Eccli.
588 2529 623 2559 ιι,
645 2517 697 2551 16.
714 2535 756 2541 —
776 2524 789 2541 ²
808 2517 877 2551 Gal.
899 2529 949 2561 ιιι,
965 2518 1019 2551 23.
