1833 3284
416 243 658 272 ENARRATio
692 244 737 271 IN
770 241 972 272 PsALMUM
1007 244 1115 271 xvn.
1374 231 1457 269 257

9 317 12 347 ἵ
70 312 167 372 quis
189 314 303 356 Deus
324 319 481 371 praeter
495 310 747 366 Dominum,
766 325 896 371 quem
910 318 1008 370 post
1025 309 1187 353 bonam
1207 301 1460 353 servitutem

9 402 11 406 ·
69 389 281 442 tanquam
297 381 597 426 haereditatem
620 389 833 440 speratam
855 379 932 424 filii
954 378 1298 439 possidebimus?

5 451 12 514 Δ*
127 455 339 497 XXXIII.
370 456 515 498 «Deus
538 452 613 513 qui
636 452 861 512 praecinxit
880 467 950 495 me
971 450 1174 496 virtute¹.
1200 468 1221 491 »
1247 453 1361 494 Deus
1383 449 1460 510 qui

69 539 139 567 me
155 523 383 583 praecinxit
403 532 453 568 ut
464 523 588 568 fortis
610 523 689 567 sim
702 558 712 578 ‚
729 538 783 567 ne
806 522 1053 566 diffluentes
1075 522 1192 566 sinus
1209 520 1459 580 cupiditatis

70 593 311 653 impediant
331 609 462 654 opera
482 603 526 638 et
547 609 714 653 gressus
741 608 874 638 meos.
905 612 926 635 «
955 595 1012 637 Et
1040 592 1185 652 posuit
1206 590 1460 636 immacula-

72 682 92 706 »
131 673 218 709 tam
244 665 359 709 viam
382 680 540 709 meam.
569 682 589 706 »
620 667 678 708 Et
699 663 845 724 posuit
870 663 1192 708 immaculatam
1216 663 1329 708 viam
1353 663 1460 706 cha-

70 735 205 780 ritatis
221 770 232 792 ‚
259 751 346 794 qua
369 735 424 780 ad
446 734 572 780 illum
589 735 759 780 veniam
778 756 789 794 3
815 735 926 779 sicut
943 734 1223 779 immaculata
1246 742 1310 778 est
1330 733 1457 789 fidei,

71 823 157 867 qua
178 806 299 852 venit
321 805 377 851 ad
397 822 482 850 me.

14 868 16 876 ξ
128 879 334 922 XXXIV.
374 876 495 930 «Qui
523 877 707 937 perfecit
727 875 859 938 pedes
880 892 999 921 meos
1022 885 1232 937 tanquam
1251 876 1406 921 cervi2.
1437 895 1456 916 »

71 948 155 1001 Qui
172 947 353 1008 perfecit
374 963 565 994 amorem
589 953 758 1002 meum,
784 948 839 992 ad
860 946 1207 991 transcendenda
1231 948 1399 1007 spinosa
1419 956 1465 991 ct

3 1020 41 1053 ‘3
70 1018 277 1063 umbrosa
298 1018 620 1078 implicamenta
650 1019 778 1078 hujus
802 1017 975 1073 saeculi,
1012 1037 1031 1059 «
1057 1020 1113 1061 Et
1141 1033 1270 1077 super
1299 1017 1463 1062 excelsa

74 1108 94 1132 »
113 1099 273 1135 statuet
294 1106 379 1135 me.
409 1109 428 1132 »
450 1094 507 1135 Et
533 1106 661 1150 super
682 1088 905 1134 coelestem
926 1089 1241 1134 habitationem
1267 1090 1370 1147 figet
1393 1089 1464 1133 in-

72 1162 312 1207 tentionem
347 1177 512 1218 meam,
554 1171 604 1205 ut
632 1159 813 1221 implear
843 1161 888 1204 in
932 1176 1108 1205 omnem
1142 1159 1464 1220 plenitudinem

17 1223 19 1290 ᾖ
71 1232 150 1277 Dei
168 1234 199 1276 3.

16 1294 19 1369 ἶ
130 1305 313 1348 XXXV.
354 1322 374 1347 «
400 1302 485 1356 Qui
511 1302 639 1348 docet
660 1318 814 1347 manus
841 1318 957 1346 meas
980 1303 1036 1346 ad
1058 1301 1258 1362 praelium
1275 1303 1306 1346 4.
1333 1321 1353 1344 n
1380 1302 1466 1356 Qui

18 1431 19 1434 Ἴ
73 1372 202 1419 docet
221 1390 288 1418 me
310 1374 483 1433 operari
500 1372 555 1417 ad
574 1373 840 1433 superandos
854 1373 1074 1428 inimicos,
1090 1374 1166 1432 qui
1182 1373 1307 1417 nobis
1329 1373 1466 1417 inter-

18 1486 21 1491 .
73 1444 249 1490 cludere
271 1444 464 1489 coelestia
492 1440 624 1503 regna
647 1452 876 1489 conantur.
912 1462 932 1485 «
957 1446 1014 1487 Et
1037 1443 1215 1502 posuisti
1240 1453 1289 1487 ut
1318 1459 1466 1488 arcum

18 1535 21 1538 ¹
75 1533 95 1557 >›
122 1531 286 1560 aereum
307 1515 486 1559 brachia
507 1529 658 1560 mea.»
685 1517 742 1558 Et
763 1513 943 1573 posuisti
976 1512 1290 1571 infatigabilem
1318 1513 1466 1558 inten-

73 1586 238 1630 tionem
254 1586 472 1630 bonorum
489 1600 672 1644 operum
695 1599 909 1628 meorum.

131 1659 336 1701 XXXVI.
377 1676 394 1697 «
416 1659 474 1701 Et
495 1655 651 1699 dedisti
676 1655 780 1699 mihi
810 1654 1127 1715 protectionem
1149 1654 1298 1699 salutis
1325 1671 1434 1699 meae
1452 1691 1463 1711 ,

77 1745 97 1769 >›
124 1737 167 1772 et
188 1727 365 1772 dextera
381 1736 457 1772 tua
475 1727 663 1786 suscepit
684 1728 795 1770 me5.
825 1745 844 1766 »
870 1729 927 1769 Et
944 1726 1068 1770 favor
1089 1726 1237 1783 gratiae
1260 1735 1348 1770 tuae
1372 1743 1466 1771 sus-

22 1845 23 1848 ,
65 1798 189 1858 ,cepit
224 1813 309 1842 me.
350 1801 448 1842 «Et
470 1796 695 1856 disciplina
724 1805 798 1840 tua
828 1811 896 1839 me
926 1795 1083 1840 direxit
1112 1797 1157 1839 in
1187 1796 1335 1841 finem.
1366 1815 1385 1837 »
1413 1800 1470 1841 Et

75 1868 290 1928 correptio
309 1877 384 1912 tua
407 1883 477 1912 me
496 1867 669 1911 deviare
704 1882 793 1910 non
815 1866 958 1910 sinens
981 1865 1154 1921 direxit,
1181 1875 1230 1909 ut
1251 1866 1470 1926 quidquid

76 1954 179 1998 ago,
194 1939 241 1983 in
262 1954 363 1983 eum
382 1939 515 1982 finem
537 1937 744 1991 referam,
770 1952 858 1996 quo
879 1937 1123 1981 cohaeretur
1143 1936 1239 1979 tibi.
1269 1955 1288 1978 «
1309 1940 1366 1980 Et
1388 1937 1471 1981 dis-

22 2058 24 2061 ,
77 2027 98 2051 »
125 2010 284 2070 ciplina
308 2019 383 2054 tua
415 2009 507 2068 ipsa
531 2023 601 2052 me
638 2007 829 2052 docebit.
852 2025 870 2048 »
902 2010 959 2051 Et
981 2006 1133 2051 eadem
1156 2008 1372 2067 correptio
1395 2017 1469 2053 tua

22 2096 26 2106 ⁴
76 2096 146 2125 me
164 2079 339 2125 docebit
354 2078 579 2139 pervenire
603 2093 691 2138 quo
712 2076 882 2121 direxit.

135 2153 363 2196 XXXVII.
404 2170 423 2192 ι(
443 2150 639 2195 Dilatasti
663 2165 830 2209 gressus
863 2164 983 2194 meos
1006 2149 1156 2192 subter
1192 2150 1305 2193 mefi.
1328 2168 1348 2192 »
1380 2153 1469 2196 Nec

78 2221 319 2282 impedient
341 2220 534 2266 carnales
552 2220 787 2279 angustiae3
808 2219 1016 2279 quoniam
1038 2219 1173 2264 latam
1201 2218 1339 2264 fecisti
1362 2222 1469 2266 cha-

25 2339 27 2342 .
79 2293 252 2338 ritatem
267 2306 410 2336 meam
427 2299 680 2350 operantem
691 2289 900 2345 hilariter,
921 2289 1051 2333 etiam
1066 2289 1120 2333 de
1133 2289 1233 2349 ipsis
1251 2306 1351 2351 quae
1369 2292 1471 2336 sub-

25 2386 28 2390 ·
78 2372 146 2409 ter
168 2379 238 2408 me
265 2371 366 2407 sunt
384 2360 642 2406 mortalibus
670 2361 800 2405 rebus
821 2370 864 2405 et
886 2361 1105 2405 membris.
1137 2380 1157 2402 ‹<
1177 2363 1234 2404 Et
1257 2377 1347 2406 non
1367 2373 1471 2408 sunt

83 2453 105 2477 »
139 2436 357 2479 infirmata
388 2433 568 2492 vestigia
596 2448 709 2476 mea.
737 2452 757 2474 »
787 2435 842 2477 Et
864 2448 955 2476 non
980 2441 1082 2476 sunt
1112 2432 1351 2488 infirmata,
1382 2435 1470 2480 sive

77 2580 82 2585 K
131 2539 140 2554 ¹
162 2532 242 2564 Psal.
261 2543 341 2573 xvn,
364 2531 417 2563 33.
433 2548 473 2552 —-
491 2537 504 2553 ²
519 2529 600 2563 Ibid.
622 2529 674 2572 34.
696 2547 738 2553 —-
757 2528 770 2552 3
790 2530 903 2572 Ephcs.
926 2541 973 2571 111,
997 2540 1047 2572 ¹9·
1068 2528 1139 2559 -4
1160 2529 1239 2561 Psal.
1261 2540 1334 2573 xvii,
1361 2531 1414 2562 35.
1430 2548 1472 2553 —

27 2598 29 2602 ⁴
84 2585 100 2610 ⁵
121 2587 202 2619 lbid.
224 2587 276 2619 36.
293 2584 363 2609 -6
381 2586 463 2618 lbid.
484 2585 537 2627 37.

26 2626 27 2630 Ἰ
350 2652 471 2681 cxiv.
1239 2641 1286 2678 17
