1833 3284
376 249 619 280 ENARRA‘no
650 254 683 279 11
717 253 763 280 IN
795 251 998 281 PsALMUM
1030 254 1135 280 xxv.
1368 241 1447 282 331

58 317 220 377 justam
259 315 365 362 dicit
394 332 584 362 causam.
621 319 731 363 Nam
768 315 802 361 si
835 317 1031 378 iniquam
1067 326 1241 378 putaret
1280 306 1453 364 causam

60 403 204 441 suam,
220 387 416 448 judicem
432 404 522 433 non
539 398 768 449 quaereret.
790 391 848 433 Et
863 388 937 433 ille
958 404 1002 433 se
1018 398 1145 449 putat
1160 390 1323 449 justam
1345 405 1453 434 cau-

9 506 11 517 :
58 473 148 503 sam
170 458 353 515 habere,
378 467 422 503 et
437 457 525 503 ille.
553 459 748 503 Veniunt
769 458 825 503 ad
839 459 1048 519 judicem.
1074 463 1323 520 Antequam
1345 459 1451 519 pro-

57 528 224 573 seratur
252 529 487 585 sententia,
519 530 650 575 ambo
677 530 832 574 dicunt
856 549 864 575 ;
890 529 1210 590 Amplectimur
1235 529 1451 591 judicium

57 608 206 654 tuum,
232 599 447 660 quidquid
462 599 737 660 judicaveris,
759 601 870 644 absit
891 610 941 644 ut
964 616 1233 661 respuamus.
1260 601 1379 655 Quid
1407 612 1451 647 et

57 680 107 716 tu
123 670 254 716 dicis?
273 674 297 716 J
302 671 428 717 udica
440 672 613 733 quidvis
629 708 639 727 ‚
665 682 837 717 tantum
849 673 999 733 judica
1018 689 1026 715 :
1051 688 1227 733 prorsus
1244 673 1278 717 si
1301 674 1347 717 in
1367 673 1450 718 ali-

57 757 145 802 quo
167 756 491 803 repugnavero,
524 744 755 787 anathema
776 744 870 788 sim.
906 744 1051 788 Ambo
1083 753 1232 789 amant
1254 743 1450 805 judicem

59 821 294 873 antequam
325 812 509 874 judicet.
548 816 661 858 Cum
696 823 841 858 autem
883 812 995 858 dicta
1032 813 1164 858 fuerit
1199 815 1413 859 sententia
1434 850 1446 871 ,

57 893 208 928 contra
229 900 370 929 unum
391 885 494 943 erit3
520 894 564 929 et
587 894 743 928 neuter
763 899 915 928 eorum
941 884 1021 929 scit
1043 894 1195 929 contra
1218 901 1350 946 quem
1377 884 1450 930 fu-

55 963 153 999 tura
185 964 264 1000 est.
298 954 377 1000 Ille
410 970 513 1015 ergo
548 955 583 999 si
615 955 811 1016 utrisque
839 954 1010 1015 placere
1044 954 1260 1011 voluerit,
1292 956 1450 1016 accipit

53 1041 214 1071 munus
229 1025 407 1071 laudem
421 1027 666 1071 hominum.
688 1026 772 1071 Sed
790 1035 966 1086 accepto
984 1042 1165 1071 munere
1183 1027 1282 1082 isto,
1302 1027 1448 1072 videte

53 1095 175 1157 quod
208 1112 369 1142 munus
406 1097 591 1142 amittat.
630 1096 799 1156 Accipit
832 1095 953 1157 quod
990 1106 1142 1152 sonat,
1179 1106 1222 1141 et
1252 1098 1408 1142 transit
1435 1117 1444 1144 :

51 1166 196 1228 perdit
230 1167 352 1229 quod
381 1168 557 1226 dicitur3
597 1177 640 1212 et
670 1183 899 1228 nunquam
930 1168 1098 1212 transit.
1135 1169 1332 1213 Verbum
1370 1170 1448 1214 Dei

51 1254 220 1298 semper
241 1239 416 1292 dicitur,
447 1255 676 1300 nunquam
699 1239 854 1284 transit
879 1240 1094 1284 :verbum
1126 1240 1316 1284 hominis
1346 1255 1447 1286 mox

50 1318 102 1354 ut
121 1309 289 1355 dictum
313 1309 460 1366 fuerit,
486 1310 652 1355 transit.
676 1314 812 1355 Tenet
831 1311 998 1365 inania,
1025 1309 1204 1356 dimittit
1222 1310 1373 1355 solida.
1403 1311 1447 1357 Si

51 1389 197 1426 autem
218 1384 359 1426 Deum
380 1382 618 1437 intueatur,
645 1381 894 1441 prolaturus
916 1390 981 1425 est
1003 1381 1263 1425 sententiam
1292 1391 1446 1426 contra

50 1467 205 1508 unum,
225 1452 498 1497 considerato
515 1455 621 1507 Deo,
642 1452 724 1496 sub
745 1468 832 1512 quo
850 1451 1000 1512 judice
1014 1450 1134 1496 illam
1157 1451 1340 1512 profert.
1364 1452 1445 1497 llle

50 1532 197 1568 autem
219 1532 370 1568 contra
390 1539 523 1585 quem
545 1522 714 1583 prolata
735 1522 867 1567 fuerit
883 1559 894 1578 ‚
931 1524 1011 1568 etsi
1033 1524 1125 1583 jam
1147 1523 1321 1582 effringi
1353 1538 1445 1568 non

48 1603 219 1655 potest,
262 1595 364 1656 quia
396 1604 572 1640 tenetur
599 1597 698 1656 jure
728 1594 841 1639 forte
881 1611 971 1639 non
1009 1595 1328 1646 ecclesiastico,
1368 1595 1445 1640 sed

47 1666 296 1726 principum
318 1667 488 1725 saeculi3
512 1667 589 1728 qui
622 1675 794 1711 tantum
823 1665 1077 1710 detulerunt
1102 1665 1310 1710 Ecclesiae
1328 1671 1438 1723 (14),

48 1746 100 1782 ut
125 1737 344 1799 quidquid
365 1739 411 1783 in
433 1753 481 1783 ea
498 1738 745 1798 judicatum
765 1736 900 1782 fuerit
916 1773 927 1793 ‚
966 1736 1143 1782 dissolvi
1167 1754 1257 1782 non
1282 1739 1441 1798 possit3

48 1809 84 1854 si
104 1824 208 1868 ergo
237 1809 411 1868 effringi
438 1824 529 1853 non
556 1817 725 1868 potest,
747 1810 836 1869 jam
865 1824 956 1853 non
982 1808 1079 1853 vult
1109 1809 1271 1853 intueri
1298 1825 1343 1853 se
1361 1845 1372 1864 ,
1399 1818 1444 1853 et

49 1895 186 1925 caecos
200 1878 349 1925 oculos
366 1880 514 1939 dirigit
534 1880 581 1923 in
591 1878 786 1940 judicem
800 1915 811 1935 ‚
836 1879 1027 1924 detrahit
1043 1889 1260 1940 quantum
1278 1889 1439 1940 potest.

47 1949 222 1996 Placere
243 1949 322 2006 illi,
342 1951 502 2012 inquit,
526 1950 687 2006 voluit,
713 1951 838 1996 diviti
858 1952 984 2007 favit,
1006 1961 1081 1996 aut
1103 1951 1272 2012 aliquid
1287 1952 1342 1996 ab
1362 1951 1441 1997 illo

47 2021 233 2081 accepit3
249 2030 325 2066 aut
340 2021 485 2066 timuit
505 2020 631 2066 ilium
651 2021 890 2066 offendere.
911 2025 1099 2067 Accusat
1116 2023 1240 2083 quasi
1263 2032 1442 2083 accepta

45 2092 133 2137 sint
154 2107 349 2137 munera.
389 2093 433 2137 Si
468 2101 614 2137 autem
639 2108 802 2153 pauper
823 2093 1027 2138 habuerit
1050 2103 1203 2138 contra
1234 2092 1439 2150 divitem,

45 2172 90 2207 et
105 2177 185 2222 pro
199 2177 390 2222 paupere
412 2161 545 2207 suerit
561 2163 830 2223 judicatum3
851 2163 956 2208 dicit
977 2164 1083 2208 item
1101 2163 1240 2209 dives:
1260 2165 1442 2224 Accepit

46 2249 245 2278 munera.
274 2236 384 2288 Quae
410 2249 592 2279 munera
613 2251 637 2279 a
658 2238 875 2296 paupere?
897 2235 1040 2291 Vidit,
1076 2236 1242 2296 inquit,
1268 2251 1439 2296 paupe-

0 2351 1 2368 *
46 2319 139 2349 rem
155 2339 166 2360 ,
191 2313 235 2348 et
254 2319 310 2348 ne
325 2304 718 2364 reprehenderetur
739 2306 860 2366 quod
882 2315 1034 2351 contra
1056 2322 1295 2367 pauperem
1318 2305 1440 2351 fece-

0 2369 2 2409 ἷ
47 2374 124 2430 rit,
149 2374 361 2435 oppressit
375 2375 610 2435 justitiam,
635 2385 678 2420 et
698 2376 882 2436 protulit
910 2386 1062 2421 contra
1091 2378 1319 2422 veritatem
1341 2392 1441 2422 sen-

46 2445 244 2490 tentiam.
269 2447 384 2490 Cum
407 2460 508 2504 ergo
530 2462 702 2492 necesse
719 2447 773 2492 sit
794 2456 845 2492 ut
865 2448 950 2492 hoc
976 2447 1164 2504 dicatur,
1181 2448 1327 2492 videte
1350 2464 1440 2493 non

47 2531 170 2575 posse
191 2516 277 2561 dici
298 2517 354 2561 ab
375 2517 440 2561 his
468 2518 544 2578 qui
576 2519 875 2564 munera'non
907 2520 1147 2579 accipiunt,
1183 2520 1263 2564 nisi
1290 2536 1439 2565 coram

48 2585 183 2630 oculis
202 2587 306 2643 Dei,
326 2587 403 2648 qui
424 2587 541 2633 solus
562 2588 698 2645 videt,
722 2590 819 2649 quis
843 2590 1050 2649 accipiat,
1071 2599 1114 2634 et
1131 2590 1226 2650 quis
1250 2606 1339 2635 non
1366 2606 1438 2635 ac-
