1833 3284
348 230 431 269 318
779 238 811 264 s.
850 238 1079 264 AUGUSTINI
1112 237 1293 264 Emscom

347 305 553 359 modum,
579 303 699 364 quod
723 304 815 347 fieri
831 319 919 347 non
936 311 1101 362 potest,
1127 317 1271 346 rerum
1294 301 1612 345 transeuntium
1635 315 1737 360 per-

346 375 565 420 fructione
609 374 726 418 beati
760 374 862 418 sint.
895 392 915 415 «
947 376 1004 417 Et
1039 388 1138 416 cum
1161 372 1311 432 iniqua
1356 370 1607 430 gerentibus
1648 386 1739 414 non

350 466 370 490 »
395 446 628 491 introib01.
659 464 678 487 »
707 448 762 490 Et
776 446 877 506 quia
893 445 982 504 ipsa
1000 453 1203 488 causaest
1219 444 1415 488 omnium
1437 442 1735 503 iniquitatum,

348 517 446 562 ideo
489 532 591 561 cum
621 516 771 577 iniqua
814 515 1066 574 gerentibus
1099 514 1398 560 absconditam
1431 513 1739 558 conscientiam

349 605 439 634 nou
457 588 643 632 habebo.

408 675 461 716 V.
474 692 492 714 «
510 671 622 715 Odio
641 669 776 714 habui
799 668 1183 729 congregationem
1197 669 1487 728 malignorum
1502 670 1534 711 2.
1555 687 1575 708 »
1594 669 1650 712 Ut
1666 682 1743 711 au-

350 754 438 788 tem
461 743 661 787 veniatur
684 740 739 786 ad
761 742 903 802 ipsum
926 741 1160 785 concilium
1186 742 1385 786 vanitatis
1402 777 1412 796 ‚
1440 739 1743 798 congregatio-

349 831 426 859 nes
444 814 735 872 malignorum
756 814 894 868 fiunt,
920 828 1028 873 quas
1050 812 1152 857 odio
1173 812 1324 856 habui.
1353 832 1373 853 ‹<
1397 815 1453 856 Et
1479 826 1581 855 cum
1601 809 1744 869 impiis

353 904 373 927 »
398 902 487 930 non
503 885 680 930 sedebo.
706 904 724 926 »
747 888 801 929 Et
827 884 925 928 ideo
943 900 1045 928 eum
1067 883 1142 928 tali
1161 883 1360 938 concilio,
1380 898 1481 928 cum
1499 881 1639 942 impiis
1657 896 1747 925 non

350 956 511 1001 sedebo
527 992 538 1012 ‚
563 955 610 1000 id
629 964 720 1011 est,
738 954 950 1016 placitum
973 970 1064 1000 non
1085 954 1326 999 collocabo.
1358 973 1377 996 «
1405 956 1581 998 Etcum
1604 950 1747 1012 impiis

357 1046 377 1070 »
399 1044 488 1073 non
511 1027 687 1072 sedebo.

412 1114 490 1155 VI.
517 1131 537 1154 «
564 1112 741 1156 Lavabo
762 1111 809 1154 in
836 1110 1142 1155 innocentibus
1166 1125 1319 1154 manus
1341 1124 1458 1154 meas
1475 1110 1506 1153 3.
1532 1128 1552 1150 »
1582 1107 1751 1153 Munda

353 1181 512 1227 faciam
535 1182 648 1226 inter
669 1182 922 1226 innocentes
940 1197 1070 1242 opera
1088 1197 1198 1226 mea.
1225 1180 1400 1226 Lavabo
1413 1181 1526 1225 inter
1542 1181 1752 1224 innocen-

354 1264 418 1299 tes
443 1270 598 1298 manus
633 1269 748 1298 meas
767 1289 777 1309 ‚
799 1253 959 1315 quibus
989 1252 1268 1314 amplexabor
1294 1252 1496 1297 sublimia
1526 1261 1616 1297 tua.
1650 1271 1670 1293 «
1694 1253 1752 1295 Et

360 1344 381 1368 »
407 1323 690 1370 circumdabo
711 1324 844 1369 altare
867 1335 1020 1381 tuum,
1043 1326 1242 1370 Domine.
1272 1345 1291 1367 >›

415 1410 516 1452 VII.
528 1428 550 1452 (ι
568 1410 626 1452 Ut
648 1407 823 1452 audiam
840 1424 992 1453 vocem
1016 1408 1156 1453 laudis
1170 1417 1259 1452 tuse
1272 1409 1332 1452 ⁴.»
1355 1410 1409 1452 Ut
1423 1406 1584 1452 discam
1599 1421 1754 1467 quem-

356 1478 597 1524 admodum
632 1489 674 1523 te
705 1478 897 1524 laudem.
929 1500 949 1522 ι(
984 1482 1041 1525 Et
1079 1496 1275 1524 enarrem
1311 1481 1513 1525 universa
1540 1477 1754 1523 mirabilia

365 1569 384 1592 >³
410 1560 499 1594 tua.
530 1569 549 1591 »
572 1553 630 1595 Et
651 1566 753 1594 cum
770 1549 962 1596 didicero
977 1587 987 1606 ,
1015 1567 1230 1611 exponam
1257 1551 1402 1596 omnia
1423 1549 1640 1595 mirabilia
1663 1558 1751 1593 tua.

417 1637 542 1679 VIII.
567 1653 585 1675 t<
608 1634 808 1688 Domine,
825 1633 955 1679 dilexi
973 1634 1175 1679 decorem
1194 1634 1349 1679 domus
1366 1644 1452 1679 tuae
1480 1654 1488 1678 :
1512 1633 1756 1678 »Ecclesiae

358 1714 462 1749 tuae.
493 1724 513 1746 «
540 1708 597 1749 Et
614 1703 761 1749 locum
783 1705 1064 1750 habitationis
1087 1705 1234 1764 gloriae
1259 1716 1344 1750 tuse
1359 1709 1373 1732 ⁵
1398 1726 1406 1750 :
1436 1725 1455 1747 >›
1479 1705 1556 1750 ubi
1578 1704 1754 1750 liabita-

361 1785 457 1820 tans
480 1775 744 1833 glorificaris.

422 1861 531 1903 IX«
556 1861 619 1903 Ne
641 1857 796 1918 perdas
819 1875 920 1904 cum
944 1860 1084 1919 impiis
1100 1860 1289 1904 animam
1311 1862 1500 1904 meam‘f'.
1530 1878 1550 1900 »
1577 1861 1639 1905 Ne
1655 1874 1758 1918 ergo

361 1929 491 1974 simul
506 1929 660 1989 perdas
680 1945 781 1974 cum
799 1930 865 1974 his
878 1931 954 1991 qui
973 1940 1014 1974 te
1037 1931 1242 1987 oderunt,
1260 1932 1449 1976 animam
1474 1946 1630 1986 meam,
1657 1946 1761 1991 quae

362 2000 513 2045 dilexit
545 2000 750 2045 decorem
778 2000 934 2046 domus
968 2011 1071 2045 tuae.
1106 2022 1126 2044 «
1155 2006 1211 2047 Et
1236 2018 1338 2047 cum
1361 2003 1462 2046 viris
1491 2002 1756 2061 sanguinum

367 2091 388 2114 >›
411 2073 545 2117 vitam
558 2087 716 2116 meam.
741 2091 760 2114 »
783 2075 840 2117 Et
862 2089 962 2117 cum
984 2074 1048 2117 his
1071 2073 1147 2134 qui
1160 2074 1407 2133 proximum
1423 2073 1626 2119 oderunt.
1648 2076 1757 2119 Nam

364 2143 538 2188 duobus
560 2143 786 2203 praeceptis
805 2143 1038 2188 decoratur
1060 2143 1217 2189 domus
1235 2154 1325 2189 tua.

426 2228 481 2269 X.
507 2245 527 2267 «
554 2228 605 2269 In
620 2241 809 2286 quorum
833 2225 1034 2283 manibus
1048 2225 1298 2286 iniquitates
1315 2237 1417 2271 sunt
1431 2229 1462 2271 ⁷.
1487 2246 1506 2268 »
1529 2229 1592 2273 Ne
1613 2227 1762 2288 itaque

366 2311 437 2341 me
461 2296 616 2357 perdas
639 2312 739 2342 cum
773 2297 915 2357 impiis
938 2307 981 2341 et
1008 2313 1109 2342 eum
1136 2299 1235 2343 viris
1258 2299 1520 2358 sanguinum
1535 2334 1546 2354 ‚
1571 2313 1763 2359 quorum

366 2384 499 2428 opera
519 2369 669 2429 iniqua
698 2378 814 2412 sunt.
848 2388 867 2409 «
892 2372 1073 2413 Dextera
1103 2384 1254 2413 eorum
1287 2369 1450 2429 repleta
1473 2378 1537 2414 est
1565 2370 1763 2414 muneri-

371 2457 393 2480 »
417 2438 515 2483 bus.
541 2458 561 2480 »
588 2442 644 2483 Et
661 2438 782 2499 quod
799 2439 857 2483 eis
880 2439 935 2483 ab
953 2439 1239 2484 obtinendam
1255 2439 1440 2485 salutem
1459 2449 1668 2485 aeternam
1685 2440 1763 2486 da-

418 2543 426 2559 =
450 2536 529 2568 Psai.
560 2547 644 2577 xxv,
669 2535 701 2578 4.
729 2554 771 2559 —
794 2543 806 2559 2
832 2536 913 2569 lbi-J.
938 2537 969 2569 5.
990 2554 1030 2559 —
1054 2535 1066 2560 ³
1086 2538 1167 2570 mia.
1191 2536 1213 2569 6
1231 2555 1272 2561 -
1291 2536 1307 2568 4
1330 2537 1413 2571 mid.
1434 2549 1465 2580 7.
1483 2535 1701 2572 -51bid.8.
1722 2554 1764 2562 -

371 2590 487 2626 ⁶1bid.
507 2603 540 2635 9.
559 2609 600 2615 --
622 2599 635 2625 7
651 2592 733 2625 lbid.
759 2604 809 2626 ιο,
1811 2595 1813 2602 ⁴
