1833 3284
389 169 474 210 242
827 179 862 210 s.
899 178 1131 211 Aucus'nm
1164 182 1345 210 Emseom

443 251 502 293 II.
523 246 640 301 «Qui
654 245 901 307 ingreditur
915 247 1007 292 sine
1021 248 1208 304 macula,
1225 257 1268 293 et
1285 256 1491 309 operatur
1496 247 1777 308 justitiam.»

389 320 470 365 Hic
492 319 746 379 proposuit,
767 317 972 380 deinceps
994 319 1038 364 id
1061 321 1305 381 exequitur.

449 394 531 435 ΙΙΙ.
571 390 698 444 «Qui
730 390 926 452 loquitur
954 392 1183 437 veritatem
1215 392 1260 436 in
1291 390 1423 438 corde
1452 394 1572 437 suo‘2.
1601 409 1622 432 »
1659 392 1782 437 Non-

387 460 498 507 nulli
516 462 632 506 enim
654 462 699 506 in
720 461 846 507 labiis
864 463 1029 507 habent
1044 463 1293 519 veritatem,
1314 472 1357 508 et
1378 464 1423 507 in
1441 463 1572 507 corde
1590 477 1679 507 non
1700 462 1781 506 ha-

387 534 508 578 hent.
538 537 763 594 Tanquam
787 535 820 579 si
846 534 1000 595 aliquis
1023 533 1172 581 dolose
1195 534 1396 580 ostendat
1416 535 1529 579 viam
1547 569 1557 589 ,
1579 534 1716 578 sciens
1736 534 1782 578 in

385 621 434 649 ea
458 621 548 649 csse
569 605 758 650 latrones
773 642 784 661 ,
811 615 853 650 et
878 605 995 651 dieat
1019 626 1027 651 :
1058 607 1134 651 «Si
1156 607 1236 651 hac
1257 607 1369 661 ieris,
1396 622 1419 651 a
1441 605 1684 650 latronibus
1708 613 1781 649 tu-

387 687 454 721 tus
476 677 581 721 eris:
605 695 624 717 »
647 686 689 720 et
704 678 929 735 contingat
951 686 1000 722 ut
1016 693 1116 722 vere
1146 693 1236 721 non
1255 678 1315 721 ibi
1344 677 1533 722 latrones
1554 676 1782 720 invenian-

385 757 477 804 tur3
509 762 660 790 verum
686 746 758 791 ille
787 747 962 792 locutus
985 757 1072 803 est,
1098 748 1173 793 sed
1194 764 1282 792 non
1304 749 1350 791 in
1379 747 1511 793 corde
1528 763 1622 791 suo.
1648 745 1782 791 Aliud

351 824 357 831 '
385 819 500 862 enim
536 818 745 877 putabat,
782 828 825 862 et
853 819 1048 864 nesciens
1074 835 1226 864 verum
1251 819 1374 864 dixit.
1401 822 1518 878 Ergo
1540 833 1693 878 parum
1718 826 1782 861 est

382 904 533 934 verum
559 888 708 949 loqui,
748 889 828 933 nisi
858 890 988 933 etiam
1017 890 1062 933 in
1085 889 1217 934 corde
1239 890 1297 934 ita
1325 891 1394 933 sit.
1425 909 1444 931 «
1470 889 1557 943 Qui
1584 905 1673 933 non
1695 888 1783 946 egit

386 981 405 1003 »
433 960 585 1005 dolum
605 962 650 1005 in
672 960 820 1019 lingua
843 978 934 1006 sua.
962 980 981 1002 >›
1007 962 1175 1021 Lingua
1197 960 1337 1020 agitur
1359 959 1508 1017 dolus,
1538 976 1638 1005 curn
1662 957 1782 1003 aliud

383 1049 456 1078 ore
478 1033 715 1094 profertur,
740 1033 861 1078 aliud
891 1043 1067 1093 pectore
1089 1034 1264 1092 tegitur.
1301 1053 1322 1075 ‹<
1341 1036 1430 1079 Nec
1455 1032 1558 1078 feeit
1584 1032 1780 1093 proximo

381 1125 401 1147 »
428 1121 506 1150 suo
526 1104 706 1149 malum.
727 1124 746 1146 »
776 1105 1030 1150 Proximum
1052 1120 1228 1150 omnem
1252 1104 1475 1149 hominem
1493 1104 1627 1164 accipi
1647 1118 1780 1163 opor-

380 1187 469 1222 tere
480 1186 634 1221 notum
647 1186 725 1221 est.
742 1196 761 1218 «
773 1179 830 1221 Et
839 1176 1127 1236 opprobrium
1141 1192 1230 1221 non
1242 1176 1407 1236 accepit
1417 1176 1621 1220 adversus
1634 1175 1781 1235 proxi-

380 1268 400 1290 »
430 1263 550 1293 mum
572 1249 727 1292 suum³
757 1267 766 1292 ε
795 1266 815 1289 i»
844 1246 891 1291 id
909 1256 973 1292 est
989 1283 999 1303 ‚
1026 1263 1115 1292 non
1137 1246 1327 1291 libenter
1351 1257 1427 1291 aut
1452 1256 1612 1291 temere
1635 1244 1780 1292 credi-

382 1320 447 1365 dit
469 1320 753 1364 criminatori.

439 1394 514 1436 IV.
555 1411 574 1433 «
600 1389 670 1435 Ad
692 1389 882 1435 nihilum
907 1389 1122 1434 deductus
1145 1398 1209 1434 est
1233 1389 1277 1434 in
1310 1399 1547 1450 conspectu
1570 1392 1661 1451 ejus
1683 1406 1779 1437 ma-

384 1486 401 1506 »
428 1462 570 1522 lignus
586 1464 616 1505 4.
648 1481 667 1503 »
688 1465 773 1506 Ista
791 1460 1003 1522 perfectio
1018 1470 1106 1515 est,
1133 1470 1184 1505 ut
1207 1460 1317 1505 nihil
1340 1461 1383 1505 in
1402 1461 1624 1506 hominem
1637 1463 1780 1509 valeat

381 1534 618 1593 malignus3
654 1542 697 1577 et
730 1542 779 1576 ut
809 1533 891 1577 hoc
925 1533 979 1577 sit
1007 1552 1026 1574 «
1054 1536 1105 1576 In
1137 1542 1375 1592 conspectu
1413 1533 1531 1593 ejus,
1560 1552 1579 1575 »
1611 1534 1657 1578 id
1689 1545 1775 1591 est,

378 1607 614 1652 certissime
633 1605 804 1649 noverit
821 1604 1062 1663 malignum
1088 1619 1177 1647 non
1196 1620 1306 1659 esse,
1335 1604 1415 1648 nisi
1438 1620 1539 1649 cum
1562 1606 1732 1651 animus
1754 1623 1778 1651 a

379 1678 521 1738 speeie
544 1677 610 1721 sui
633 1675 849 1721 Creatoris
872 1684 1034 1718 veterna
1057 1684 1099 1718 et
1121 1674 1472 1719 incommutabili
1490 1674 1546 1719 ad
1567 1687 1779 1722 creaturae

377 1749 563 1809 speciem
582 1747 807 1801 avertitur,
829 1762 928 1806 quae
944 1745 997 1789 de
1012 1745 1149 1789 nihiio
1172 1745 1286 1789 facta
1309 1755 1387 1790 est.
1419 1765 1438 1787 «
1461 1746 1678 1793 Timentes
1697 1764 1778 1793 au-

382 1841 401 1863 »
431 1830 516 1865 tem
540 1818 774 1863 Dominum
793 1816 1005 1876 glorificat
1032 1836 1039 1860 z
1064 1836 1083 1857 ³>
1110 1817 1263 1877 utique
1278 1817 1367 1877 ipse
1385 1818 1595 1862 Dominus
1619 1839 1627 1864 ε
1650 1839 1668 1861 «
1685 1820 1777 1864 Ini-

381 1913 400 1934 »
436 1893 545 1937 tium
578 1900 723 1935 autem
747 1889 969 1949 sapientire
994 1889 1121 1933 timor
1144 1889 1361 1933 Domini⁵.
1391 1908 1410 1929 »
1440 1891 1561 1934 Sicut
1580 1906 1681 1949 ergo
1704 1890 1778 1937 illa

375 1964 597 2025 superiora
622 1962 843 2023 pertinent
866 1960 921 2004 ad
944 1959 1157 2021 perfectos
1176 1996 1185 2017 ,
1218 1961 1278 2005 ita
1300 1976 1349 2006 ea
1371 1977 1471 2022 quae
1494 1978 1612 2007 nunc
1631 1962 1778 2008 dictu-

378 2052 450 2080 rus
472 2044 562 2089 est,
588 2033 810 2094 pertinent
833 2031 888 2076 ad
905 2032 1178 2092 incipientes.
1384 2028 1394 2035 ’

437 2109 489 2150 V.
531 2126 551 2148 «
578 2105 664 2159 Qui
680 2105 799 2165 jurat
819 2103 1016 2164 proximo
1035 2119 1113 2148 suo
1131 2139 1141 2158 ,
1165 2112 1208 2147 et
1231 2118 1320 2147 non
1341 2102 1504 2163 decipit
1525 2123 1532 2148 ;
1552 2104 1628 2164 qui
1644 2120 1776 2165 pecu·
1822 2133 1823 2138 =

381 2198 401 2220 )›
437 2178 553 2222 niam
575 2192 697 2222 suam
722 2191 811 2220 non
839 2173 961 2218 dedit
980 2175 1035 2218 ad
1058 2189 1235 2218 usuram
1250 2210 1260 2229 ‚
1289 2183 1330 2218 et
1352 2189 1534 2218 munera
1557 2190 1686 2236 super
1704 2177 1775 2220 in-
1820 2182 1821 2185 ’

380 2269 400 2292 »
435 2258 644 2294 nocentes
664 2264 754 2292 non
768 2247 972 2307 accepitss.
1003 2264 1022 2287 »
1045 2249 1130 2290 Ista
1153 2261 1243 2290 non
1262 2255 1363 2290 sunt
1383 2261 1538 2305 magna
1565 2266 1573 2291 ε
1601 2246 1677 2292 sed
1698 2248 1775 2309 qui
1818 2275 1819 2311 ᾗ

377 2337 457 2366 nec
485 2321 565 2365 ista
596 2328 760 2380 potest,
793 2316 934 2362 multo
962 2317 1107 2361 minus
1140 2326 1282 2377 potest
1314 2316 1437 2377 loqui
1467 2317 1694 2363 veritatem
1729 2320 1774 2364 in

376 2393 507 2438 corde
530 2407 608 2436 suo
629 2427 640 2447 ‚
661 2400 704 2435 et
721 2406 811 2435 non
829 2388 981 2434 dolum
996 2389 1040 2437 in
1058 2388 1208 2448 lingua
1228 2405 1320 2445 sua,
1346 2389 1422 2434 sed
1440 2400 1489 2434 ut
1502 2400 1566 2434 est
1582 2391 1628 2435 in
1641 2391 1772 2436 corde

427 2498 433 2513 ¹
458 2490 537 2522 Psal.
564 2500 617 2521 xiv
633 2514 641 2530 ‚
663 2497 695 2520 2.
717 2506 757 2510 -
785 2487 1018 2520 21bid.3.—
1041 2484 1137 2518 31bid
1177 2503 1217 2508 —-
1235 2485 1352 2518 41tid.
1373 2484 1403 2528 4.
1425 2504 1464 2509 --
1481 2484 1771 2531 51d.‹:x,10,et

377 2547 464 2580 Eccli
487 2558 511 2587 1,
536 2544 585 2577 16.
610 2563 649 2567 ——
669 2542 684 2564 Γ)
702 2544 782 2576 Psal.
808 2555 873 2583 xiv,
902 2542 935 2585 4,
952 2542 985 2575 5.
