1833 3284
379 223 460 264 164
813 235 846 263 S.
883 235 1114 264 Accusnm
1147 237 1327 264 EPlSCOPI

373 316 477 360 ergo
500 299 655 343 adhoc
682 300 897 359 pertinere
920 300 1042 361 quod
1062 299 1172 345 dixit
1195 321 1203 346 ;
1229 321 1249 343 «
1270 299 1543 345 Erubescant
1558 333 1569 353 ,
1589 308 1632 343 et
1654 314 1760 343 con-

377 390 396 412 »
433 371 666 415 turbentur
697 387 845 415 omnes
881 372 1045 416 inimici
1079 373 1164 416 mei
1195 392 1203 418 2
1230 392 1250 414 ³>
1288 382 1336 418 ut
1368 371 1422 417 de
1450 371 1638 432 peccatis
1675 372 1760 416 suis

373 451 503 486 avant
525 442 828 501 poenitentiam
845 478 855 497 ‚
893 442 1013 503 quod
1041 443 1133 487 sine
1157 444 1413 489 confusione
1448 452 1490 487 et
1523 442 1762 487 conturba-

374 514 491 558 tione
514 513 606 557 fieri
629 529 717 558 non
739 523 896 574 potest.
923 514 1040 559 Nihil
1056 516 1202 575 itaque
1224 514 1406 575 impedit
1424 514 1483 558 sic
1505 514 1697 574 accipere
1719 523 1762 558 et

371 584 482 629 illud
504 585 624 646 quod
645 586 857 645 sequitur,
895 605 914 627 «
935 589 1257 631 Convertamur
1279 596 1321 631 et
1349 586 1608 630 erubescant
1623 621 1633 640 ,
1661 604 1680 627 υ
1716 585 1762 630 id

372 667 437 702 est
455 693 464 711 ‚
490 667 801 702 convertantur
823 657 879 702 ad
894 661 1030 702 Deum
1052 694 1062 714 ‚
1086 668 1129 703 ct
1146 659 1404 703 erubescant
1425 674 1469 702 se
1486 658 1529 701 in
1546 657 1762 717 prioribus

376 729 564 773 tenebris
582 739 859 788 peccatorum
883 729 1118 791 aliquando
1139 730 1341 790 gloriatos
1363 751 1371 776 ε
1398 731 1510 775 sicut
1530 729 1762 790 Apostolus

372 800 478 845 dicit
506 820 514 845 :
545 820 564 843 «
583 804 724 854 Quam
747 802 862 845 enim
888 802 1067 861 gloriam
1090 802 1301 847 habuistis
1331 800 1568 862 aliquando
1599 802 1644 845 in
1665 801 1758 857 his,

375 891 396 914 »
432 872 477 916 in
506 872 665 933 quibus
698 889 817 917 nunc
849 873 1102 917 erubescitis
1119 875 1165 917 ¹?
1190 892 1209 914 »
1237 872 1367 926 Quod
1393 882 1540 916 autem
1565 870 1757 927 addidit,

376 942 555 987 «Valde
584 943 806 999 velociter,
837 962 857 984 »
900 952 976 987 aut
1013 944 1069 987 ad
1096 945 1286 1004 optantis
1323 944 1554 999 affectum,
1594 953 1669 988 aut
1706 943 1761 988 ad

370 1014 531 1059 Christi
562 1015 802 1074 potentiam
836 1013 1113 1058 referendum
1147 1025 1233 1070 est,
1266 1016 1342 1075 qui
1371 1025 1518 1073 gentes
1556 1031 1655 1075 quae
1682 1031 1761 1074 pro

371 1084 497 1129 idolis
520 1086 605 1130 suis
627 1086 1002 1147 persequebantur
1024 1085 1284 1142 Ecclesiam,
1307 1086 1361 1131 ad
1383 1085 1605 1144 Evangelii
1629 1085 1762 1130 fidem

371 1165 493 1201 tanta
510 1166 757 1217 temporum
772 1156 992 1202 celeritate
1011 1158 1241 1202 convertit.

872 1436 1257 1486 ENARRATto

792 1578 853 1616 IN
897 1577 1195 1617 PSALMUM
1240 1577 1348 1616 vll.

375 1709 571 1754 Psalmus
607 1709 686 1768 ipsi
718 1707 877 1764 David,
909 1725 1040 1769 quem
1076 1709 1266 1753 cantavit
1297 1708 1486 1754 Domino
1512 1723 1592 1768 pro
1621 1708 1762 1753 verbis

814 1780 969 1836 Chusi,
995 1780 1073 1825 filii
1097 1780 1267 1825 Gemini
1284 1783 1315 1824 ².

432 1933 467 1973 Ι.
504 1933 711 1974 Hismnm
740 1928 941 1990 quidem,
978 1928 1097 1973 unde
1125 1929 1393 1972 occasionem
1426 1928 1505 1971 ista
1532 1927 1761 1986 prophetia
1822 1975 1824 1983 k

368 2000 569 2060 sumpsit,
587 2000 632 2044 in
642 2003 893 2058 Regnorum
909 1997 1102 2044 secundo
1118 1998 1232 2043 libro
1246 2013 1505 2057 cognoscere
1520 1996 1646 2041 facile
1661 1998 1758 2040 est3.

370 2071 439 2115 Ibi
462 2071 579 2114 enim
601 2071 736 2116 Chusi
758 2071 921 2114 amicus
945 2070 1054 2128 regis
1073 2068 1211 2113 David
1235 2069 1463 2112 transitum
1483 2067 1585 2112 fecit
1602 2067 1646 2110 in
1662 2083 1763 2127 par-
1822 2066 1823 2070 ’

370 2151 433 2186 tes
457 2142 695 2186 Abessalon
722 2141 799 2185 filii
821 2143 936 2202 ejus,
969 2141 1044 2200 qui
1074 2140 1277 2183 adversus
1304 2148 1470 2198 patrem
1497 2137 1660 2181 bellum
1685 2153 1761 2196 ge-

370 2213 509 2268 rebat⁷
532 2212 586 2256 ad
599 2211 861 2272 exploranda
879 2210 1056 2256 consilia
1070 2219 1114 2253 et
1131 2209 1420 2253 renuntianda
1443 2224 1543 2268 quae
1559 2207 1762 2252 adversus

371 2296 538 2344 patrem
567 2283 639 2327 ille
660 2283 937 2338 moliebatur,
964 2291 1139 2326 auctore
1161 2279 1394 2340 Achitopel
1410 2316 1421 2335 ‚
1447 2280 1523 2340 qui
1544 2278 1763 2324 def-ecerat

371 2357 426 2401 ab
450 2355 635 2400 amicitia
658 2353 811 2409 David,
838 2363 881 2398 et
898 2352 1035 2397 filium
1050 2354 1142 2412 ejus
1159 2351 1362 2396 adversus
1384 2360 1551 2411 patrem
1575 2350 1760 2395 consiliis

370 2428 531 2489 quibus
553 2435 697 2486 posset
712 2460 723 2480 ⁷
747 2424 1003 2469 instruebat.
1033 2422 1115 2468 Sed
1139 2423 1348 2483 quoniam
1369 2437 1459 2466 non
1477 2422 1567 2481 ipsa
1584 2421 1760 2466 historia

370 2500 415 2544 in
434 2500 516 2543 hoe
542 2496 713 2542 Psalmo
734 2494 1048 2541 consideranda
1072 2503 1150 2548 est,
1176 2492 1230 2537 de
1247 2509 1332 2554 qua
1357 2493 1575 2552 Propheta
1594 2501 1759 2550 myste-

419 2604 428 2620 ¹
451 2598 540 2629 Rom.
562 2607 606 2630 vx,
633 2604 686 2627 21.
705 2610 744 2616 —-
766 2601 776 2616 2
799 2594 875 2624 Psal.
901 2604 955 2634 vu,
980 2605 1006 2623 1.
1030 2609 1070 2613 -—
1088 2590 1100 2613 3
1119 2600 1137 2622 2
1158 2594 1222 2632 [ξος
1258 2590 1306 2621 16.

1826 2442 1833 2586 1
