1833 3284
165 302 434 346 'ENARRATIO
466 304 517 331 111
550 305 594 331 IN
627 303 830 331 PSALMUM
863 302 1005 341 xxxii,
1041 303 1168 332 sarm.
1205 305 1252 331 11.
1349 291 1434 331 489

50 387 71 410 »
106 385 130 414 a
151 368 332 414 mortuis
353 368 480 413 tertio
496 367 566 413 die
582 404 592 424 ,
614 377 657 413 et
677 367 903 429 praedicari
924 368 970 412 in
987 369 1163 413 nomine
1180 370 1270 429 ejus
1288 369 1433 429 poeni·-

51 460 70 482 »
105 441 286 485 tentiam
301 449 345 484 et
365 440 658 485 remissionem
681 443 1001 500 peccatorum1.
1020 461 1036 482 »
1064 439 1190 485 Unde
1209 450 1252 485 et
1267 456 1435 501 quous-

46 527 133 572 que
147 514 190 554 ‘?»
216 515 298 556 Per
309 526 460 556 omnes
475 522 639 571 gentes,
661 513 735 567 ait,
754 511 1061 572 incipientibus
1076 512 1131 556 ab
1148 512 1433 556 Jerusalem.»

47 585 186 636 Quam
228 582 566 627 misericordiam
598 599 701 627 vero
731 598 881 627 omnes
915 591 1212 642 expectamus,
1252 582 1432 636 fratres,

46 653 295 699 uberiorem
317 669 341 698 a
363 654 571 709 Domino,
597 654 678 698 nisi
698 663 747 698 ut
765 663 942 714 peccata
963 662 1107 698 nostra
1131 652 1437 698 dimittantur?

47 726 160 770 Cum
176 739 277 784 ergo
294 741 343 770 ea
366 726 419 770 sit
438 741 592 784 magna
605 725 896 770 misericordia
910 727 1099 781 Domini,
1124 727 1318 771 remissio
1335 741 1439 786 pec-

47 805 267 852 catorum,
299 806 343 841 et
372 797 484 841 hanc
502 797 795 842 remissionem
818 807 1100 857 peccatorum
1126 796 1326 857 praedixit
1348 800 1438 841 Do-

46 866 192 912 minus
212 867 440 928 praedicari
460 883 538 928 per
559 883 708 913 omnes
723 877 888 927 gentes,
909 887 926 908 «
948 868 1242 913 Misericordia
1264 868 1439 912 Domini

49 955 71 980 »
106 937 235 998 plena
269 948 334 983 est
366 949 494 983 terra.
523 957 543 980 n
577 938 703 983 Unde
729 937 858 998 plena
888 948 951 983 est
980 940 1124 983 terra?
1144 937 1439 983 Misericordia

48 1009 236 1054 Domini.
255 1011 432 1063 Quare?
453 1010 563 1063 Quia
586 1009 752 1070 ubique
774 1009 954 1055 dimittit
975 1019 1152 1069 peccata
1171 1013 1285 1054 Deus
1301 1045 1312 1066 ,
1337 1010 1439 1070 quia

47 1079 165 1124 misit
185 1079 320 1125 coelos
341 1079 418 1140 qui
435 1088 593 1124 terram
618 1079 934 1140 compluerent.

106 1152 231 1195 VIII.
265 1153 323 1196 Et
339 1150 563 1212 quomodo
581 1152 672 1196 ausi
693 1160 796 1196 sunt
815 1152 897 1211 ipsi
918 1151 1018 1196 coeli
1038 1152 1100 1196 ire
1123 1167 1225 1196 cum
1251 1151 1411 1196 fiducia
1427 1186 1438 1206 ,

48 1236 100 1266 ex
123 1221 376 1266 hominibus
404 1222 587 1267 infirmis
613 1211 714 1266 coeli
744 1223 859 1277 fieri,
886 1222 966 1267 nisi
993 1223 1095 1283 quia
1111 1258 1122 1278 ,
1153 1223 1334 1267 «Verbo
1355 1227 1443 1267 Do-

49 1310 72 1333 »
105 1292 214 1336 mini
231 1291 334 1337 coeli
356 1291 527 1337 solidati
548 1294 681 1337 sunt?
706 1311 725 1334 »
754 1292 879 1337 Unde
901 1293 1018 1337 enim
1041 1293 1253 1337 haberent
1276 1303 1443 1338 tantam

48 1362 257 1407 virtutem
289 1378 390 1407 oves
411 1362 527 1407 inter
547 1361 675 1422 lupos
695 1398 706 1418 ,
737 1363 817 1407 nisi
839 1363 940 1422 quia
956 1399 966 1418 ,
1000 1363 1200 1423 «Spiritu
1233 1364 1316 1408 oris
1351 1365 1443 1424 ejus

53 1454 72 1475 »
107 1433 247 1478 omnis
262 1433 398 1478 virtus
421 1435 599 1478 eorum?
615 1436 749 1488 Ecce,
776 1434 921 1494 inquit
938 1469 947 1489 ,
973 1434 1100 1478 mitto
1120 1450 1196 1478 vos
1215 1435 1327 1478 sicut
1343 1450 1443 1479 oves

51 1522 72 1545 »
107 1504 154 1548 in
194 1503 340 1549 medio
377 1503 584 1565 luporum
603 1508 635 1548 ².
667 1524 687 1546 »
729 1506 766 1549 Ο
794 1505 978 1549 Domine
1022 1505 1439 1550 misericordissime!

49 1576 177 1620 Certe
205 1576 291 1620 hoc
316 1575 450 1631 facis,
481 1585 532 1620 ut
563 1575 856 1620 misericordia
888 1585 962 1621 tua
994 1576 1123 1636 plena
1157 1577 1211 1621 sit
1246 1587 1367 1621 terra.
1403 1577 1443 1621 Si

49 1660 154 1704 ergo
182 1646 243 1690 ita
270 1662 313 1691 es
341 1646 604 1701 misericors,
638 1655 688 1690 ut
715 1646 895 1706 impleas
925 1657 1084 1691 terram
1121 1647 1441 1703 misericordia,

49 1716 150 1761 vide
175 1733 285 1777 quos
305 1717 464 1772 mittis,
485 1717 585 1762 vide
607 1733 696 1778 quo
718 1718 865 1762 mittis.
893 1720 991 1771 Quo
1007 1754 1017 1773 ,
1047 1719 1226 1778 inquam
1245 1755 1255 1774 ,
1282 1719 1414 1762 mittis
1431 1754 1441 1773 ,

49 1796 94 1831 et
114 1803 225 1848 quos
245 1789 412 1833 mittis?
430 1790 541 1833 Oves
561 1788 606 1832 in
631 1787 824 1832 medium
847 1787 1071 1848 luporum.
1098 1791 1219 1834 Unus
1252 1789 1383 1849 lupus
1413 1790 1446 1833 si

48 1858 250 1903 mittatur
270 1859 317 1903 in
333 1859 530 1904 medium
546 1859 938 1903 innumerabilium
962 1860 1126 1915 ovium,
1148 1860 1245 1920 quis
1267 1861 1305 1904 ei
1323 1861 1447 1904 res'is-

50 1929 128 1973 tit?
149 1930 268 1983 Quid
301 1946 389 1974 non
419 1930 682 1982 conturbat,
716 1930 798 1973 nisi
827 1930 941 1974 forte
974 1931 1078 1990 quia
1110 1931 1198 1975 cito
1237 1932 1447 1975 satiatur?

49 2001 161 2044 Nam
175 2000 321 2045 omnia
341 1999 586 2044 devoraret.
607 2000 744 2044 Mittis
767 2000 962 2044 infirmos
983 2001 1098 2045 inter
1116 2004 1276 2045 saevos?
1298 2002 1443 2056 Mitto,

50 2071 218 2130 inquit,
243 2071 347 2132 quia
363 2070 466 2115 coeli
487 2070 623 2126 fiunt,
644 2080 695 2115 ut
722 2080 881 2114 terram
904 2071 1173 2131 compluant.
1201 2073 1328 2116 Unde
1345 2071 1448 2116 coeli

49 2141 250 2186 homines
270 2142 458 2186 infirmi?
483 2141 567 2186 Sed
598 2142 795 2201 «Spiritu
821 2142 904 2186 oris
926 2143 1017 2202 ejus
1039 2143 1180 2187 omnis
1211 2143 1348 2187 virtus
1370 2158 1447 2187 eo-

54 2230 75 2254 »
110 2228 224 2256 rum.
250 2230 271 2254 n
297 2215 412 2258 Ecce
431 2211 525 2272 lupi
548 2212 765 2256 tenebunt
778 2228 855 2257 vos
869 2249 880 2267 ,
907 2222 950 2256 et
968 2213 1142 2258 tradent
1163 2229 1261 2269 vos,
1282 2224 1325 2258 et
1342 2213 1448 2258 offe-

53 2292 151 2326 rent
170 2282 458 2342 potestatibus
486 2291 664 2343 propter
685 2298 847 2327 nomen
871 2298 1034 2327 meum.
1060 2286 1157 2328 Jam
1180 2300 1256 2328 vos
1286 2293 1448 2328 armate

53 2368 144 2398 vos.
170 2352 342 2398 Virtute
363 2355 529 2398 vestra?
551 2353 677 2398 absit.
713 2352 896 2399 «Nolite
925 2355 1115 2413 cogitare
1147 2355 1256 2415 quid
1287 2354 1448 2415 loqua-

23 2470 30 2473 t
60 2445 78 2466 »
113 2424 221 2468 mini
248 2445 257 2470 :
282 2440 373 2469 non
400 2425 516 2469 enim
537 2440 613 2469 vos
634 2425 733 2470 estis
760 2425 836 2486 qui
869 2425 1126 2486 loquimini,
1154 2427 1231 2471 sed
1264 2427 1448 2488 Spiritus

58 2516 77 2538 »
112 2495 250 2542 Patris
266 2496 397 2540 vestri
413 2496 491 2556 qui
512 2495 708 2557 loquitur
730 2497 776 2541 in
799 2497 918 2541 vobis
934 2498 948 2522 ³
978 2517 986 2542 ;
1012 2498 1113 2558 quia
1140 2498 1336 2558 «Spiritu
1358 2498 1443 2543 oris

57 2583 79 2608 »
113 2567 205 2626 ejus
224 2566 364 2612 omnis
379 2567 517 2612 virtus
534 2582 702 2612 eorum.
742 2587 762 2609 »

105 2661 113 2676 ¹
135 2654 212 2686 Luc.
227 2664 294 2695 xiv,
315 2653 370 2696 46,
389 2653 443 2696 47.
462 2671 505 2677 —
524 2661 536 2677 ²
553 2654 668 2687 Mauh.
688 2665 723 2692 x,
747 2653 797 2685 16.
822 2670 862 2678 -
882 2652 895 2676 3
911 2653 991 2686 lbid.
1016 2664 1067 2696 ις),
1084 2663 1137 2687 sto,
