1833 3284
379 220 725 250 ANNOTATIONUM
759 224 804 250 IN
836 224 907 250 JOB
926 240 937 261 ‚
973 222 1112 249 LIBER.
1389 209 1444 247 63

55 306 76 330 »
110 287 222 332 sicut
251 288 427 347 spiritus
444 303 540 347 spes
565 303 676 333 mea.
707 305 727 330 ι)
753 289 885 342 Quasi
904 289 1033 333 inane
1060 285 1228 347 aliquid
1248 285 1445 349 conversi

53 357 109 402 ad
122 373 241 418 spem
253 359 560 418 temporalium
572 393 583 414 ‚
608 359 820 403 habentes
837 357 958 420 quod
975 357 1200 418 promitto.
1229 375 1249 399 «
1264 360 1322 401 Et
1334 356 1446 400 sicut

55 446 76 470 »
111 428 251 473 nubes
272 428 441 473 transiit
461 428 575 474 salus
595 431 715 474 mea¹
745 449 754 474 z
780 445 868 474 non
889 437 1111 489 sperantes
1132 426 1317 471 salutem
1342 441 1446 487 pro-

52 499 226 544 missam
260 514 407 545 amore
428 500 652 560 praesentis
673 500 836 546 salutis.
867 520 887 543 «
907 503 965 545 Et
986 514 1105 544 nunc
1137 513 1267 558 super
1288 513 1359 542 me
1384 497 1446 542 ef·

56 588 76 611 >›
110 569 323 615 fundetur
353 569 495 616 anima
516 584 613 615 mea
639 591 647 615 :
676 589 696 612 »
738 570 969 632 precando.
1010 589 1031 613 «
1056 573 1193 616 Nocte
1213 584 1317 614 vero
1352 583 1445 613 ossa

55 658 76 682 »
110 655 207 684 mea
237 638 460 686 confracta
486 651 590 686 sunt
614 661 623 686 :
650 659 671 683 »
703 643 953 688 firmitatem
974 656 1108 702 quam
1130 640 1307 695 habuit,
1337 638 1445 683 dixit

51 709 131 755 sibi
145 720 352 771 ereptam.
374 730 394 754 «
415 713 472 756 Et
486 713 608 756 nervi
625 713 711 756 mei
725 711 923 758 dissoluti
939 721 1042 757 sunt
1064 732 1073 757 :
1092 731 1112 753 »
1130 712 1320 757 actiones
1336 725 1446 770 prae-

53 781 205 827 teritae.
247 802 267 826 «
287 786 340 828 In
374 782 513 828 multa
540 784 703 829 virtute
738 783 1028 845 apprehendit
1063 783 1220 828 stolam
1257 797 1399 827 meam
1432 801 1441 827 :

52 853 107 899 ad
132 853 515 901 demonstrandam
541 856 748 901 virtutem
781 872 930 912 suam,
955 856 1089 900 modo
1111 853 1347 914 affligendo
1365 890 1376 910 ‚
1401 863 1446 898 et

51 934 200 985 postea
223 925 482 986 reparando.
514 945 532 967 «
554 929 611 971 Et
631 927 754 988 quasi
786 943 859 972 ora
879 926 1128 972 vestimenti
1146 926 1231 970 mei
1252 926 1444 970 circum—

55 1014 74 1038 »
99 996 222 1042 dedit
254 1012 324 1041 me.
361 1017 370 1042 ε
405 1016 426 1038 »
451 997 675 1042 modicum
696 998 805 1043 mihi
828 997 1005 1059 reliquit
1033 996 1316 1042 auctoritatis.
1347 1016 1367 1038 ι(
1393 999 1444 1039 In

53 1086 73 1110 »
108 1077 221 1114 terra
251 1078 296 1113 et
316 1069 460 1114 cinere
486 1085 585 1129 pars
607 1085 702 1114 mea
724 1089 731 1114 :
751 1088 770 1110 ι)
798 1070 843 1113 in
867 1069 1144 1129 poenitentia,
1170 1068 1273 1129 quia
1301 1076 1443 1112 extre-

50 1153 187 1184 mum.
218 1142 476 1185 «Steterunt
496 1149 536 1184 et
553 1139 935 1185 consideraverunt
950 1155 1018 1184 me
1041 1159 1049 1184 :
1070 1158 1090 1180 »
1115 1149 1158 1183 ct
1173 1154 1243 1183 me
1253 1139 1440 1199 jacente,

50 1211 225 1270 superbi
238 1219 452 1255 steterunt
465 1246 480 1266 ,
504 1220 749 1271 quaerentes
767 1210 872 1271 quid
894 1211 940 1254 in
963 1226 1032 1254 me
1054 1209 1439 1270 reprehenderent.

55 1300 74 1322 «
109 1284 165 1326 Et
186 1282 406 1343 projecisti
428 1297 498 1326 me
520 1299 544 1327 a
562 1282 712 1328 salute.
745 1302 763 1325 »
792 1281 893 1328 Illos
909 1281 1028 1327 dolet
1044 1318 1054 1338 ‚
1077 1282 1153 1343 qui
1171 1297 1290 1342 spem
1316 1297 1442 1341 repa-

50 1353 226 1398 rationis
244 1353 494 1398 amiserunt.
505 1373 526 1396 «
540 1356 704 1398 Domus
721 1353 838 1397 enim
851 1362 915 1398 est
928 1353 1046 1398 omni
1059 1351 1231 1397 mortali
1248 1361 1360 1397 terra
1372 1356 1404 1396 ⁴2.
1421 1370 1441 1394 »

51 1423 156 1470 Ideo
179 1440 223 1469 se
244 1425 350 1470 dicit
368 1435 555 1470 mortem
577 1435 794 1481 metuere,
822 1426 925 1486 quia
947 1425 1218 1470 conversatio
1240 1425 1332 1485 ejus
1353 1440 1440 1470 non

50 1494 103 1540 sit
117 1495 165 1538 in
181 1495 330 1551 009103,
354 1495 598 1541 secundum
613 1495 760 1556 plures
778 1496 854 1556 qui
871 1495 972 1540 mali
994 1504 1097 1540 sunt
1115 1496 1159 1539 in
1173 1494 1380 1550 Ecclesia,
1401 1505 1445 1540 et

50 1574 220 1610 terrene
241 1567 410 1612 vivunt.
443 1570 624 1626 «Atque
642 1567 810 1611 utinam
827 1581 997 1626 possem
1014 1581 1083 1610 me
1104 1566 1248 1625 ipsum
1272 1566 1441 1610 interfi-

55 1654 73 1677 »
99 1651 196 1681 cere
221 1656 230 1682 ;
251 1655 271 1678 »
297 1646 348 1682 ut
367 1652 560 1682 morerer
578 1636 784 1682 saeculo.»
806 1640 896 1681 Aut
917 1652 1116 1696 rogarem
1138 1635 1289 1693 alium,
1317 1637 1442 1682 etfa-

54 1726 74 1749 »
108 1717 224 1753 ceret
246 1709 350 1753 mihi
379 1709 489 1754 hoc⁴
519 1728 528 1753 :
556 1728 576 1750 »
607 1708 675 1754 vel
698 1707 915 1768 Angelum
940 1708 1161 1753 meliorem
1177 1745 1188 1765 ‚
1213 1708 1283 1754 vel
1305 1712 1443 1754 Deum

49 1793 128 1839 per
164 1794 298 1840 quem
333 1780 585 1839 corrigerer.
633 1799 653 1821 «
672 1782 766 1839 Ego
792 1779 907 1824 bona
930 1779 1230 1839 praestolabar.
1260 1798 1279 1821 »
1317 1780 1445 1825 Dolet

36 1850 151 1910 ¹quia
174 1859 352 1910 repente
374 1850 453 1894 sibi
472 1851 549 1895 ista
567 1859 821 1895 evenerunt.
853 1870 872 1893 «
892 1853 1057 1895 Venter
1079 1867 1200 1895 meus
1217 1851 1440 1907 efferbuit,

54 1939 74 1962 »
109 1930 152 1966 et
174 1938 264 1967 non
278 1922 441 1967 tacebit
461 1941 469 1967 :
487 1941 507 1964 »
530 1922 753 1978 interiora,
773 1922 843 1967 vel
864 1923 1072 1967 memoria
1085 1939 1171 1983 qua
1191 1923 1444 1968 recordatur

49 1992 158 2054 quid
190 1993 324 2038 fuerit
353 1993 516 2053 primo,
543 2002 586 2037 et
608 1992 830 2053 quomodo
854 1994 1012 2038 afflicta
1033 2003 1097 2038 est
1122 1995 1169 2037 in
1192 1995 1439 2053 gemitibus.

54 2082 75 2106 «
110 2066 168 2108 Et
202 2064 320 2109 stetit
345 2064 391 2109 in
413 2073 533 2110 coetu
563 2063 755 2109 clamans
771 2067 785 2091 ⁵
814 2084 821 2109 :
846 2083 866 2106 »
894 2065 996 2125 quia
1018 2081 1108 2110 non
1128 2066 1174 2109 in
1194 2066 1444 2126 frequentia

50 2133 199 2180 audita
220 2144 284 2180 est
305 2151 478 2191 eorum,
503 2136 582 2196 qui
604 2151 648 2180 se
677 2134 888 2180 nolebant
905 2136 1133 2195 corrigere.
1160 2155 1181 2177 ‹<
1203 2137 1326 2181 Cutis
1348 2152 1445 2182 mea

55 2225 74 2248 »
108 2206 326 2265 innigrata
342 2215 405 2251 est
419 2205 549 2251 valde
571 2225 580 2251 z
604 2225 624 2247 »
650 2222 703 2250 ex
723 2207 791 2251 his
806 2223 906 2267 quae
923 2207 1162 2251 lorinsecus
1179 2207 1440 2267 patiebatur.

56 2295 77 2320 «
110 2280 243 2322 Versa
265 2287 330 2323 est
348 2278 396 2322 in
415 2277 583 2322 luctum
606 2278 771 2323 cithara
791 2294 885 2323 mea
900 2281 915 2305 ⁶
942 2298 950 2323 :
979 2298 998 2320 »
1025 2294 1155 2339 opera
1174 2278 1312 2336 bona,
1345 2282 1445 2340 qui-

46 2348 133 2393 ·bus
149 2347 359 2393 laudabat
375 2352 517 2393 Deum
535 2347 742 2408 gaudens.

111 2422 276 2465 XXXI.
316 2440 336 2464 «
363 2423 689 2466 Testamentum
726 2419 810 2466 feci
838 2420 973 2466 oculis
1005 2421 1126 2466 meis.
1158 2441 1176 2464 »
1217 2421 1445 2483 Numquid

100 2522 109 2539 ¹
137 2516 212 2549 Job.
233 2527 313 2559 xxx,
340 2516 390 2549 15.
412 2535 454 2540 —
470 2524 484 2540 ²
509 2517 591 2550 Ibid.
616 2517 726 2550 16-23.
751 2535 792 2540 —-
809 2516 822 2541 3
840 2517 953 2560 Philip.
972 2527 1087 2561 111,20.
1105 2535 1146 2540 -—
1161 2516 1177 2543 -4
1194 2518 1267 2551 Job.
1292 2530 1367 2560 xxx,
1387 2518 1441 2562 24.

56 2589 96 2595 —-
113 2571 127 2595 5
149 2573 232 2606 Ibid.
253 2572 363 2606 26·28.
389 2590 421 2596 ·—
452 2571 467 2596 6
486 2573 567 2606 Ibid.
587 2574 695 2607 30-31.
