1833 3284
386 179 469 217 <296
817 188 851 215 S.
889 186 1120 217 Aucus'rim
1151 190 1333 216 Errscopt

382 256 578 299 Verbum
602 270 701 298 caro
727 254 891 298 factum
923 263 1008 309 est,
1045 263 1088 297 et
1108 254 1321 298 habitavit
1352 253 1397 296 in
1425 253 1566 298 nobis,
1602 272 1622 295 «
1647 256 1770 307 Quo-
1818 243 1819 282 Ῐ

387 347 404 368 »
432 328 547 370 niam
565 336 611 370 tu
628 326 848 369 extraxisti
866 341 935 369 mc
950 326 1005 370 de
1023 334 1173 370 ventre
1192 344 1200 370 :
1217 329 1331 369 Deus
1351 340 1472 369 meus
1490 326 1544 368 ab
1562 325 1772 370 uberibus
1819 333 1821 339 ’

383 416 404 438 »
431 397 580 441 matris
611 398 866 454 meael(11).
895 414 914 437 »
942 398 1052 441 Nam
1075 405 1175 440 ante
1204 395 1360 441 saecula
1389 399 1516 440 Pater
1545 411 1689 451 meus,
1715 396 1770 440 ab
1820 423 1821 427 =

380 468 589 512 uberibus
612 468 760 512 matris
783 483 890 511 meae
914 470 1028 511 Deus
1048 482 1186 511 meus.

439 543 520 584 XI.
551 559 570 581 «
591 543 643 583 In
662 548 703 582 tc
725 540 911 599 jactatus
933 554 1028 583 sum
1047 554 1097 582 ex
1126 548 1266 584 utero.
1294 557 1314 580 >›
1343 538 1396 582 Id
1419 547 1504 593 est,
1524 547 1575 583 ut
1593 538 1700 582 mihi
1722 547 1772 582 tu
1820 527 1822 575 ἶ

381 610 496 655 solus
519 626 628 654 esses
644 626 762 669 spes,
776 611 866 670 jam
890 619 1098 670 tanquam
1121 610 1278 664 homo,
1302 612 1392 670 jam
1415 618 1625 669 tanquam
1646 609 1773 652 infir-

381 698 500 737 mus,
520 683 610 742 jam
633 682 830 726 Verbum
852 697 952 727 caro
976 680 1157 726 factum.
1188 701 1208 724 «
1230 685 1292 726 Dc
1322 690 1471 726 ventre
1493 681 1642 725 matris
1664 696 1773 724 meae

381 770 402 794 »
429 756 544 796 Deus
574 768 697 797 meus
720 768 763 796 es
784 755 874 797 tu2.
902 770 923 794 >›
949 755 1047 797 Non
1069 751 1123 797 de
1151 761 1194 797 te
1217 756 1330 797 Deus
1353 768 1498 809 meus,
1522 748 1698 796 nam'de
1731 761 1775 796 te
1822 758 1823 766 ¹

381 828 508 869 Pater
529 840 651 869 meus
673 844 681 870 :
708 824 783 869 sed
806 824 860 869 de
881 833 1033 869 ventre
1049 824 1198 869 matris
1219 840 1349 879 meae,
1371 828 1485 869 Deus
1502 839 1641 868 meus.

437 897 540 939 XII.
571 915 590 937 «
611 898 675 940 Ne
701 894 896 939 discedas
915 911 938 939 a
957 910 1027 939 me
1048 915 1057 940 ε
1083 895 1290 955 quoniam
1324 894 1550 939 tribulatio
1576 893 1773 954 proxima

380 985 402 1008 η
427 976 515 1021 est,
546 967 754 1026 quoniam
783 982 874 1012 non
897 975 961 1011 est
990 967 1067 1027 qui
1095 967 1312 1026 adjuvetss.
1339 966 1495 1010 Videte
1527 965 1771 1024 desertum,

379 1047 423 1082 et
443 1054 510 1082 vae
534 1038 660 1082 nobis
677 1074 689 1093 ,
720 1039 754 1083 si
774 1039 865 1098 ipse
892 1053 972 1083 nos
994 1037 1186 1097 deserat:
1215 1057 1234 1079 «
1260 1038 1477 1091 Quoniam
1499 1053 1589 1084 non
1611 1046 1675 1081 est
1695 1036 1772 1097 qui

380 1128 401 1151 »
424 1109 615 1169 adjuvet.
644 1128 664 1151 ³>

436 1183 563 1224 XIII.
594 1200 614 1222 «
635 1179 1033 1225 Circumdederunt
1045 1195 1115 1224 me
1136 1179 1262 1224 vituli
1283 1179 1432 1236 multi,
1460 1179 1574 1223 tauri
1589 1179 1774 1239 pingues

379 1268 400 1292 >›
422 1251 689 1295 obsederunt
706 1252 811 1296 mc4.
827 1251 1058 1311 »Populus
1076 1260 1120 1295 et
1136 1251 1354 1312 principes
1386 1270 1395 1296 ε
1414 1249 1621 1311 populus,
1646 1249 1773 1294 vituli
1792 1279 1798 1286 ,
1822 1263 1823 1273 ¹

376 1322 532 1379 multi,
558 1323 798 1382 principes,
824 1324 936 1367 tauri
958 1324 1156 1383 pingues.

434 1396 556 1437 XIV.
581 1414 600 1436 «
618 1397 899 1454 Aperuerunt
920 1409 1047 1454 super
1066 1408 1135 1437 me
1148 1408 1194 1437 os
1214 1407 1363 1447 suum,
1387 1393 1499 1437 sicut
1513 1391 1581 1436 leo
1603 1392 1773 1451 rapiens

379 1481 401 1506 n
422 1473 465 1508 et
481 1465 696 1522 rugiens5.
721 1483 742 1506 >›
763 1465 1004 1509 Audiamus
1019 1464 1214 1523 rugitum
1228 1463 1419 1524 ipsorum
1437 1464 1483 1507 in
1503 1461 1741 1522 Evangelio
1760 1481 1768 1507 :
1822 1480 1823 1504 ι

380 1554 401 1577 «
427 1536 669 1595 Crucifige,
691 1536 951 1594 CrucifigeG.
981 1554 1001 1577 »
1822 1526 1823 1531 ¹

434 1609 532 1650 XV.
562 1626 583 1648 «
612 1607 732 1651 Sicut
749 1622 862 1666 aqua
885 1606 1049 1650 effusus
1072 1621 1166 1650 sum
1185 1641 1196 1662 ,
1225 1615 1269 1649 et
1290 1604 1481 1665 dispersa
1503 1614 1605 1649 sunt
1626 1605 1772 1649 omnia

378 1694 399 1717 »
426 1692 519 1720 ossa
541 1679 690 1720 mea⁷P
710 1696 729 1718 »
747 1678 852 1721 Ossa
866 1692 958 1731 sua,
976 1677 1123 1721 firmos
1140 1691 1239 1721 suos
1254 1674 1372 1720 dicit.
1394 1677 1499 1720 Ossa
1513 1675 1629 1720 enim
1648 1676 1773 1720 firma

377 1748 542 1792 suntin
565 1763 761 1807 corpore.
788 1748 974 1801 Quando
997 1748 1197 1807 dispersit
1219 1763 1311 1791 ossa
1333 1749 1436 1791 sua?
1459 1746 1647 1800 Quando
1665 1746 1773 1793 dixit

375 1818 456 1862 illis
478 1838 485 1862 :
508 1838 529 1861 «
546 1821 659 1863 Ecce
671 1833 750 1877 ego
762 1819 891 1863 mitto
905 1834 981 1863 vos
991 1817 1114 1863 velut
1128 1834 1261 1877 agnos
1273 1818 1318 1861 in
1332 1817 1477 1862 medio
1494 1817 1736 1878 luporumss.
1747 1836 1767 1859 »

377 1892 545 1935 Firmos
578 1907 676 1935 suos
710 1890 930 1950 dispersit,
967 1899 1010 1935 et
1051 1890 1163 1935 sicut
1197 1906 1311 1951 aqua
1339 1889 1504 1935 effusus
1531 1899 1608 1934 est.
1644 1893 1771 1951 Aqua
1824 1942 1825 1948 ¹

376 1962 491 2006 enim
512 1961 690 2022 quando
710 1961 976 2018 effunditur,
1003 1970 1078 2006 aut
1096 1961 1235 2006 abluit
1250 1996 1261 2016 ,
1293 1970 1368 2005 aut
1382 1961 1531 2019 irrigat
1557 1980 1565 2006 ;
1591 1961 1772 2006 Effusus

376 2042 441 2076 est
474 2034 672 2078 Christus
707 2034 820 2078 sicut
855 2049 995 2093 aqua,
1027 2031 1167 2077 abluti
1199 2040 1302 2076 sunt
1332 2031 1578 2087 sordentes,
1619 2032 1770 2091 rigatae

374 2112 476 2147 sunt
493 2113 675 2148 mentes.
701 2124 721 2147 «
743 2108 927 2148 Factum
944 2112 1008 2147 est
1020 2118 1094 2147 cor
1110 2118 1257 2147 meum
1275 2111 1484 2162 tanquam
1497 2118 1594 2146 cera
1608 2102 1771 2162 liques-

378 2193 398 2216 »
420 2191 520 2219 cens
535 2211 546 2230 ‚
571 2177 615 2219 in
646 2174 791 2220 medio
820 2175 983 2220 ventris
1006 2175 1105 2218 mei.
1135 2192 1155 2215 »
1182 2176 1391 2218 Ventrem
1409 2189 1534 2217 suum
1553 2173 1680 2229 dicit,
1701 2173 1770 2217 in-

373 2247 520 2290 firmos
547 2246 593 2290 in
615 2246 807 2291 Ecclesia
836 2262 927 2290 sua.
966 2244 1199 2298 Quomodo
1233 2261 1308 2290 cor
1338 2246 1472 2305 ipsius
1505 2244 1671 2289 factum
1704 2255 1769 2290 est

374 2318 485 2361 sicut
503 2319 631 2361 cera?
662 2320 749 2362 Cor
772 2318 904 2377 ipsius
929 2317 1150 2376 Scriptura
1175 2316 1332 2376 ipsius,
1368 2315 1413 2359 id
1442 2324 1526 2371 est,
1558 2316 1768 2375 sapientia

374 2386 505 2446 ipsius
527 2404 627 2448 quae
651 2397 743 2432 erat
763 2388 807 2431 in
833 2387 1078 2447 Scripturis.
1095 2386 1252 2432 Clausa
1266 2386 1382 2430 enim
1400 2395 1491 2430 erat
1516 2386 1762 2446 Scriptura,

424 2490 432 2505 ¹
461 2483 539 2515 I‘saI.
560 2495 625 2524 xxi,
651 2496 699 2516 ιο.
722 2501 762 2506 -—-
783 2484 897 2516 2112id.
920 2495 1026 2516 11.—
1043 2481 1153 2515 31bid.
1176 2492 1227 2515 12.
1247 2500 1289 2505 -——
1307 2481 1322 2507 l*
1342 2483 1423 2515 lbid.
1448 2482 1498 2514 13.
1517 2499 1559 2506 ν-
1576 2480 1686 2514 5Ιὺίι1.
1708 2482 1758 2524 ῐ4.

378 2556 417 2561 -—-
437 2538 451 2558 ’ἶ
470 2542 559 2570 Joau
581 2542 691 2580 x1x‚6.
712 2558 752 2562 -
772 2548 783 2572 7
813 2540 891 2571 psal.
916 2551 980 2576 xxi.
1003 2539 1051 2571 15.
1078 2557 1117 2560 —
1136 2537 1150 2560 S
1171 2539 1281 2571 Mauh.
1305 2550 1337 2580 x,
1365 2539 1416 2578 16,
1432 2543 1463 2570 et
1482 2540 1559 2570 Luc.
1580 2549 1615 2579 x,
1636 2538 1666 2569 3.
