1833 3284
397 270 640 301 ENARRATlo
673 275 719 301 m
751 273 955 302 PsALMUM
986 276 1030 302 x.
1324 266 1420 306 221,

15 340 108 398 jam
135 337 287 382 tenetis
308 337 430 398 quod
461 337 577 382 filius
598 338 652 383 sit
673 339 763 399 ejus
780 375 790 395 ,
816 339 966 385 discite
998 339 1222 401 quomodo
1245 341 1298 385 sit
1319 344 1408 385 Do-

21 409 164 453 minus
182 408 271 469 ejus
287 428 296 453 :
312 424 393 453 nec
410 409 591 454 teneatis
606 409 651 454 in
668 411 840 456 Christo
859 411 980 472 quod
993 411 1105 456 filius
1121 412 1309 456 hominis
1326 421 1404 466 est,

19 480 79 524 ita
100 479 215 523 enim
243 478 356 523 filius
378 479 515 525 David
543 489 633 537 est,
658 490 702 525 et
726 481 1001 543 relinquatis,
1026 481 1147 542 quod
1174 481 1308 526 Filius
1330 481 1408 527 Dei

18 559 108 606 est,
128 550 188 595 ita
210 550 325 594 enim
347 550 558 595 Dominus
575 552 665 612 ejus
687 560 765 596 est.

21 709 586 727 mmmmmwmmt
590 710 940 727 ummmwxmmmn
944 711 1297 728 ΜΜΜΑΛΝἏΑΜΜννἏΊ
1301 711 1368 726 m
1372 710 1403 726 Μ

524 833 905 884 ENARRATIO

459 973 518 1012 IN
560 972 867 1014 PSALMUM
908 975 960 1012 X.

330 1120 382 1163 In
399 1118 531 1162 finem
547 1153 559 1174 ,
585 1117 781 1163 Psalmus
799 1117 878 1178 ipsi
900 1116 1038 1162 David
1053 1119 1082 1161 ¹.

74 1257 108 1298 l.
130 1256 253 1300 NovA
274 1254 532 1299 tractatione
553 1254 707 1299 titulus
729 1254 808 1298 iste
829 1270 919 1299 non
941 1254 1137 1313 indiget2
1154 1255 1267 1314 :jam
1289 1254 1405 1297 enim

11 1326 111 1370 satis
140 1333 375 1370 tractatum
408 1334 492 1380 est,
523 1324 633 1385 quid
666 1324 742 1380 sit,
774 1344 795 1367 «
822 1328 874 1369 In
900 1325 1047 1369 finem.
1073 1343 1092 1365 »
1122 1328 1268 1384 Ipsum
1302 1339 1405 1383 ergo

11 1395 172 1441 Psalmi
193 1405 360 1441 textum
376 1396 615 1451 videamus,
634 1395 710 1456 qui
732 1395 839 1439 mihi
861 1394 1035 1440 videtur
1053 1394 1257 1439 adversus
1271 1395 1406 1438 haere-

10 1466 118 1511 ticos
140 1467 377 1521 canendus,
397 1466 475 1527 qui
498 1465 883 1510 commemorando
906 1474 948 1509 et
967 1464 1264 1524 exaggerando
1286 1464 1405 1508 mul-

10 1546 156 1582 torum
171 1537 216 1580 in
228 1536 420 1582 Ecclesia
432 1546 626 1596 peccata,
647 1537 771 1596 quasi
789 1535 907 1596 apud
920 1537 1032 1596 ipsos
1045 1536 1151 1596 justi
1167 1545 1241 1580 aut
1255 1551 1406 1580 omnes

11 1617 87 1652 aut
107 1607 253 1668 plures
273 1608 384 1663 sint,
411 1607 465 1651 ab
495 1608 622 1652 unius
653 1606 860 1652 Ecclesiae
883 1623 995 1650 verae
1019 1607 1166 1650 matris
1196 1605 1405 1649 uberibus

9 1696 89 1724 nos
111 1688 304 1724 avertere
324 1689 455 1739 atque
478 1679 675 1739 abripere
698 1678 940 1723 moliuntur
962 1698 970 1723 :
996 1679 1262 1722 affirmantes
1282 1677 1404 1737 quod

10 1749 129 1810 apud
150 1750 264 1810 ipsos
291 1749 348 1794 sit
380 1749 598 1804 Christus,
626 1758 670 1793 et
691 1749 813 1810 quasi
835 1749 904 1808 pic
937 1748 1218 1809 studioseque
1249 1748 1403 1793 admo-

9 1830 176 1877 nentes,
192 1830 244 1866 ut
265 1821 320 1866 ad
337 1837 409 1866 eos
430 1819 698 1866 transeundo
716 1821 1071 1880 transmigremus
1090 1819 1145 1864 ad
1159 1820 1400 1874 Christum,

9 1908 142 1954 quem
162 1908 206 1938 se
223 1893 416 1938 habuere
433 1893 725 1936 mentiuntur.
748 1895 909 1937 Notum
933 1901 997 1936 est
1018 1901 1164 1935 autem
1181 1891 1405 1936 Christum

8 1963 56 2007 in
79 1963 307 2022 prophetia
325 1996 336 2017 ,
371 1978 473 2006 cum
502 1961 651 2006 multis
673 1962 927 2006 nominibus
959 1959 1187 2019 allegorice
1209 1961 1403 2004 insinua-

9 2042 146 2089 retur,
167 2033 297 2077 etiam
311 2041 506 2077 montem
529 2031 812 2092 appellatum.
836 2031 1212 2091 Respondendum
1235 2041 1299 2075 est
1320 2031 1404 2075 ita-

9 2121 96 2166 que
116 2105 228 2160 istis,
254 2113 297 2149 et
318 2103 553 2149 dicendum
578 2119 586 2145 :
618 2123 638 2147 «
666 2106 717 2148 In
743 2104 929 2148 Domino
951 2102 1157 2161 confido·⁷
1179 2102 1402 2164 quomodo

12 2193 34 2217 n
69 2175 210 2220 dicitis
235 2175 390 2219 animae
411 2189 520 2218 meae
547 2190 555 2215 :
586 2174 861 2233 Transmigra
882 2174 927 2217 in
949 2183 1145 2229 montes,
1171 2174 1283 2218 sicut
1303 2188 1403 2232 pas-

12 2263 34 2288 »
69 2247 190 2290 ser-³?
212 2264 232 2287 »
260 2247 408 2289 Unum
426 2254 621 2290 montem
643 2254 772 2289 teneo
789 2244 833 2288 in
853 2260 941 2305 quo
965 2243 1155 2299 confido,
1180 2242 1404 2305 quomodo

11 2315 154 2362 dicitis
175 2325 224 2361 ut
254 2315 310 2361 ad
337 2332 414 2361 vos
442 2325 658 2361 transeam
677 2351 688 2371 ,
716 2325 925 2376 tauquam
957 2314 1085 2358 multi
1107 2315 1192 2359 sint
1214 2314 1406 2359 Christi?

8 2390 102 2432 -Aut
121 2387 156 2431 si
175 2402 252 2432 vos
273 2395 442 2431 montes
464 2402 553 2431 esse
569 2385 710 2431 dicitis
726 2401 803 2446 per
824 2386 1091 2445 superbiam,
1114 2394 1286 2445 oportet
1308 2385 1407 2445 qui-

21 2457 122 2502 dem
144 2473 233 2502 esse
253 2472 467 2517 passerem
484 2465 726 2517 pennatum
739 2457 976 2500 virtutibus
994 2465 1037 2500 et
1053 2456 1279 2516 praeceptis
1299 2455 1402 2500 Dei:

15 2527 90 2573 sed
106 2544 154 2572 ea
170 2529 261 2588 ipsa
277 2527 516 2588 prohibent
536 2527 682 2572 volare
699 2527 746 2570 in
761 2527 864 2571 istos
885 2536 1069 2582 montes,
1090 2536 1133 2570 et
1145 2527 1190 2569 in
1207 2526 1406 2586 superbis

62 2631 69 2646 ¹
90 2624 167 2656 psal.
186 2635 202 2655 x
217 2649 226 2666 ,
246 2636 272 2657 1.
290 2641 330 2646 —-
350 2631 362 2646 ²
389 2624 465 2656 Vide
485 2626 520 2656 D.
543 2623 679 2665 Guillon,
700 2627 779 2655 tom.
807 2633 872 2665 xxx,
893 2633 913 2665 p
943 2621 1109 2665 [μη-408.
1131 2640 1172 2645 -
1188 2621 1201 2646 3
1221 2623 1300 2655 Psal.
1320 2634 1351 2664 x,
1371 2631 1403 2654 2.
