1833 3284
406 299 648 329 Ennianum
681 301 712 327 11
745 301 790 327 nv
823 297 1026 328 PsALMUM
1059 299 1182 326 xxv1.
1393 283 1476 324 347

96 385 118 410 »
157 367 299 423 Saule,
319 367 463 423 Saule,
480 366 588 428 quid
610 381 680 411 me
696 366 989 428 persequeris¹
1007 367 1024 409 Ξ)
1048 385 1066 408 »
1093 367 1145 411 Se
1162 364 1270 409 dixit
1289 364 1336 408 in
1352 363 1479 408 nobis

93 453 183 483 esse
205 439 275 483 hie
298 437 501 482 deorsum
530 456 539 482 ε
565 453 666 497 ergo
694 447 738 482 et
759 453 838 481 nos
858 437 902 480 in
924 435 999 481 illo
1022 451 1169 480 sumus
1196 435 1258 479 ibi
1279 449 1476 489 sursum,

93 510 196 571 quia
210 513 297 554 «Et
310 525 427 554 nune
443 507 645 553 exaltavit
658 517 789 568 eaput
800 523 947 552 meum
962 523 1091 567 super
1105 506 1301 550 inimicos
1313 521 1476 550 meos.»

92 583 205 626 Eece
232 580 361 641 quale
387 579 546 640 pignus
572 579 807 634 habenmS,
837 577 955 622 unde
982 587 1025 622 et
1052 593 1130 622 nos
1160 577 1248 621 fide
1272 585 1315 620 et
1342 591 1417 636 spe
1438 583 1483 619 et

94 651 304 696 charitate
325 666 427 695 cum
448 650 589 710 capite
620 660 768 695 nostro
790 665 938 693 sumus
966 649 1011 693 in
1034 648 1147 693 coelo
1168 648 1214 692 in
1234 656 1449 692 aeternum
1468 664 1478 690 :

94 724 197 785 quia
220 732 263 767 et
281 724 424 783 ipsum
443 723 701 778 Divinitate,
725 722 943 776 bonitate,
965 720 1132 765 unitate
1161 720 1391 765 nobiscum
1418 726 1483 763 est

93 795 140 839 in
161 803 274 839 terra
290 810 428 855 usque
449 795 495 838 in
517 793 937 839 consummationem
961 791 1151 837 saeculi2.

153 868 256 910 XII.
278 885 298 908 «
317 865 576 921 Circumivi,
594 874 638 909 et
658 864 879 909 immolavi
895 864 941 907 in
963 861 1247 908 tabernaculo
1269 862 1360 922 ejus
1380 861 1485 906 hos-

97 955 120 980 »
154 936 258 981 tiam
277 936 588 997 jubilationis³.
623 956 642 978 »
674 935 956 981 Immolamus
977 934 1165 979 hostiam
1187 932 1481 995 jubilationis,

95 1008 369 1054 immolamus
396 1009 582 1053 hostiam
603 1008 788 1064 laetitiae,
819 1007 1004 1052 hostiam
1034 1005 1356 1065 gratulationis,
1379 1005 1487 1050 hos-

95 1080 200 1126 tiam
223 1081 459 1139 gratiarum
482 1080 685 1135 actionis,
711 1096 811 1140 quae
828 1079 971 1125 verbis
994 1077 1197 1138 explicari
1215 1092 1305 1122 non
1323 1085 1482 1136 potest.

96 1151 379 1197 Immolamus
391 1161 553 1207 autem,
570 1151 674 1195 ubi?
689 1154 705 1195 1
711 1167 740 1194 n
753 1151 846 1211 ipso
859 1148 1141 1194 tabernaculo
1157 1150 1265 1210 ejus,
1280 1147 1325 1192 in
1339 1156 1487 1192 sancta

95 1222 302 1268 Ecclesia.
322 1222 439 1277 Quid
455 1238 557 1282 ergo
572 1221 874 1266 immolamus?
887 1217 1323 1266 Abundantissimum
1341 1227 1384 1262 et
1400 1218 1488 1262 ine-

96 1294 314 1339 narrabile
337 1294 562 1354 gaudium,
582 1293 714 1338 nullis
735 1293 894 1348 verbis,
916 1307 1021 1337 voce
1043 1290 1270 1335 ineffabili.
1297 1292 1402 1334 Haec
1424 1298 1489 1334 est

96 1364 233 1410 hostia
248 1365 533 1426 jubilationis.
561 1363 687 1410 Unde
706 1364 909 1425 quaesita,
935 1363 1054 1407 unde
1073 1363 1250 1407 inventa
1274 1362 1367 1405 est?
1389 1360 1488 1405 Cir-

96 1436 370 1492 cumeundo‚
403 1455 423 1478 «
444 1435 679 1480 Circumivi
693 1471 702 1489 ,
723 1435 889 1494 inquit,
911 1443 953 1478 et
976 1432 1199 1477 immolavi
1219 1432 1263 1476 in
1284 1431 1490 1475 taberna-

100 1519 122 1548 »
157 1507 257 1552 culo
275 1508 368 1568 ejus
384 1507 571 1552 hostiam
585 1505 870 1567 jubilationis.
890 1523 911 1546 n
937 1505 1184 1550 Circumeat
1202 1504 1370 1547 animus
1387 1511 1489 1546 tuus

96 1592 175 1637 per
192 1578 437 1622 universam
451 1586 690 1621 ereaturam
706 1598 716 1634 3
732 1576 929 1636 undique
945 1575 1025 1619 tihi
1042 1574 1249 1619 clamabit
1265 1582 1485 1618 creatura:

98 1651 214 1694 Deus
238 1664 308 1692 me
338 1647 455 1693 fecit.
490 1647 717 1708 Quidquid
748 1657 787 1691 te
810 1646 1036 1691 delectarit
1062 1646 1109 1690 in
1139 1655 1253 1700 arte,
1278 1645 1489 1689 artificem

99 1718 408 1776 commendat3
432 1719 656 1779 magisque
688 1718 721 1763 si
753 1719 990 1763 circumeas
1018 1717 1218 1761 universa
1238 1752 1249 1772 ,
1290 1714 1491 1760 conside-

99 1791 210 1836 ratio
233 1791 425 1851 concipit
447 1791 619 1835 artificis
640 1789 830 1835 laudem.
857 1789 988 1834 Vides
1005 1788 1155 1844 coelos,
1180 1803 1335 1847 magna
1360 1802 1492 1847 opera

99 1861 178 1908 Dei
212 1871 328 1906 sunt.
364 1861 495 1906 Vides
526 1870 710 1917 terram,
735 1864 850 1905 Deus
883 1860 986 1905 fecit
1018 1860 1233 1904 seminum
1265 1873 1487 1913 numeros,

100 1932 367 1978 diversitates
385 1931 645 1990 germinum,
663 1931 992 1976 multitudinem
1010 1929 1278 1975 animalium.
1297 1928 1491 1974 Circumi

101 2004 244 2048 adhuc
266 2002 401 2048 coelos
423 2019 560 2063 usque
588 2002 643 2047 ad
670 2012 850 2058 terram,
876 2002 986 2046 nihil
1011 2002 1230 2062 relinquas
1260 2017 1268 2042 :
1293 2000 1491 2061 undique

99 2074 181 2119 tibi
208 2075 352 2119 omnia
373 2083 578 2119 resonant
610 2072 909 2131 conditorem,
935 2082 978 2117 et
1005 2073 1109 2132 ipsae
1131 2072 1295 2132 species
1316 2081 1490 2116 ereatu-

100 2161 274 2209 rarum,
290 2161 416 2190 voces
444 2154 546 2189 sunt
568 2144 771 2206 quaedam
794 2146 1043 2190 Creatorem
1067 2142 1360 2187 laudantium.
1384 2143 1491 2197 Quis

100 2225 247 2260 autem
269 2215 454 2276 explicet
470 2216 716 2260 universam
739 2217 1013 2260 ereaturam?
1041 2214 1136 2276 quis
1158 2213 1277 2258 illam
1307 2214 1492 2274 explicet

100 2285 338 2331 laudibus?
360 2287 456 2347 quis
490 2285 621 2345 digne
646 2285 797 2330 laudet
818 2284 981 2330 coelum
1004 2295 1047 2329 et
1075 2295 1258 2340 terram,
1283 2300 1422 2341 mare,
1447 2294 1491 2329 et

103 2356 248 2402 omnia
279 2372 379 2418 quae
411 2357 456 2400 in
489 2358 547 2400 eis
578 2358 708 2401 sunt?
738 2359 796 2401 Et
827 2356 906 2400 ista
939 2354 1117 2416 quidem
1150 2355 1352 2400 visibilia.
1386 2356 1492 2409 Quis

104 2427 235 2487 digne
251 2426 401 2472 laudet
417 2426 627 2486 Angelos,
652 2426 803 2482 Sedes,
830 2426 1177 2482 Dominationes,
1197 2427 1486 2487 Principatus,

103 2507 148 2542 et
170 2499 435 2543 Potestates?
457 2497 562 2551 Quis
585 2497 714 2556 digne
732 2496 882 2541 laudet
898 2498 982 2541 hoe
1003 2498 1145 2557 ipsum
1163 2498 1284 2559 quod
1301 2498 1347 2541 in
1365 2498 1491 2542 nobis

103 2568 242 2628 viget,
260 2578 465 2628 vegetans
488 2583 660 2628 eorpus,
685 2583 863 2613 movens
885 2568 1097 2624 membra,
1123 2584 1271 2614 sensus
1294 2583 1487 2623 exerens,

156 2660 163 2676 ¹
189 2655 261 2686 Act.
280 2652 374 2696 1x‚4.
397 2670 439 2676 --
459 2660 471 2676 ²
496 2652 608 2686 Matth.
627 2664 740 2695 xxvm,
759 2664 810 2687 ιο.
825 2669 867 2677 --
888 2651 900 2676 3
920 2652 998 2685 Psal.
1015 2664 1104 2695 xxw,
1123 2653 1155 2686 6.
