1833 3284
0 1598 3 1644 ε

0 1645 4 1732 ἓ

0 1745 4 1796 2

5 2532 9 2569 Ῠ

7 2601 10 2670 ἓ

0 2669 11 2715 ἐ

396 251 637 282 ENARRATIO
669 254 713 280 IN
746 251 951 280 PsALMUM
983 251 1078 279 vnt.
1344 238 1426 292 185

41 319 169 364 variis
192 317 546 364 similitudinibus
561 334 695 362 unam
718 317 1002 377 camdemque
1021 331 1112 360 rem
1133 316 1180 359 in
1197 316 1426 375 Scripturis

41 406 154 450 saepe
175 390 398 434 insinuari.
428 389 675 434 Torcularia
695 405 797 448 crgo
812 403 1040 448 possumus
1055 386 1249 446 accipere
1270 385 1425 430 Eccle-

40 460 120 505 sias
136 495 147 515 ,
169 459 322 505 eadem
341 459 506 504 ratione
527 476 614 520 qua
642 469 685 503 ct
704 475 845 504 aream
869 457 1150 515 intelligimus
1167 456 1422 501 Ecclesiam.

39 531 150 585 Quia
168 531 255 575 sive
268 531 314 574 in
334 545 427 575 area
442 566 453 586 ,
473 531 560 575 sive
584 531 630 574 in
647 529 878 584 torculari,
899 528 1008 573 nihil
1023 527 1143 572 aliud
1163 528 1318 586 agitur,
1345 528 1427 572 nisi

38 611 89 646 ut
121 600 288 646 fructus
324 601 379 646 ab
414 601 722 660 integumentis
754 609 1012 660 purgentur,
1047 614 1146 659 quae
1188 598 1424 642 necessaria

37 681 160 716 erant
179 708 190 728 ‚
211 682 254 717 et
277 682 328 717 ut
344 681 640 727 nascerentur,
668 681 710 716 et
734 681 784 716 ut
805 679 1070 722 crescerent,
1096 679 1227 729 atque
1250 668 1306 713 ad
1329 684 1425 713 ma-

36 743 258 788 turitatem
278 742 349 788 vel
369 743 514 787 messis
542 742 613 788 vel
640 741 870 786 vindemiae
893 741 1184 801 pervenirent.
1219 740 1295 784 His
1322 755 1426 799 ergo

35 813 106 859 vel
130 813 440 873 integumentis
468 812 537 858 vel
558 810 861 857 sustentaculis
876 847 886 866 ,
916 810 962 854 id
991 819 1074 866 est,
1098 809 1234 869 paleis
1256 810 1301 853 in
1328 825 1426 855 area

36 885 278 942 frumenta,
297 895 342 930 et
361 886 536 930 vinaciis
553 887 598 930 in
615 884 904 930 torcularibus
925 885 1026 928 vina
1048 892 1270 927 exuuntur
1288 902 1296 927 :
1314 883 1426 927 sicut

34 957 80 1001 in
101 957 303 1002 Ecclesiis
325 973 349 1001 a
369 956 653 1001 multitudine
672 954 946 1000 saecularium
966 954 1196 998 hominum
1215 988 1225 1008 ,
1244 969 1344 1014 quae
1366 954 1425 997 si-

34 1027 128 1072 mul
140 1043 241 1079 cum
259 1027 385 1072 bonis
407 1036 711 1086 congregatur,
729 1026 887 1087 quibus
906 1034 956 1069 ut
972 1033 1254 1069 nascerentur
1276 1033 1320 1067 et
1336 1024 1426 1084 apti

35 1097 190 1142 fierent
222 1098 356 1143 verbo
387 1098 564 1153 divino,
589 1096 824 1141 necessaria
856 1104 947 1140 erat
982 1093 1056 1139 illa
1076 1092 1340 1149 multitudo,
1380 1093 1427 1138 id

35 1168 194 1227 agitur,
229 1177 281 1212 ut
309 1168 491 1228 spiritali
522 1182 668 1212 amore
700 1182 777 1226 per
805 1166 1100 1226 operationem
1127 1165 1426 1209 ministrorum

36 1239 112 1283 Dei
133 1249 401 1299 separentur.
429 1239 586 1298 Agitur
620 1238 735 1282 enim
760 1253 877 1282 nunc
893 1273 904 1292 ,
930 1246 981 1281 ut
1000 1252 1090 1280 non
1114 1235 1233 1290 loco,
1263 1235 1339 1280 sed
1361 1234 1426 1279 af-

34 1308 153 1354 fectu
174 1309 349 1354 interim
374 1319 625 1370 separentur
654 1309 760 1353 boni
782 1325 805 1353 a
823 1307 946 1352 malis
966 1324 977 1351 :
1011 1306 1208 1368 (piamvis
1231 1304 1359 1351 simul
1381 1307 1424 1350 in

33 1380 262 1436 Ecclesiis,
293 1390 510 1441 quantum
536 1380 690 1425 attinet
727 1379 782 1424 ad
815 1377 1084 1438 corporalem
1119 1377 1393 1437 praesentiam
1411 1413 1422 1432 ,

33 1460 359 1496 conversentur.
385 1450 519 1495 Aliud
541 1459 687 1494 autem
708 1450 789 1493 'erit
812 1459 982 1508 tempus
999 1484 1009 1504 ‚
1036 1464 1124 1509 quo
1141 1447 1362 1491 frumenta
1380 1448 1425 1490 in

32 1522 186 1566 horrea
202 1557 212 1576 ,
237 1521 307 1565 vel
327 1521 428 1565 vina
453 1521 497 1564 in
519 1520 648 1565 cellas
670 1529 950 1579 segregentur
976 1539 984 1565 :
1021 1539 1040 1562 «
1062 1522 1094 1563 F
1101 1527 1301 1562 rumenta
1318 1554 1328 1573 ,
1362 1518 1426 1561 in-

38 1612 56 1633 »
91 1591 214 1652 quit,
240 1591 448 1636 recondet
464 1591 510 1634 in
530 1590 716 1645 horreis,
741 1589 885 1650 paleas
911 1599 1056 1635 autem
1079 1588 1308 1633 comburet
1336 1588 1425 1645 igni

35 1680 56 1704 ))
90 1661 452 1721 inextinguibili1.
481 1679 500 1703 »
528 1660 692 1705 Eadem
715 1677 780 1705 res
800 1661 846 1704 in
870 1659 953 1704 alia
972 1658 1256 1704 similitudine
1275 1658 1334 1702 sic
1354 1658 1424 1701 in-

31 1731 167 1791 telligi
195 1741 367 1791 potest:
390 1732 500 1776 Vina
522 1731 730 1776 recondet
758 1731 803 1774 in
834 1730 1082 1790 apothecis,
1116 1729 1283 1773 vinacia
1322 1745 1424 1774 vero

31 1802 261 1862 pecoribus
283 1803 479 1863 projiciet
510 1822 520 1847 z
550 1811 601 1846 ut
626 1811 797 1847 ventres
825 1816 1054 1861 pecorum,
1080 1816 1160 1860 pro
1181 1800 1324 1860 poenis
1347 1815 1422 1859 ge-

31 1873 276 1917 hennarum
294 1888 372 1932 per
388 1871 719 1917 similitudinem
738 1871 978 1929 intelligere
994 1870 1137 1915 liceat.

90 1947 148 1988 II.
164 1947 242 1988 Est
258 1943 366 1988 alius
382 1943 628 1988 intellectus
645 1942 699 1987 de
726 1942 1017 1987 torcularibus
1032 1978 1042 1997 ,
1069 1942 1175 1986 dum
1198 1950 1344 1985 tamen
1368 1942 1423 1985 ab

31 2014 323 2059 Ecclesiarum
339 2014 654 2073 significatione
672 2030 759 2058 non
777 2013 1020 2058 recedatur.
1043 2016 1153 2057 Nam
1172 2021 1214 2056 et
1227 2012 1424 2056 Verbum

30 2085 230 2130 divinum
246 2094 390 2145 potest
410 2101 494 2129 uva
515 2084 715 2143 intelligi.
750 2085 898 2129 Dictus
923 2093 986 2128 est
1010 2083 1126 2127 enim
1145 2092 1188 2126 et
1212 2083 1424 2127 Dominus

30 2155 183 2200 botrus
200 2172 314 2211 uvae,
332 2171 463 2216 quem
478 2154 599 2214 ligno
617 2171 891 2215 suspensum,
912 2154 966 2199 de
980 2164 1092 2199 terra
1110 2153 1421 2213 promissionis,

29 2228 105 2286 qui
127 2226 335 2286 praemissi
357 2235 480 2270 erant
498 2241 522 2269 a
539 2225 703 2285 populo
725 2225 854 2271 Israel
869 2262 879 2280 ,
905 2235 1115 2285 tanquam
1138 2224 1394 2268 crucifixum
1408 2259 1420 2278 ,

31 2295 318 2341 attulerunt'2.
344 2295 539 2339 Verbum
560 2296 707 2356 itaque
731 2295 926 2340 divinum
942 2331 953 2351 ,
981 2310 1082 2340 cum
1111 2294 1423 2338 enuntiationis

31 2366 281 2410 necessitate
298 2374 480 2425 usurpat
499 2366 614 2409 vocis
633 2381 811 2421 sonum,
837 2381 925 2426 quo
945 2366 990 2409 in
1013 2380 1138 2409 aures
1157 2366 1423 2424 pervehatur

31 2435 323 2491 audientium,
341 2434 496 2480 eodem
510 2451 616 2480 sono
636 2436 752 2480 vocis
770 2445 980 2496 tanquam
996 2434 1175 2479 vinaciis
1187 2469 1197 2489 ,
1224 2433 1422 2478 intellec-

34 2515 100 2550 tus
128 2515 338 2567 tanquam
367 2505 517 2549 vinum
542 2505 784 2550 includitur
809 2526 817 2549 :
844 2515 886 2549 et
915 2505 974 2549 sic
1002 2520 1086 2550 uva
1114 2504 1191 2548 ista
1216 2504 1261 2548 in
1294 2520 1417 2549 aures

82 2597 89 2612 ¹
111 2592 187 2622 Luc.
209 2602 254 2632 m,
278 2602 328 2632 ¹7-
354 2608 394 2613 —
415 2596 427 2612 ²
446 2592 538 2621 Num.
562 2601 629 2630 xm,
648 2590 704 2631 2'2.
