<?xml version="1.0" encoding="UTF-8"?>
<!DOCTYPE html PUBLIC "-//W3C//DTD XHTML 1.0 Transitional//EN"
    "http://www.w3.org/TR/xhtml1/DTD/xhtml1-transitional.dtd">
<html xmlns="http://www.w3.org/1999/xhtml" xml:lang="en" lang="en">
 <head>
  <title>
</title>
<meta http-equiv="Content-Type" content="text/html;charset=utf-8" />
  <meta name='ocr-system' content='tesseract 3.04.00' />
  <meta name='ocr-capabilities' content='ocr_page ocr_carea ocr_par ocr_line ocrx_word'/>
</head>
<body>
  <div class='ocr_page' id='page_1' title='image "./operaomniaaccura07auguuoft_0494.png"; bbox 0 0 1833 3284; ppageno 0'>
   <div class='ocr_carea' id='block_1_1' title="bbox 360 228 1309 269">
    <p class='ocr_par' dir='ltr' id='par_1_1' title="bbox 360 228 1309 269">
     <span class='ocr_line' id='line_1_1' title="bbox 360 228 1309 269; baseline 0 -2"><span class='ocrx_word' id='word_1_1' title='bbox 360 228 446 267; x_wconf 70' lang='lat'>470</span> <span class='ocrx_word' id='word_1_2' title='bbox 797 239 830 267; x_wconf 88' lang='lat' dir='ltr'>s.</span> <span class='ocrx_word' id='word_1_3' title='bbox 868 240 1096 269; x_wconf 69' lang='lat' dir='ltr'>Aceus&#39;rim</span> <span class='ocrx_word' id='word_1_4' title='bbox 1130 242 1309 269; x_wconf 75' lang='lat' dir='ltr'>EPISCOPI</span> 
     </span>
    </p>
   </div>
   <div class='ocr_carea' id='block_1_2' title="bbox 355 304 1807 2491">
    <p class='ocr_par' dir='ltr' id='par_1_2' title="bbox 358 304 1745 437">
     <span class='ocr_line' id='line_1_2' title="bbox 358 304 1745 366; baseline 0.001 -18"><span class='ocrx_word' id='word_1_5' title='bbox 358 304 508 365; x_wconf 89' lang='lat' dir='ltr'>(quod</span> <span class='ocrx_word' id='word_1_6' title='bbox 540 305 661 364; x_wconf 81' lang='lat' dir='ltr'>piget</span> <span class='ocrx_word' id='word_1_7' title='bbox 682 305 824 348; x_wconf 79' lang='lat' dir='ltr'>dicere</span> <span class='ocrx_word' id='word_1_8' title='bbox 838 341 848 359; x_wconf 85' lang='lat'>‚</span> <span class='ocrx_word' id='word_1_9' title='bbox 873 304 947 348; x_wconf 89' lang='lat' dir='ltr'>sed</span> <span class='ocrx_word' id='word_1_10' title='bbox 969 314 1116 349; x_wconf 86' lang='lat' dir='ltr'>tamen</span> <span class='ocrx_word' id='word_1_11' title='bbox 1138 305 1295 360; x_wconf 82' lang='lat' dir='ltr'>dicam,</span> <span class='ocrx_word' id='word_1_12' title='bbox 1320 305 1454 349; x_wconf 82' lang='lat' dir='ltr'>nostis</span> <span class='ocrx_word' id='word_1_13' title='bbox 1475 304 1591 349; x_wconf 87' lang='lat' dir='ltr'>enim</span> <span class='ocrx_word' id='word_1_14' title='bbox 1613 321 1745 366; x_wconf 87' lang='lat' dir='ltr'>quam</span> 
     </span>
     <span class='ocr_line' id='line_1_3' title="bbox 358 375 1743 437; baseline 0.001 -18"><span class='ocrx_word' id='word_1_15' title='bbox 358 390 513 419; x_wconf 81' lang='lat' dir='ltr'>verum</span> <span class='ocrx_word' id='word_1_16' title='bbox 534 375 730 433; x_wconf 85' lang='lat' dir='ltr'>dicam,)</span> <span class='ocrx_word' id='word_1_17' title='bbox 757 375 926 419; x_wconf 86' lang='lat' dir='ltr'>facilius</span> <span class='ocrx_word' id='word_1_18' title='bbox 957 375 1097 435; x_wconf 83' lang='lat' dir='ltr'>placet</span> <span class='ocrx_word' id='word_1_19' title='bbox 1118 376 1433 435; x_wconf 87' lang='lat' dir='ltr'>pantomimus¹</span> <span class='ocrx_word' id='word_1_20' title='bbox 1457 392 1590 437; x_wconf 87' lang='lat' dir='ltr'>quam</span> <span class='ocrx_word' id='word_1_21' title='bbox 1613 380 1743 421; x_wconf 88' lang='lat' dir='ltr'>Deus.</span> 
     </span>
    </p>

    <p class='ocr_par' dir='ltr' id='par_1_3' title="bbox 355 446 1807 2491">
     <span class='ocr_line' id='line_1_4' title="bbox 420 446 1744 508; baseline 0 -18"><span class='ocrx_word' id='word_1_22' title='bbox 420 449 478 490; x_wconf 93' lang='lat' dir='ltr'>II.</span> <span class='ocrx_word' id='word_1_23' title='bbox 496 449 728 505; x_wconf 76' lang='lat' dir='ltr'>Propterea</span> <span class='ocrx_word' id='word_1_24' title='bbox 745 462 844 491; x_wconf 80' lang='lat' dir='ltr'>eum</span> <span class='ocrx_word' id='word_1_25' title='bbox 863 446 1057 491; x_wconf 74' lang='lat' dir='ltr'>dixisset:</span> <span class='ocrx_word' id='word_1_26' title='bbox 1077 467 1096 489; x_wconf 89' lang='lat'>«</span> <span class='ocrx_word' id='word_1_27' title='bbox 1114 447 1317 492; x_wconf 79' lang='lat' dir='ltr'>Exultate</span> <span class='ocrx_word' id='word_1_28' title='bbox 1329 448 1434 508; x_wconf 88' lang='lat' dir='ltr'>justi</span> <span class='ocrx_word' id='word_1_29' title='bbox 1449 447 1494 491; x_wconf 90' lang='lat' dir='ltr'>in</span> <span class='ocrx_word' id='word_1_30' title='bbox 1511 448 1744 503; x_wconf 84' lang='lat' dir='ltr'>Domino,»</span> 
     </span>
     <span class='ocr_line' id='line_1_5' title="bbox 358 515 1748 578; baseline 0.001 -18"><span class='ocrx_word' id='word_1_31' title='bbox 358 517 461 576; x_wconf 84' lang='lat' dir='ltr'>quia</span> <span class='ocrx_word' id='word_1_32' title='bbox 495 515 687 560; x_wconf 77' lang='lat' dir='ltr'>exultare</span> <span class='ocrx_word' id='word_1_33' title='bbox 715 517 759 559; x_wconf 91' lang='lat' dir='ltr'>in</span> <span class='ocrx_word' id='word_1_34' title='bbox 788 515 862 560; x_wconf 88' lang='lat' dir='ltr'>illo</span> <span class='ocrx_word' id='word_1_35' title='bbox 890 517 970 560; x_wconf 92' lang='lat' dir='ltr'>nisi</span> <span class='ocrx_word' id='word_1_36' title='bbox 997 516 1219 562; x_wconf 90' lang='lat' dir='ltr'>laudando</span> <span class='ocrx_word' id='word_1_37' title='bbox 1252 534 1342 562; x_wconf 89' lang='lat' dir='ltr'>non</span> <span class='ocrx_word' id='word_1_38' title='bbox 1369 532 1620 578; x_wconf 86' lang='lat' dir='ltr'>possumus,</span> <span class='ocrx_word' id='word_1_39' title='bbox 1646 532 1748 562; x_wconf 86' lang='lat' dir='ltr'>eum</span> 
     </span>
     <span class='ocr_line' id='line_1_6' title="bbox 358 585 1749 648; baseline 0.001 -18"><span class='ocrx_word' id='word_1_40' title='bbox 358 596 503 631; x_wconf 87' lang='lat' dir='ltr'>autem</span> <span class='ocrx_word' id='word_1_41' title='bbox 527 585 786 642; x_wconf 84' lang='lat' dir='ltr'>laudamus‚¹</span> <span class='ocrx_word' id='word_1_42' title='bbox 799 586 871 630; x_wconf 87' lang='lat' dir='ltr'>cui</span> <span class='ocrx_word' id='word_1_43' title='bbox 888 595 1010 631; x_wconf 87' lang='lat' dir='ltr'>tanto</span> <span class='ocrx_word' id='word_1_44' title='bbox 1031 587 1167 646; x_wconf 82' lang='lat' dir='ltr'>magis</span> <span class='ocrx_word' id='word_1_45' title='bbox 1187 586 1408 647; x_wconf 81' lang='lat' dir='ltr'>placemus</span> <span class='ocrx_word' id='word_1_46' title='bbox 1430 597 1595 648; x_wconf 88' lang='lat' dir='ltr'>quanto</span> <span class='ocrx_word' id='word_1_47' title='bbox 1612 588 1749 647; x_wconf 84' lang='lat' dir='ltr'>magis</span> 
     </span>
     <span class='ocr_line' id='line_1_7' title="bbox 357 656 1744 718; baseline -0.001 -17"><span class='ocrx_word' id='word_1_48' title='bbox 357 658 449 717; x_wconf 88' lang='lat' dir='ltr'>ipse</span> <span class='ocrx_word' id='word_1_49' title='bbox 472 657 597 701; x_wconf 88' lang='lat' dir='ltr'>nobis</span> <span class='ocrx_word' id='word_1_50' title='bbox 625 657 863 717; x_wconf 75' lang='lat' dir='ltr'>placuerit3</span> <span class='ocrx_word' id='word_1_51' title='bbox 893 676 913 699; x_wconf 88' lang='lat'>«</span> <span class='ocrx_word' id='word_1_52' title='bbox 938 660 1118 713; x_wconf 86' lang='lat' dir='ltr'>Rectos,</span> <span class='ocrx_word' id='word_1_53' title='bbox 1145 658 1307 718; x_wconf 82' lang='lat' dir='ltr'>inquit,</span> <span class='ocrx_word' id='word_1_54' title='bbox 1335 656 1461 703; x_wconf 85' lang='lat' dir='ltr'>decet</span> <span class='ocrx_word' id='word_1_55' title='bbox 1490 657 1699 702; x_wconf 88' lang='lat' dir='ltr'>laudatio.</span> <span class='ocrx_word' id='word_1_56' title='bbox 1723 676 1744 699; x_wconf 85' lang='lat'>»</span> 
     </span>
     <span class='ocr_line' id='line_1_8' title="bbox 358 727 1750 787; baseline 0.001 -16"><span class='ocrx_word' id='word_1_57' title='bbox 358 729 444 781; x_wconf 91' lang='lat' dir='ltr'>Qui</span> <span class='ocrx_word' id='word_1_58' title='bbox 471 738 572 773; x_wconf 89' lang='lat' dir='ltr'>sunt</span> <span class='ocrx_word' id='word_1_59' title='bbox 601 729 736 772; x_wconf 71' lang='lat' dir='ltr'>recti?</span> <span class='ocrx_word' id='word_1_60' title='bbox 761 728 845 781; x_wconf 91' lang='lat' dir='ltr'>Qui</span> <span class='ocrx_word' id='word_1_61' title='bbox 875 727 1071 787; x_wconf 79' lang='lat' dir='ltr'>dirigunt</span> <span class='ocrx_word' id='word_1_62' title='bbox 1098 744 1173 773; x_wconf 87' lang='lat' dir='ltr'>cor</span> <span class='ocrx_word' id='word_1_63' title='bbox 1200 727 1443 772; x_wconf 86' lang='lat' dir='ltr'>secundum</span> <span class='ocrx_word' id='word_1_64' title='bbox 1475 727 1750 773; x_wconf 83' lang='lat' dir='ltr'>voluntatem</span> 
     </span>
     <span class='ocr_line' id='line_1_9' title="bbox 357 799 1750 859; baseline 0.001 -16"><span class='ocrx_word' id='word_1_65' title='bbox 357 800 463 857; x_wconf 79' lang='lat' dir='ltr'>Dei3</span> <span class='ocrx_word' id='word_1_66' title='bbox 489 809 531 843; x_wconf 84' lang='lat' dir='ltr'>et</span> <span class='ocrx_word' id='word_1_67' title='bbox 553 800 587 843; x_wconf 92' lang='lat' dir='ltr'>si</span> <span class='ocrx_word' id='word_1_68' title='bbox 609 815 682 844; x_wconf 90' lang='lat' dir='ltr'>eos</span> <span class='ocrx_word' id='word_1_69' title='bbox 701 799 932 859; x_wconf 85' lang='lat' dir='ltr'>perturbat</span> <span class='ocrx_word' id='word_1_70' title='bbox 952 801 1145 844; x_wconf 84' lang='lat' dir='ltr'>humana</span> <span class='ocrx_word' id='word_1_71' title='bbox 1166 799 1398 859; x_wconf 82' lang='lat' dir='ltr'>fragilitas,</span> <span class='ocrx_word' id='word_1_72' title='bbox 1423 799 1569 844; x_wconf 91' lang='lat' dir='ltr'>divina</span> <span class='ocrx_word' id='word_1_73' title='bbox 1591 815 1750 845; x_wconf 83' lang='lat' dir='ltr'>conso-</span> 
     </span>
     <span class='ocr_line' id='line_1_10' title="bbox 355 869 1751 932; baseline 0 -17"><span class='ocrx_word' id='word_1_74' title='bbox 355 870 473 915; x_wconf 88' lang='lat' dir='ltr'>latur</span> <span class='ocrx_word' id='word_1_75' title='bbox 494 871 675 931; x_wconf 75' lang='lat' dir='ltr'>aequitas</span> <span class='ocrx_word' id='word_1_76' title='bbox 697 891 706 915; x_wconf 88' lang='lat'>:</span> <span class='ocrx_word' id='word_1_77' title='bbox 727 871 925 932; x_wconf 82' lang='lat' dir='ltr'>quamvis</span> <span class='ocrx_word' id='word_1_78' title='bbox 949 872 1065 915; x_wconf 80' lang='lat' dir='ltr'>enim</span> <span class='ocrx_word' id='word_1_79' title='bbox 1088 870 1219 915; x_wconf 83' lang='lat' dir='ltr'>corde</span> <span class='ocrx_word' id='word_1_80' title='bbox 1246 869 1419 916; x_wconf 82' lang='lat' dir='ltr'>mortali</span> <span class='ocrx_word' id='word_1_81' title='bbox 1441 871 1644 930; x_wconf 85' lang='lat' dir='ltr'>privatim</span> <span class='ocrx_word' id='word_1_82' title='bbox 1671 871 1751 915; x_wconf 82' lang='lat' dir='ltr'>ali-</span> 
     </span>
     <span class='ocr_line' id='line_1_11' title="bbox 357 941 1752 1002; baseline 0.001 -17"><span class='ocrx_word' id='word_1_83' title='bbox 357 941 468 1001; x_wconf 84' lang='lat' dir='ltr'>quid</span> <span class='ocrx_word' id='word_1_84' title='bbox 487 941 653 996; x_wconf 77' lang='lat' dir='ltr'>velint,</span> <span class='ocrx_word' id='word_1_85' title='bbox 690 942 811 1002; x_wconf 91' lang='lat' dir='ltr'>quod</span> <span class='ocrx_word' id='word_1_86' title='bbox 840 957 929 986; x_wconf 83' lang='lat' dir='ltr'>suae</span> <span class='ocrx_word' id='word_1_87' title='bbox 962 942 1135 986; x_wconf 90' lang='lat' dir='ltr'>interim</span> <span class='ocrx_word' id='word_1_88' title='bbox 1163 957 1304 986; x_wconf 85' lang='lat' dir='ltr'>causae</span> <span class='ocrx_word' id='word_1_89' title='bbox 1335 941 1407 986; x_wconf 85' lang='lat' dir='ltr'>vel</span> <span class='ocrx_word' id='word_1_90' title='bbox 1443 942 1620 1001; x_wconf 81' lang='lat' dir='ltr'>negotio</span> <span class='ocrx_word' id='word_1_91' title='bbox 1638 977 1650 997; x_wconf 83' lang='lat'>,</span> <span class='ocrx_word' id='word_1_92' title='bbox 1680 941 1752 986; x_wconf 87' lang='lat' dir='ltr'>vel</span> 
     </span>
     <span class='ocr_line' id='line_1_12' title="bbox 357 1012 1752 1073; baseline 0.001 -17"><span class='ocrx_word' id='word_1_93' title='bbox 357 1013 562 1073; x_wconf 79' lang='lat' dir='ltr'>praesenti</span> <span class='ocrx_word' id='word_1_94' title='bbox 587 1012 831 1057; x_wconf 79' lang='lat' dir='ltr'>necessitati</span> <span class='ocrx_word' id='word_1_95' title='bbox 853 1013 1086 1058; x_wconf 86' lang='lat' dir='ltr'>conveniat</span> <span class='ocrx_word' id='word_1_96' title='bbox 1102 1035 1113 1071; x_wconf 77' lang='lat'><em>3</em></span> <span class='ocrx_word' id='word_1_97' title='bbox 1130 1013 1206 1057; x_wconf 87' lang='lat' dir='ltr'>ubi</span> <span class='ocrx_word' id='word_1_98' title='bbox 1222 1013 1515 1058; x_wconf 69' lang='lat' dir='ltr'>intellexerint</span> <span class='ocrx_word' id='word_1_99' title='bbox 1530 1023 1572 1057; x_wconf 90' lang='lat' dir='ltr'>et</span> <span class='ocrx_word' id='word_1_100' title='bbox 1586 1029 1752 1072; x_wconf 83' lang='lat' dir='ltr'>cogno-</span> 
     </span>
     <span class='ocr_line' id='line_1_13' title="bbox 357 1082 1753 1144; baseline 0 -16"><span class='ocrx_word' id='word_1_101' title='bbox 357 1084 500 1128; x_wconf 80' lang='lat' dir='ltr'>verint</span> <span class='ocrx_word' id='word_1_102' title='bbox 517 1082 637 1128; x_wconf 89' lang='lat' dir='ltr'>aliud</span> <span class='ocrx_word' id='word_1_103' title='bbox 659 1086 801 1128; x_wconf 90' lang='lat' dir='ltr'>Deum</span> <span class='ocrx_word' id='word_1_104' title='bbox 820 1082 954 1140; x_wconf 78' lang='lat' dir='ltr'>velle,</span> <span class='ocrx_word' id='word_1_105' title='bbox 978 1094 1242 1144; x_wconf 82' lang='lat' dir='ltr'>praeponunt</span> <span class='ocrx_word' id='word_1_106' title='bbox 1268 1084 1542 1129; x_wconf 88' lang='lat' dir='ltr'>voluntatem</span> <span class='ocrx_word' id='word_1_107' title='bbox 1563 1083 1753 1129; x_wconf 88' lang='lat' dir='ltr'>melioris</span> 
     </span>
     <span class='ocr_line' id='line_1_14' title="bbox 358 1154 1749 1215; baseline -0.001 -15"><span class='ocrx_word' id='word_1_108' title='bbox 358 1154 595 1200; x_wconf 86' lang='lat' dir='ltr'>voluntatis</span> <span class='ocrx_word' id='word_1_109' title='bbox 619 1171 730 1211; x_wconf 67' lang='lat' dir='ltr'>suae,</span> <span class='ocrx_word' id='word_1_110' title='bbox 752 1164 795 1199; x_wconf 85' lang='lat' dir='ltr'>et</span> <span class='ocrx_word' id='word_1_111' title='bbox 819 1154 1090 1200; x_wconf 76' lang='lat' dir='ltr'>voluntatem</span> <span class='ocrx_word' id='word_1_112' title='bbox 1114 1155 1428 1215; x_wconf 86' lang='lat' dir='ltr'>omnipotentis</span> <span class='ocrx_word' id='word_1_113' title='bbox 1445 1155 1661 1200; x_wconf 87' lang='lat' dir='ltr'>voluntati</span> <span class='ocrx_word' id='word_1_114' title='bbox 1682 1155 1749 1199; x_wconf 90' lang='lat' dir='ltr'>in-</span> 
     </span>
     <span class='ocr_line' id='line_1_15' title="bbox 358 1225 1754 1281; baseline 0.001 -12"><span class='ocrx_word' id='word_1_115' title='bbox 358 1226 495 1281; x_wconf 79' lang='lat' dir='ltr'>firmi,</span> <span class='ocrx_word' id='word_1_116' title='bbox 531 1235 574 1270; x_wconf 89' lang='lat' dir='ltr'>et</span> <span class='ocrx_word' id='word_1_117' title='bbox 606 1225 879 1270; x_wconf 67' lang='lat' dir='ltr'>voluntatem</span> <span class='ocrx_word' id='word_1_118' title='bbox 923 1227 1000 1270; x_wconf 84' lang='lat' dir='ltr'>Dei</span> <span class='ocrx_word' id='word_1_119' title='bbox 1031 1225 1249 1271; x_wconf 69' lang='lat' dir='ltr'>voluntati</span> <span class='ocrx_word' id='word_1_120' title='bbox 1283 1226 1487 1271; x_wconf 89' lang='lat' dir='ltr'>hominis.</span> <span class='ocrx_word' id='word_1_121' title='bbox 1529 1229 1754 1280; x_wconf 88' lang='lat' dir='ltr'>Quantum</span> 
     </span>
     <span class='ocr_line' id='line_1_16' title="bbox 358 1296 1755 1353; baseline 0.001 -12"><span class='ocrx_word' id='word_1_122' title='bbox 358 1298 473 1341; x_wconf 90' lang='lat' dir='ltr'>enim</span> <span class='ocrx_word' id='word_1_123' title='bbox 497 1300 612 1341; x_wconf 84' lang='lat' dir='ltr'>Deus</span> <span class='ocrx_word' id='word_1_124' title='bbox 640 1296 769 1341; x_wconf 87' lang='lat' dir='ltr'>distat</span> <span class='ocrx_word' id='word_1_125' title='bbox 793 1297 848 1341; x_wconf 89' lang='lat' dir='ltr'>ab</span> <span class='ocrx_word' id='word_1_126' title='bbox 870 1297 1069 1353; x_wconf 79' lang='lat' dir='ltr'>homine,</span> <span class='ocrx_word' id='word_1_127' title='bbox 1092 1306 1263 1342; x_wconf 88' lang='lat' dir='ltr'>tantum</span> <span class='ocrx_word' id='word_1_128' title='bbox 1294 1298 1497 1342; x_wconf 86' lang='lat' dir='ltr'>voluntas</span> <span class='ocrx_word' id='word_1_129' title='bbox 1527 1298 1606 1342; x_wconf 87' lang='lat' dir='ltr'>Dei</span> <span class='ocrx_word' id='word_1_130' title='bbox 1630 1314 1653 1342; x_wconf 93' lang='lat' dir='ltr'>a</span> <span class='ocrx_word' id='word_1_131' title='bbox 1675 1313 1755 1342; x_wconf 91' lang='lat' dir='ltr'>vo-</span> 
     </span>
     <span class='ocr_line' id='line_1_17' title="bbox 357 1367 1807 1427; baseline 0.001 -16"><span class='ocrx_word' id='word_1_132' title='bbox 357 1367 528 1412; x_wconf 90' lang='lat' dir='ltr'>luntate</span> <span class='ocrx_word' id='word_1_133' title='bbox 551 1367 755 1412; x_wconf 89' lang='lat' dir='ltr'>hominis.</span> <span class='ocrx_word' id='word_1_134' title='bbox 783 1367 910 1413; x_wconf 79' lang='lat' dir='ltr'>Unde</span> <span class='ocrx_word' id='word_1_135' title='bbox 939 1383 1091 1427; x_wconf 80' lang='lat' dir='ltr'>gerens</span> <span class='ocrx_word' id='word_1_136' title='bbox 1122 1368 1348 1413; x_wconf 91' lang='lat' dir='ltr'>hominem</span> <span class='ocrx_word' id='word_1_137' title='bbox 1380 1368 1600 1424; x_wconf 83' lang='lat' dir='ltr'>Christus,</span> <span class='ocrx_word' id='word_1_138' title='bbox 1621 1378 1664 1413; x_wconf 88' lang='lat' dir='ltr'>et</span> <span class='ocrx_word' id='word_1_139' title='bbox 1686 1384 1756 1413; x_wconf 87' lang='lat' dir='ltr'>re-</span> <span class='ocrx_word' id='word_1_140' title='bbox 1806 1378 1807 1381; x_wconf 76' lang='grc'>’</span> 
     </span>
     <span class='ocr_line' id='line_1_18' title="bbox 361 1436 1754 1499; baseline 0.001 -17"><span class='ocrx_word' id='word_1_141' title='bbox 361 1437 508 1497; x_wconf 82' lang='lat' dir='ltr'>gulam</span> <span class='ocrx_word' id='word_1_142' title='bbox 536 1436 663 1483; x_wconf 87' lang='lat' dir='ltr'>nobis</span> <span class='ocrx_word' id='word_1_143' title='bbox 690 1454 961 1498; x_wconf 82' lang='lat' dir='ltr'>proponens,</span> <span class='ocrx_word' id='word_1_144' title='bbox 989 1437 1148 1483; x_wconf 86' lang='lat' dir='ltr'>docens</span> <span class='ocrx_word' id='word_1_145' title='bbox 1173 1454 1252 1483; x_wconf 90' lang='lat' dir='ltr'>nos</span> <span class='ocrx_word' id='word_1_146' title='bbox 1280 1439 1448 1494; x_wconf 81' lang='lat' dir='ltr'>vivere,</span> <span class='ocrx_word' id='word_1_147' title='bbox 1474 1447 1518 1483; x_wconf 91' lang='lat' dir='ltr'>et</span> <span class='ocrx_word' id='word_1_148' title='bbox 1546 1448 1754 1499; x_wconf 85' lang='lat' dir='ltr'>praestans</span> 
     </span>
     <span class='ocr_line' id='line_1_19' title="bbox 359 1509 1756 1570; baseline 0.001 -17"><span class='ocrx_word' id='word_1_149' title='bbox 359 1509 486 1554; x_wconf 87' lang='lat' dir='ltr'>nohis</span> <span class='ocrx_word' id='word_1_150' title='bbox 507 1510 675 1565; x_wconf 71' lang='lat' dir='ltr'>vivere,</span> <span class='ocrx_word' id='word_1_151' title='bbox 697 1509 888 1554; x_wconf 79' lang='lat' dir='ltr'>ostendit</span> <span class='ocrx_word' id='word_1_152' title='bbox 909 1509 1096 1554; x_wconf 88' lang='lat' dir='ltr'>hominis</span> <span class='ocrx_word' id='word_1_153' title='bbox 1117 1509 1353 1570; x_wconf 85' lang='lat' dir='ltr'>quamdam</span> <span class='ocrx_word' id='word_1_154' title='bbox 1372 1509 1583 1569; x_wconf 86' lang='lat' dir='ltr'>privatam</span> <span class='ocrx_word' id='word_1_155' title='bbox 1600 1509 1756 1555; x_wconf 87' lang='lat' dir='ltr'>volun-</span> 
     </span>
     <span class='ocr_line' id='line_1_20' title="bbox 358 1581 1755 1642; baseline 0.001 -18"><span class='ocrx_word' id='word_1_156' title='bbox 358 1590 511 1637; x_wconf 73' lang='lat' dir='ltr'>tatem,</span> <span class='ocrx_word' id='word_1_157' title='bbox 528 1581 574 1625; x_wconf 92' lang='lat' dir='ltr'>in</span> <span class='ocrx_word' id='word_1_158' title='bbox 591 1598 678 1642; x_wconf 88' lang='lat' dir='ltr'>qua</span> <span class='ocrx_word' id='word_1_159' title='bbox 702 1597 825 1625; x_wconf 88' lang='lat' dir='ltr'>suam</span> <span class='ocrx_word' id='word_1_160' title='bbox 847 1582 1049 1640; x_wconf 73' lang='lat' dir='ltr'>figuravit</span> <span class='ocrx_word' id='word_1_161' title='bbox 1073 1591 1116 1626; x_wconf 88' lang='lat' dir='ltr'>et</span> <span class='ocrx_word' id='word_1_162' title='bbox 1138 1590 1347 1636; x_wconf 82' lang='lat' dir='ltr'>nostram,</span> <span class='ocrx_word' id='word_1_163' title='bbox 1369 1581 1469 1642; x_wconf 86' lang='lat' dir='ltr'>quia</span> <span class='ocrx_word' id='word_1_164' title='bbox 1490 1591 1624 1642; x_wconf 86' lang='lat' dir='ltr'>caput</span> <span class='ocrx_word' id='word_1_165' title='bbox 1650 1598 1755 1627; x_wconf 90' lang='lat' dir='ltr'>nos-</span> 
     </span>
     <span class='ocr_line' id='line_1_21' title="bbox 359 1651 1755 1712; baseline 0.001 -16"><span class='ocrx_word' id='word_1_166' title='bbox 359 1661 478 1696; x_wconf 88' lang='lat' dir='ltr'>trum</span> <span class='ocrx_word' id='word_1_167' title='bbox 501 1661 586 1707; x_wconf 80' lang='lat' dir='ltr'>est,</span> <span class='ocrx_word' id='word_1_168' title='bbox 608 1660 651 1696; x_wconf 87' lang='lat' dir='ltr'>et</span> <span class='ocrx_word' id='word_1_169' title='bbox 673 1651 728 1696; x_wconf 88' lang='lat' dir='ltr'>ad</span> <span class='ocrx_word' id='word_1_170' title='bbox 751 1668 874 1707; x_wconf 85' lang='lat' dir='ltr'>eum,</span> <span class='ocrx_word' id='word_1_171' title='bbox 900 1653 1011 1697; x_wconf 84' lang='lat' dir='ltr'>sieut</span> <span class='ocrx_word' id='word_1_172' title='bbox 1032 1652 1189 1707; x_wconf 82' lang='lat' dir='ltr'>nostis,</span> <span class='ocrx_word' id='word_1_173' title='bbox 1215 1660 1427 1712; x_wconf 82' lang='lat' dir='ltr'>tanquam</span> <span class='ocrx_word' id='word_1_174' title='bbox 1448 1652 1644 1696; x_wconf 83' lang='lat' dir='ltr'>membra</span> <span class='ocrx_word' id='word_1_175' title='bbox 1665 1652 1755 1697; x_wconf 90' lang='lat' dir='ltr'>uti-</span> 
     </span>
     <span class='ocr_line' id='line_1_22' title="bbox 360 1722 1756 1785; baseline 0 -17"><span class='ocrx_word' id='word_1_176' title='bbox 360 1739 447 1785; x_wconf 89' lang='lat' dir='ltr'>que</span> <span class='ocrx_word' id='word_1_177' title='bbox 474 1723 744 1783; x_wconf 86' lang='lat' dir='ltr'>pertinemus</span> <span class='ocrx_word' id='word_1_178' title='bbox 767 1743 774 1768; x_wconf 92' lang='lat'>:</span> <span class='ocrx_word' id='word_1_179' title='bbox 800 1742 820 1765; x_wconf 87' lang='lat'>«</span> <span class='ocrx_word' id='word_1_180' title='bbox 846 1726 995 1778; x_wconf 87' lang='lat' dir='ltr'>Pater,</span> <span class='ocrx_word' id='word_1_181' title='bbox 1016 1723 1180 1784; x_wconf 81' lang='lat' dir='ltr'>inquit,</span> <span class='ocrx_word' id='word_1_182' title='bbox 1208 1722 1242 1767; x_wconf 91' lang='lat' dir='ltr'>si</span> <span class='ocrx_word' id='word_1_183' title='bbox 1267 1723 1359 1766; x_wconf 86' lang='lat' dir='ltr'>fieri</span> <span class='ocrx_word' id='word_1_184' title='bbox 1381 1731 1546 1782; x_wconf 80' lang='lat' dir='ltr'>potest,</span> <span class='ocrx_word' id='word_1_185' title='bbox 1566 1732 1756 1768; x_wconf 87' lang='lat' dir='ltr'>transeat</span> 
     </span>
     <span class='ocr_line' id='line_1_23' title="bbox 363 1792 1755 1855; baseline 0.003 -20"><span class='ocrx_word' id='word_1_186' title='bbox 363 1812 384 1835; x_wconf 84' lang='lat'>»</span> <span class='ocrx_word' id='word_1_187' title='bbox 421 1810 445 1838; x_wconf 91' lang='lat' dir='ltr'>a</span> <span class='ocrx_word' id='word_1_188' title='bbox 474 1810 543 1837; x_wconf 89' lang='lat' dir='ltr'>me</span> <span class='ocrx_word' id='word_1_189' title='bbox 570 1794 682 1838; x_wconf 80' lang='lat' dir='ltr'>calix</span> <span class='ocrx_word' id='word_1_190' title='bbox 712 1795 832 1838; x_wconf 69' lang='lat' dir='ltr'>iste‘2.</span> <span class='ocrx_word' id='word_1_191' title='bbox 859 1812 879 1835; x_wconf 66' lang='grc' dir='ltr'>υ</span> <span class='ocrx_word' id='word_1_192' title='bbox 912 1796 1015 1837; x_wconf 79' lang='lat' dir='ltr'>Haec</span> <span class='ocrx_word' id='word_1_193' title='bbox 1048 1794 1242 1837; x_wconf 86' lang='lat' dir='ltr'>humana</span> <span class='ocrx_word' id='word_1_194' title='bbox 1272 1792 1476 1838; x_wconf 85' lang='lat' dir='ltr'>voluntas</span> <span class='ocrx_word' id='word_1_195' title='bbox 1511 1803 1624 1850; x_wconf 89' lang='lat' dir='ltr'>erat,</span> <span class='ocrx_word' id='word_1_196' title='bbox 1649 1810 1755 1855; x_wconf 89' lang='lat' dir='ltr'>pro-</span> 
     </span>
     <span class='ocr_line' id='line_1_24' title="bbox 360 1862 1756 1925; baseline 0.001 -17"><span class='ocrx_word' id='word_1_197' title='bbox 360 1865 506 1925; x_wconf 88' lang='lat' dir='ltr'>prium</span> <span class='ocrx_word' id='word_1_198' title='bbox 523 1864 692 1925; x_wconf 85' lang='lat' dir='ltr'>aliquid</span> <span class='ocrx_word' id='word_1_199' title='bbox 714 1874 757 1909; x_wconf 89' lang='lat' dir='ltr'>et</span> <span class='ocrx_word' id='word_1_200' title='bbox 780 1874 990 1925; x_wconf 87' lang='lat' dir='ltr'>tanquam</span> <span class='ocrx_word' id='word_1_201' title='bbox 1004 1864 1225 1924; x_wconf 90' lang='lat' dir='ltr'>privatum</span> <span class='ocrx_word' id='word_1_202' title='bbox 1245 1863 1410 1908; x_wconf 88' lang='lat' dir='ltr'>volens.</span> <span class='ocrx_word' id='word_1_203' title='bbox 1435 1862 1521 1908; x_wconf 91' lang='lat' dir='ltr'>Sed</span> <span class='ocrx_word' id='word_1_204' title='bbox 1541 1864 1644 1925; x_wconf 89' lang='lat' dir='ltr'>quia</span> <span class='ocrx_word' id='word_1_205' title='bbox 1667 1881 1756 1911; x_wconf 86' lang='lat' dir='ltr'>rec·</span> 
     </span>
     <span class='ocr_line' id='line_1_25' title="bbox 359 1933 1756 1995; baseline 0.001 -15"><span class='ocrx_word' id='word_1_206' title='bbox 359 1945 455 1980; x_wconf 91' lang='lat' dir='ltr'>tum</span> <span class='ocrx_word' id='word_1_207' title='bbox 486 1935 617 1980; x_wconf 84' lang='lat' dir='ltr'>corde</span> <span class='ocrx_word' id='word_1_208' title='bbox 638 1935 779 1980; x_wconf 90' lang='lat' dir='ltr'>voluit</span> <span class='ocrx_word' id='word_1_209' title='bbox 801 1951 890 1980; x_wconf 82' lang='lat' dir='ltr'>esse</span> <span class='ocrx_word' id='word_1_210' title='bbox 912 1935 1159 1990; x_wconf 83' lang='lat' dir='ltr'>hominem,</span> <span class='ocrx_word' id='word_1_211' title='bbox 1182 1943 1233 1978; x_wconf 92' lang='lat' dir='ltr'>ut</span> <span class='ocrx_word' id='word_1_212' title='bbox 1260 1933 1477 1995; x_wconf 86' lang='lat' dir='ltr'>quidquid</span> <span class='ocrx_word' id='word_1_213' title='bbox 1503 1935 1549 1979; x_wconf 89' lang='lat' dir='ltr'>in</span> <span class='ocrx_word' id='word_1_214' title='bbox 1577 1934 1653 1981; x_wconf 87' lang='lat' dir='ltr'>illo</span> <span class='ocrx_word' id='word_1_215' title='bbox 1675 1935 1756 1981; x_wconf 84' lang='lat' dir='ltr'>ali-</span> 
     </span>
     <span class='ocr_line' id='line_1_26' title="bbox 360 2005 1757 2067; baseline 0.002 -17"><span class='ocrx_word' id='word_1_216' title='bbox 360 2016 574 2067; x_wconf 88' lang='lat' dir='ltr'>quantum</span> <span class='ocrx_word' id='word_1_217' title='bbox 600 2022 785 2050; x_wconf 84' lang='lat' dir='ltr'>curvum</span> <span class='ocrx_word' id='word_1_218' title='bbox 809 2015 940 2061; x_wconf 82' lang='lat' dir='ltr'>esset,</span> <span class='ocrx_word' id='word_1_219' title='bbox 966 2005 1022 2050; x_wconf 90' lang='lat' dir='ltr'>ad</span> <span class='ocrx_word' id='word_1_220' title='bbox 1043 2005 1169 2050; x_wconf 90' lang='lat' dir='ltr'>illum</span> <span class='ocrx_word' id='word_1_221' title='bbox 1190 2005 1396 2066; x_wconf 81' lang='lat' dir='ltr'>dirigeret</span> <span class='ocrx_word' id='word_1_222' title='bbox 1415 2006 1491 2067; x_wconf 89' lang='lat' dir='ltr'>qui</span> <span class='ocrx_word' id='word_1_223' title='bbox 1506 2021 1675 2067; x_wconf 86' lang='lat' dir='ltr'>semper</span> <span class='ocrx_word' id='word_1_224' title='bbox 1692 2017 1757 2053; x_wconf 89' lang='lat' dir='ltr'>est</span> 
     </span>
     <span class='ocr_line' id='line_1_27' title="bbox 360 2077 1751 2139; baseline 0.001 -17"><span class='ocrx_word' id='word_1_225' title='bbox 360 2088 503 2123; x_wconf 89' lang='lat' dir='ltr'>rectus</span> <span class='ocrx_word' id='word_1_226' title='bbox 525 2099 536 2135; x_wconf 80' lang='lat'><em>3</em></span> <span class='ocrx_word' id='word_1_227' title='bbox 567 2098 587 2120; x_wconf 87' lang='lat'>«</span> <span class='ocrx_word' id='word_1_228' title='bbox 612 2080 776 2121; x_wconf 74' lang='lat' dir='ltr'>Verum</span> <span class='ocrx_word' id='word_1_229' title='bbox 804 2093 894 2122; x_wconf 88' lang='lat' dir='ltr'>non</span> <span class='ocrx_word' id='word_1_230' title='bbox 928 2077 1050 2138; x_wconf 89' lang='lat' dir='ltr'>quod</span> <span class='ocrx_word' id='word_1_231' title='bbox 1083 2093 1163 2136; x_wconf 82' lang='lat' dir='ltr'>ego</span> <span class='ocrx_word' id='word_1_232' title='bbox 1184 2077 1307 2133; x_wconf 77' lang='lat' dir='ltr'>volo,</span> <span class='ocrx_word' id='word_1_233' title='bbox 1334 2078 1413 2133; x_wconf 76' lang='lat' dir='ltr'>ait,</span> <span class='ocrx_word' id='word_1_234' title='bbox 1444 2077 1519 2122; x_wconf 76' lang='lat' dir='ltr'>sed</span> <span class='ocrx_word' id='word_1_235' title='bbox 1541 2078 1662 2139; x_wconf 89' lang='lat' dir='ltr'>quod</span> <span class='ocrx_word' id='word_1_236' title='bbox 1686 2089 1751 2134; x_wconf 82' lang='lat' dir='ltr'>tu,</span> 
     </span>
     <span class='ocr_line' id='line_1_28' title="bbox 364 2146 1757 2208; baseline 0.004 -19"><span class='ocrx_word' id='word_1_237' title='bbox 364 2168 384 2190; x_wconf 87' lang='lat'>»</span> <span class='ocrx_word' id='word_1_238' title='bbox 422 2150 590 2192; x_wconf 63' lang='lat' dir='ltr'>Patet-³.</span> <span class='ocrx_word' id='word_1_239' title='bbox 625 2167 645 2190; x_wconf 85' lang='lat'>»</span> <span class='ocrx_word' id='word_1_240' title='bbox 683 2147 765 2193; x_wconf 84' lang='lat' dir='ltr'>Sed</span> <span class='ocrx_word' id='word_1_241' title='bbox 799 2146 908 2208; x_wconf 87' lang='lat' dir='ltr'>quid</span> <span class='ocrx_word' id='word_1_242' title='bbox 931 2156 1075 2207; x_wconf 85' lang='lat' dir='ltr'>posset</span> <span class='ocrx_word' id='word_1_243' title='bbox 1104 2146 1207 2191; x_wconf 88' lang='lat' dir='ltr'>mali</span> <span class='ocrx_word' id='word_1_244' title='bbox 1241 2146 1352 2191; x_wconf 85' lang='lat' dir='ltr'>velle</span> <span class='ocrx_word' id='word_1_245' title='bbox 1380 2148 1607 2193; x_wconf 72' lang='lat' dir='ltr'>Christus?</span> <span class='ocrx_word' id='word_1_246' title='bbox 1638 2149 1757 2203; x_wconf 89' lang='lat' dir='ltr'>Quid</span> 
     </span>
     <span class='ocr_line' id='line_1_29' title="bbox 361 2217 1756 2280; baseline 0.001 -16"><span class='ocrx_word' id='word_1_247' title='bbox 361 2229 584 2280; x_wconf 85' lang='lat' dir='ltr'>postremo</span> <span class='ocrx_word' id='word_1_248' title='bbox 613 2218 732 2262; x_wconf 87' lang='lat' dir='ltr'>aliud</span> <span class='ocrx_word' id='word_1_249' title='bbox 761 2228 906 2278; x_wconf 81' lang='lat' dir='ltr'>posset</span> <span class='ocrx_word' id='word_1_250' title='bbox 924 2217 1059 2274; x_wconf 81' lang='lat' dir='ltr'>velle,</span> <span class='ocrx_word' id='word_1_251' title='bbox 1087 2234 1221 2279; x_wconf 89' lang='lat' dir='ltr'>quam</span> <span class='ocrx_word' id='word_1_252' title='bbox 1253 2219 1412 2262; x_wconf 80' lang='lat' dir='ltr'>Pater?</span> <span class='ocrx_word' id='word_1_253' title='bbox 1439 2221 1637 2272; x_wconf 89' lang='lat' dir='ltr'>Quorum</span> <span class='ocrx_word' id='word_1_254' title='bbox 1668 2235 1756 2275; x_wconf 85' lang='lat' dir='ltr'>una</span> 
     </span>
     <span class='ocr_line' id='line_1_30' title="bbox 362 2287 1757 2349; baseline 0.001 -15"><span class='ocrx_word' id='word_1_255' title='bbox 362 2299 425 2334; x_wconf 84' lang='lat' dir='ltr'>est</span> <span class='ocrx_word' id='word_1_256' title='bbox 459 2290 689 2344; x_wconf 75' lang='lat' dir='ltr'>Divinitas,</span> <span class='ocrx_word' id='word_1_257' title='bbox 732 2305 822 2334; x_wconf 90' lang='lat' dir='ltr'>non</span> <span class='ocrx_word' id='word_1_258' title='bbox 854 2298 997 2349; x_wconf 84' lang='lat' dir='ltr'>potest</span> <span class='ocrx_word' id='word_1_259' title='bbox 1031 2305 1120 2333; x_wconf 87' lang='lat' dir='ltr'>esse</span> <span class='ocrx_word' id='word_1_260' title='bbox 1153 2289 1299 2349; x_wconf 86' lang='lat' dir='ltr'>dispar</span> <span class='ocrx_word' id='word_1_261' title='bbox 1326 2287 1543 2333; x_wconf 85' lang='lat' dir='ltr'>voluntas.</span> <span class='ocrx_word' id='word_1_262' title='bbox 1584 2288 1669 2334; x_wconf 90' lang='lat' dir='ltr'>Sed</span> <span class='ocrx_word' id='word_1_263' title='bbox 1705 2306 1757 2335; x_wconf 86' lang='lat' dir='ltr'>ex</span> 
     </span>
     <span class='ocr_line' id='line_1_31' title="bbox 363 2359 1755 2422; baseline 0.001 -18"><span class='ocrx_word' id='word_1_264' title='bbox 363 2376 545 2422; x_wconf 88' lang='lat' dir='ltr'>persona</span> <span class='ocrx_word' id='word_1_265' title='bbox 562 2360 749 2405; x_wconf 71' lang='lat' dir='ltr'>hominis</span> <span class='ocrx_word' id='word_1_266' title='bbox 767 2361 1078 2419; x_wconf 78' lang='lat' dir='ltr'>transfigurans</span> <span class='ocrx_word' id='word_1_267' title='bbox 1100 2359 1144 2403; x_wconf 90' lang='lat' dir='ltr'>in</span> <span class='ocrx_word' id='word_1_268' title='bbox 1167 2375 1211 2403; x_wconf 76' lang='lat' dir='ltr'>se</span> <span class='ocrx_word' id='word_1_269' title='bbox 1228 2375 1350 2415; x_wconf 81' lang='lat' dir='ltr'>suos,</span> <span class='ocrx_word' id='word_1_270' title='bbox 1368 2375 1477 2420; x_wconf 91' lang='lat' dir='ltr'>quos</span> <span class='ocrx_word' id='word_1_271' title='bbox 1499 2359 1542 2403; x_wconf 90' lang='lat' dir='ltr'>in</span> <span class='ocrx_word' id='word_1_272' title='bbox 1560 2371 1604 2403; x_wconf 84' lang='lat' dir='ltr'>se</span> <span class='ocrx_word' id='word_1_273' title='bbox 1622 2369 1755 2406; x_wconf 89' lang='lat' dir='ltr'>trans-</span> 
     </span>
     <span class='ocr_line' id='line_1_32' title="bbox 363 2430 1750 2491; baseline -0.001 -16"><span class='ocrx_word' id='word_1_274' title='bbox 363 2432 581 2491; x_wconf 83' lang='lat' dir='ltr'>figuravit,</span> <span class='ocrx_word' id='word_1_275' title='bbox 597 2446 697 2475; x_wconf 87' lang='lat' dir='ltr'>cum</span> <span class='ocrx_word' id='word_1_276' title='bbox 715 2431 793 2475; x_wconf 87' lang='lat' dir='ltr'>ait:</span> <span class='ocrx_word' id='word_1_277' title='bbox 814 2450 834 2473; x_wconf 84' lang='lat'>«</span> <span class='ocrx_word' id='word_1_278' title='bbox 847 2431 1033 2487; x_wconf 87' lang='lat' dir='ltr'>Esurivi‚</span> <span class='ocrx_word' id='word_1_279' title='bbox 1046 2439 1089 2475; x_wconf 81' lang='lat' dir='ltr'>et</span> <span class='ocrx_word' id='word_1_280' title='bbox 1105 2430 1282 2475; x_wconf 85' lang='lat' dir='ltr'>dedistis</span> <span class='ocrx_word' id='word_1_281' title='bbox 1296 2431 1402 2475; x_wconf 91' lang='lat' dir='ltr'>mihi</span> <span class='ocrx_word' id='word_1_282' title='bbox 1415 2430 1699 2476; x_wconf 77' lang='lat' dir='ltr'>manducare4</span> <span class='ocrx_word' id='word_1_283' title='bbox 1712 2451 1750 2477; x_wconf 81' lang='lat' dir='ltr'>z»</span> 
     </span>
    </p>
   </div>
   <div class='ocr_carea' id='block_1_3' title="bbox 369 2529 1751 2629">
    <p class='ocr_par' dir='ltr' id='par_1_4' title="bbox 369 2529 1751 2629">
     <span class='ocr_line' id='line_1_33' title="bbox 412 2529 1751 2573; baseline 0.001 -13"><span class='ocrx_word' id='word_1_284' title='bbox 412 2536 420 2552; x_wconf 94' lang='lat'>¹</span> <span class='ocrx_word' id='word_1_285' title='bbox 439 2530 656 2573; x_wconf 61' lang='grc' dir='ltr'>Παντὲμιμις,</span> <span class='ocrx_word' id='word_1_286' title='bbox 676 2530 750 2562; x_wconf 75' lang='lat' dir='ltr'>vide</span> <span class='ocrx_word' id='word_1_287' title='bbox 772 2534 864 2563; x_wconf 84' lang='lat' dir='ltr'>Enar.</span> <span class='ocrx_word' id='word_1_288' title='bbox 888 2529 969 2562; x_wconf 81' lang='lat' dir='ltr'>Psal.</span> <span class='ocrx_word' id='word_1_289' title='bbox 991 2540 1066 2572; x_wconf 76' lang='lat' dir='ltr'>xxx,</span> <span class='ocrx_word' id='word_1_290' title='bbox 1080 2532 1182 2562; x_wconf 64' lang='lat' dir='ltr'>Seru).</span> <span class='ocrx_word' id='word_1_291' title='bbox 1202 2540 1248 2570; x_wconf 85' lang='lat' dir='ltr'>m,</span> <span class='ocrx_word' id='word_1_292' title='bbox 1273 2540 1304 2562; x_wconf 88' lang='lat' dir='ltr'>n.</span> <span class='ocrx_word' id='word_1_293' title='bbox 1332 2539 1382 2562; x_wconf 86' lang='lat'>11.</span> <span class='ocrx_word' id='word_1_294' title='bbox 1404 2545 1446 2551; x_wconf 89' lang='lat'>—</span> <span class='ocrx_word' id='word_1_295' title='bbox 1473 2535 1485 2551; x_wconf 88' lang='lat'>²</span> <span class='ocrx_word' id='word_1_296' title='bbox 1505 2529 1751 2572; x_wconf 66' lang='lat' dir='ltr'>Matih.„xxvni‚</span> 
     </span>
     <span class='ocr_line' id='line_1_34' title="bbox 369 2585 937 2629; baseline 0 -10"><span class='ocrx_word' id='word_1_297' title='bbox 369 2589 419 2629; x_wconf 75' lang='lat'>39.</span> <span class='ocrx_word' id='word_1_298' title='bbox 445 2605 485 2610; x_wconf 88' lang='lat'>--</span> <span class='ocrx_word' id='word_1_299' title='bbox 501 2585 514 2609; x_wconf 81' lang='lat'>3</span> <span class='ocrx_word' id='word_1_300' title='bbox 534 2587 614 2618; x_wconf 71' lang='lat' dir='ltr'>lbi-l.</span> <span class='ocrx_word' id='word_1_301' title='bbox 634 2605 674 2609; x_wconf 81' lang='lat'>—-</span> <span class='ocrx_word' id='word_1_302' title='bbox 694 2587 707 2617; x_wconf 63' lang='grc'><strong>4</strong></span> <span class='ocrx_word' id='word_1_303' title='bbox 726 2588 773 2619; x_wconf 73' lang='lat' dir='ltr'>td.</span> <span class='ocrx_word' id='word_1_304' title='bbox 794 2599 868 2626; x_wconf 63' lang='lat' dir='ltr'>tw,</span> <span class='ocrx_word' id='word_1_305' title='bbox 886 2589 937 2619; x_wconf 77' lang='lat'>35.</span> 
     </span>
    </p>
   </div>
  </div>
 </body>
</html>
