1833 3284
386 252 726 283 ANNOTATIONUM
759 254 805 281 IN
836 254 934 292 Jon,
970 253 1108 279 mimz.
1390 240 1440 278 71

61 321 137 367 aut
157 319 316 367 falsum
333 320 387 366 sit
403 322 571 382 justum
593 334 694 364 eum
717 334 829 375 esse,
866 318 995 363 etiam
1016 316 1258 362 secundum
1285 318 1444 362 huma-

61 407 163 436 nam
176 391 390 453 justitiam
410 410 418 436 :
453 390 638 435 alterum
667 399 813 435 autem
828 425 839 445 ,
864 389 967 450 quia
991 403 1222 449 nunquam
1241 404 1343 433 vere
1359 388 1445 435 dici

60 463 115 508 ab
142 463 319 507 homine
338 470 507 522 potest,
533 460 654 522 quod
679 470 778 505 ante
804 468 1087 520 conspectum
1110 460 1188 503 Dei
1206 459 1259 503 sit
1272 460 1443 520 justus3

58 533 130 577 cui
150 541 424 592 comparatus
437 531 623 593 quilibet
639 532 816 592 iniquus
832 540 909 575 est.
920 549 940 573 «
958 533 1048 575 Aut
1063 529 1168 574 dicis
1188 549 1197 574 ε
1217 529 1334 583 Quid
1344 546 1447 590 pro-

60 622 80 646 »
102 604 198 648 dest
218 603 299 648 tibi
315 639 325 659 ,
350 612 426 647 aut
448 602 554 664 quid
579 601 733 647 faciam
751 638 762 658 ,
792 603 826 647 si
853 602 1084 662 peecavi1?
1107 620 1128 643 »
1154 604 1248 646 Hoc
1269 601 1385 645 enim
1409 602 1448 646 ei

54 673 231 720 videtur
254 677 279 720 J
283 674 340 719 ob
361 673 515 719 dixisse
532 677 623 718 Deo
638 709 648 729 ,
682 673 806 734 quasi
841 682 916 717 aut
937 676 1027 717 Deo
1057 673 1192 732 prosit
1215 682 1446 733 peccatum

54 745 169 806 ejuS,
184 754 234 789 ut
247 745 329 790 isto
352 744 503 789 dolore
517 744 572 788 ad
593 745 858 805 impietatem
875 753 1071 802 cogatur,
1088 744 1164 788 ubi
1186 743 1246 788 ait
1271 763 1280 789 :
1309 762 1330 786 «
1353 746 1445 789 No-

56 834 78 859 »
104 816 181 861 lite
202 832 272 861 me
292 817 450 862 docere
470 818 656 878 impium
681 832 770 861 esse
798 835 807 861 :
834 825 909 860 aut
930 815 1099 860 bonum
1121 825 1185 860 est
1206 815 1284 860 tibi
1307 816 1341 860 si
1362 816 1447 860 ini-

55 905 77 929 »
102 903 189 948 que
207 903 336 947 egero
349 891 382 932 ².
411 905 432 930 »
458 891 548 933 Aut
571 891 661 933 Deo
689 895 844 932 noceat
869 885 1117 947 peccando,
1140 895 1184 930 et
1204 884 1304 931 ideo
1320 885 1446 932 illum

52 958 112 1003 sic
132 959 386 1019 insequatur
406 962 520 1004 Deus
546 959 670 1019 quasi
691 959 861 1003 hostem
883 973 1009 1003 suum
1032 973 1234 1018 premens
1252 993 1263 1014 ,
1289 973 1345 1002 ne
1367 956 1446 1002 ali-

51 1028 161 1089 quid
182 1029 334 1074 abillo
360 1028 465 1074 mali
492 1030 713 1090 patiatur,
737 1045 838 1074 nam
866 1029 950 1073 hoc
973 1029 1103 1073 etiarn
1125 1028 1294 1073 dixerat
1320 1048 1328 1074 :
1353 1048 1374 1072 «
1401 1029 1446 1074 Si

54 1117 75 1142 »
107 1115 188 1159 ego
209 1101 406 1160 peccavi,
427 1100 534 1161 quid
544 1116 721 1161 possum
742 1100 823 1145 tibi
835 1099 979 1145 facere
995 1102 1042 1143 3?
1063 1120 1080 1142 »
1109 1100 1179 1145 Ad
1207 1110 1445 1161 utrumque

51 1186 155 1230 ergo
187 1170 289 1216 Eliu
309 1171 555 1232 respondit,
590 1171 958 1232 consequentibus
981 1171 1140 1217 verbis.
1169 1191 1188 1215 «
1217 1175 1311 1230 Ego
1329 1171 1445 1217 dabo

52 1259 74 1283 n
99 1242 177 1286 tibi
199 1257 470 1303 responsum,
485 1251 530 1286 et
548 1243 685 1287 tribus
707 1242 854 1287 amicis
874 1243 995 1287 meis.
1019 1243 1175 1303 Aspice
1196 1244 1242 1287 in
1261 1241 1441 1299 coelum,

51 1331 72 1356 »
96 1322 140 1358 et
159 1314 275 1370 vide,
291 1314 455 1376 respice
470 1314 517 1358 in
530 1315 669 1360 nubes
684 1330 817 1376 quam
839 1314 936 1359 altae
953 1315 1039 1359 sint
1060 1331 1083 1360 a
1102 1324 1159 1360 te.
1181 1316 1223 1361 Si
1237 1317 1440 1376 peccasti,

50 1385 195 1446 »quid
212 1386 352 1445 agis4i³
374 1404 395 1428 ³)
421 1387 663 1432 Confirmat
684 1386 802 1447 quod
828 1386 882 1430 ab
897 1402 948 1431 eo
971 1386 1137 1431 dictum
1156 1397 1219 1432 est
1236 1408 1244 1433 2
1261 1406 1278 1428 «
1307 1389 1349 1434 Si
1361 1404 1442 1448 ego

49 1473 72 1497 »
97 1457 299 1516 peccavi,
319 1456 428 1518 quid
449 1473 624 1518 possum
657 1457 736 1501 tibi
764 1456 935 1502 iacere?
957 1461 1046 1502 Aut
1067 1459 1100 1502 si
1121 1458 1262 1503 Multa
1282 1460 1442 1521 injusta

49 1545 71 1569 1>
92 1527 260 1584 fecisti,
285 1528 392 1589 quid
413 1529 574 1589 poteris
599 1528 774 1573 facere?
803 1527 904 1574 Plus
939 1539 1026 1584 est,
1054 1549 1074 1572 «
1108 1530 1247 1575 multa
1281 1532 1439 1593 injusta

49 1616 70 1640 »
95 1598 260 1655 fecisti,
288 1618 309 1641 n
331 1615 464 1661 quam
479 1599 600 1661 quod
627 1601 824 1659 superius
846 1599 979 1656 dixit,
1019 1620 1035 1640 «
1064 1603 1271 1647 Peccasti.
1309 1623 1327 1645 »
1355 1607 1441 1650 Sed

46 1679 194 1715 tamen
211 1671 320 1732 quid
334 1671 496 1732 poteris
518 1670 658 1716 facere
680 1675 792 1727 Deo,
818 1672 996 1733 quando
1021 1689 1075 1717 nc
1097 1674 1237 1718 nubes
1260 1675 1440 1736 quidem

45 1751 168 1802 potes
190 1742 377 1787 laedere?
403 1761 420 1783 «
447 1746 504 1788 Et
520 1743 554 1787 si
566 1745 709 1804 justus
727 1759 791 1799 es,
815 1743 922 1804 quid
942 1742 1064 1789 dabis
1078 1745 1116 1788 ei
1130 1748 1143 1771 ⁵
1157 1747 1199 1790 Ρ»
1215 1749 1251 1791 Ε
1266 1757 1441 1793 contra-

45 1813 111 1857 rio
132 1812 355 1874 quomodo
383 1814 548 1874 justitia
586 1823 660 1859 tua
695 1813 805 1858 nihil
834 1815 872 1858 ei
900 1815 1099 1875 prodest,
1136 1817 1196 1860 sic
1228 1817 1437 1878 injustitia

45 1884 154 1929 nihil
176 1894 319 1930 nocet.
350 1905 370 1928 ι(
391 1889 480 1931 Aut
496 1885 604 1947 quid
626 1886 681 1930 de
713 1902 846 1931 manu
873 1895 947 1930 tua
980 1887 1194 1947 accipiet?
1216 1907 1236 1930 »
1269 1890 1437 1936 etiamsi

45 1955 148 2000 dare
165 1955 292 2012 velis3
317 1966 495 2016 propter
515 1957 721 2001 sacrificia
734 1993 744 2012 ,
770 1973 870 2017 quae
886 1957 1007 2002 stulti
1029 1967 1187 2017 putant
1207 1963 1346 2004 Deum
1360 1978 1435 2006 su-

43 2042 162 2071 mere
185 2027 304 2072 velut
326 2027 384 2072 eis
406 2027 689 2086 indigentem.
721 2029 861 2073 «Viro
884 2028 1009 2073 simili
1032 2031 1098 2073 tui
1119 2030 1317 2090 impietas
1340 2042 1432 2090 tua,

45 2115 67 2139 »
92 2106 136 2141 et
156 2096 247 2143 filio
268 2097 457 2142 hominis
476 2099 641 2158 justitia
662 2101 763 2143 tua⁰
786 2119 794 2143 ε
824 2118 844 2140 »
880 2099 950 2143 vel
973 2099 1045 2144 illa
1076 2111 1226 2157 nocet,
1252 2102 1320 2146 vel
1341 2104 1436 2149 haec

42 2169 233 2228 prodest.
257 2168 340 2214 Sed
357 2169 423 2213 his
439 2170 634 2214 versibus
651 2171 924 2215 confirmavit
941 2172 1101 2230 potius,
1123 2189 1254 2233 quam
1273 2173 1436 2222 refellit

43 2239 327 2296 sententiam,
352 2256 484 2301 quam
507 2240 615 2285 dixit
628 2241 712 2286 Job
740 2261 748 2286 :
773 2261 793 2283 «
821 2242 863 2286 Si
885 2257 965 2300 ego
979 2243 1177 2302 peccavi,
1203 2244 1312 2304 quid
1334 2261 1435 2305 pos-

45 2327 68 2353 »
91 2326 187 2354 sum
207 2311 289 2355 tihi
306 2312 481 2356 facere?
505 2330 525 2353 »
551 2315 881 2373 Consequenter
901 2328 1004 2372 ergo
1024 2324 1196 2374 oportet
1213 2325 1262 2360 ut
1283 2326 1432 2362 osten-

43 2380 134 2438 dat,
147 2397 280 2443 quare
292 2383 338 2426 in
349 2383 527 2428 hacvita
539 2384 736 2428 homines
750 2384 1007 2444 affliguntur
1016 2386 1182 2446 injuriis
1194 2386 1409 2433 malorum
1418 2426 1428 2445 ,

42 2451 158 2497 inter
183 2468 294 2514 quos
320 2454 450 2498 etiam
482 2453 682 2499 diabolus
710 2471 812 2500 cum
846 2455 1009 2515 angelis
1027 2456 1114 2501 suis
1146 2468 1403 2503 numeratur
1419 2495 1430 2516 ,

94 2555 105 2572 ¹
135 2549 210 2583 Job.
236 2561 343 2594 xxxv,
374 2552 405 2584 3.
426 2569 469 2575 —
489 2558 502 2575 ²
521 2552 568 2586 ld.
594 2563 637 2596 x,
653 2562 684 2586 2.
703 2570 746 2577 -—
769 2551 845 2586 ³1d.
861 2563 921 2597 vu,
946 2562 1001 2587 20.
1021 2571 1062 2578 -
1080 2552 1098 2585 4
1116 2555 1163 2588 Id.
1188 2566 1284 2599 xxxv,
1305 2555 1373 2599 4-6.
1392 2575 1434 2581 -

44 2623 86 2631 -
101 2604 213 2640 ⁵1bid.
235 2618 266 2649 ς.
286 2624 328 2630 -
343 2605 359 2631 6
383 2607 463 2642 Ibid.
480 2608 513 2641 8.
