<?xml version="1.0" encoding="UTF-8"?>
<!DOCTYPE html PUBLIC "-//W3C//DTD XHTML 1.0 Transitional//EN"
    "http://www.w3.org/TR/xhtml1/DTD/xhtml1-transitional.dtd">
<html xmlns="http://www.w3.org/1999/xhtml" xml:lang="en" lang="en">
 <head>
  <title>
</title>
<meta http-equiv="Content-Type" content="text/html;charset=utf-8" />
  <meta name='ocr-system' content='tesseract 3.04.00' />
  <meta name='ocr-capabilities' content='ocr_page ocr_carea ocr_par ocr_line ocrx_word'/>
</head>
<body>
  <div class='ocr_page' id='page_1' title='image "./operaomniaaccura07auguuoft_0065.png"; bbox 0 0 1833 3284; ppageno 0'>
   <div class='ocr_carea' id='block_1_1' title="bbox 389 195 1451 244">
    <p class='ocr_par' dir='ltr' id='par_1_1' title="bbox 389 195 1451 244">
     <span class='ocr_line' id='line_1_1' title="bbox 389 195 1451 244; baseline 0.002 -12"><span class='ocrx_word' id='word_1_1' title='bbox 389 204 733 234; x_wconf 76' lang='lat' dir='ltr'><strong>ANNOTATIONUM</strong></span> <span class='ocrx_word' id='word_1_2' title='bbox 766 207 811 233; x_wconf 68' lang='lat' dir='ltr'>nv</span> <span class='ocrx_word' id='word_1_3' title='bbox 843 207 943 244; x_wconf 77' lang='lat' dir='ltr'>son,</span> <span class='ocrx_word' id='word_1_4' title='bbox 979 207 1117 235; x_wconf 74' lang='lat' dir='ltr'><strong>LIBER.</strong></span> <span class='ocrx_word' id='word_1_5' title='bbox 1398 195 1451 234; x_wconf 85' lang='lat'>55</span> 
     </span>
    </p>
   </div>
   <div class='ocr_carea' id='block_1_2' title="bbox 53 270 1452 2466">
    <p class='ocr_par' dir='ltr' id='par_1_2' title="bbox 53 270 1452 2466">
     <span class='ocr_line' id='line_1_2' title="bbox 64 270 1450 332; baseline 0 -16"><span class='ocrx_word' id='word_1_6' title='bbox 64 287 153 332; x_wconf 88' lang='lat' dir='ltr'>quo</span> <span class='ocrx_word' id='word_1_7' title='bbox 175 270 447 331; x_wconf 84' lang='lat' dir='ltr'>perduceret.</span> <span class='ocrx_word' id='word_1_8' title='bbox 474 290 493 312; x_wconf 90' lang='lat'>«</span> <span class='ocrx_word' id='word_1_9' title='bbox 519 271 692 315; x_wconf 84' lang='lat' dir='ltr'>Invenit</span> <span class='ocrx_word' id='word_1_10' title='bbox 717 289 736 311; x_wconf 90' lang='lat'>»</span> <span class='ocrx_word' id='word_1_11' title='bbox 765 280 911 315; x_wconf 87' lang='lat' dir='ltr'>autem</span> <span class='ocrx_word' id='word_1_12' title='bbox 933 270 1066 327; x_wconf 80' lang='lat' dir='ltr'>dixit,</span> <span class='ocrx_word' id='word_1_13' title='bbox 1086 272 1288 317; x_wconf 86' lang='lat' dir='ltr'>instituit.</span> <span class='ocrx_word' id='word_1_14' title='bbox 1319 291 1339 314; x_wconf 88' lang='lat'>«</span> <span class='ocrx_word' id='word_1_15' title='bbox 1366 275 1450 316; x_wconf 88' lang='lat' dir='ltr'>La-</span> 
     </span>
     <span class='ocr_line' id='line_1_3' title="bbox 66 342 1451 403; baseline 0.002 -18"><span class='ocrx_word' id='word_1_16' title='bbox 66 361 88 385; x_wconf 85' lang='lat'>»</span> <span class='ocrx_word' id='word_1_17' title='bbox 122 343 188 402; x_wconf 88' lang='lat' dir='ltr'>pis</span> <span class='ocrx_word' id='word_1_18' title='bbox 201 343 394 387; x_wconf 81' lang='lat' dir='ltr'>tenebrae</span> <span class='ocrx_word' id='word_1_19' title='bbox 415 351 458 386; x_wconf 88' lang='lat' dir='ltr'>et</span> <span class='ocrx_word' id='word_1_20' title='bbox 471 342 626 386; x_wconf 86' lang='lat' dir='ltr'>umbra</span> <span class='ocrx_word' id='word_1_21' title='bbox 639 342 830 387; x_wconf 81' lang='lat' dir='ltr'>mortis¹.</span> <span class='ocrx_word' id='word_1_22' title='bbox 852 361 872 385; x_wconf 70' lang='lat' dir='ltr'>n</span> <span class='ocrx_word' id='word_1_23' title='bbox 903 362 922 385; x_wconf 89' lang='lat'>«</span> <span class='ocrx_word' id='word_1_24' title='bbox 943 344 1086 403; x_wconf 85' lang='lat' dir='ltr'>Lapis,</span> <span class='ocrx_word' id='word_1_25' title='bbox 1110 363 1130 385; x_wconf 75' lang='lat' dir='ltr'>n</span> <span class='ocrx_word' id='word_1_26' title='bbox 1157 343 1202 388; x_wconf 90' lang='lat' dir='ltr'>id</span> <span class='ocrx_word' id='word_1_27' title='bbox 1215 353 1294 399; x_wconf 80' lang='lat' dir='ltr'>est,</span> <span class='ocrx_word' id='word_1_28' title='bbox 1314 345 1451 389; x_wconf 83' lang='lat' dir='ltr'>Vetus</span> 
     </span>
     <span class='ocr_line' id='line_1_4' title="bbox 66 412 1450 470; baseline 0.001 -12"><span class='ocrx_word' id='word_1_29' title='bbox 66 415 416 467; x_wconf 86' lang='lat' dir='ltr'>Testamentum,</span> <span class='ocrx_word' id='word_1_30' title='bbox 446 412 636 457; x_wconf 88' lang='lat' dir='ltr'>tenebris</span> <span class='ocrx_word' id='word_1_31' title='bbox 663 421 707 457; x_wconf 89' lang='lat' dir='ltr'>et</span> <span class='ocrx_word' id='word_1_32' title='bbox 734 413 903 457; x_wconf 85' lang='lat' dir='ltr'>umbrae</span> <span class='ocrx_word' id='word_1_33' title='bbox 935 414 1087 458; x_wconf 90' lang='lat' dir='ltr'>mortis</span> <span class='ocrx_word' id='word_1_34' title='bbox 1114 414 1268 459; x_wconf 85' lang='lat' dir='ltr'>datum</span> <span class='ocrx_word' id='word_1_35' title='bbox 1290 423 1380 470; x_wconf 76' lang='lat' dir='ltr'>est,</span> <span class='ocrx_word' id='word_1_36' title='bbox 1404 414 1450 459; x_wconf 90' lang='lat' dir='ltr'>id</span> 
     </span>
     <span class='ocr_line' id='line_1_5' title="bbox 61 482 1449 544; baseline 0.001 -16"><span class='ocrx_word' id='word_1_37' title='bbox 61 493 125 528; x_wconf 86' lang='lat' dir='ltr'>est</span> <span class='ocrx_word' id='word_1_38' title='bbox 139 519 151 539; x_wconf 86' lang='lat'>‚</span> <span class='ocrx_word' id='word_1_39' title='bbox 176 482 365 528; x_wconf 77' lang='lat' dir='ltr'>carnalia</span> <span class='ocrx_word' id='word_1_40' title='bbox 387 483 653 528; x_wconf 85' lang='lat' dir='ltr'>sectantibus</span> <span class='ocrx_word' id='word_1_41' title='bbox 669 518 679 537; x_wconf 89' lang='lat'><strong>‚</strong></span> <span class='ocrx_word' id='word_1_42' title='bbox 719 484 916 544; x_wconf 88' lang='lat' dir='ltr'>quamvis</span> <span class='ocrx_word' id='word_1_43' title='bbox 951 484 1006 528; x_wconf 88' lang='lat' dir='ltr'>ab</span> <span class='ocrx_word' id='word_1_44' title='bbox 1028 500 1118 530; x_wconf 91' lang='lat' dir='ltr'>uno</span> <span class='ocrx_word' id='word_1_45' title='bbox 1139 488 1230 530; x_wconf 91' lang='lat' dir='ltr'>Deo</span> <span class='ocrx_word' id='word_1_46' title='bbox 1248 486 1343 530; x_wconf 86' lang='lat' dir='ltr'>haec</span> <span class='ocrx_word' id='word_1_47' title='bbox 1373 500 1449 529; x_wconf 89' lang='lat' dir='ltr'>ex—</span> 
     </span>
     <span class='ocr_line' id='line_1_6' title="bbox 62 553 1452 615; baseline 0.001 -17"><span class='ocrx_word' id='word_1_48' title='bbox 62 562 288 615; x_wconf 85' lang='lat' dir='ltr'>pectarent</span> <span class='ocrx_word' id='word_1_49' title='bbox 318 573 326 598; x_wconf 93' lang='lat'><strong>:</strong></span> <span class='ocrx_word' id='word_1_50' title='bbox 359 553 479 598; x_wconf 88' lang='lat' dir='ltr'>unde</span> <span class='ocrx_word' id='word_1_51' title='bbox 508 554 807 612; x_wconf 83' lang='lat' dir='ltr'>superbientes</span> <span class='ocrx_word' id='word_1_52' title='bbox 834 570 923 599; x_wconf 91' lang='lat' dir='ltr'>non</span> <span class='ocrx_word' id='word_1_53' title='bbox 955 554 1261 600; x_wconf 84' lang='lat' dir='ltr'>discindebant</span> <span class='ocrx_word' id='word_1_54' title='bbox 1280 563 1452 600; x_wconf 89' lang='lat' dir='ltr'>torren-</span> 
     </span>
     <span class='ocr_line' id='line_1_7' title="bbox 61 624 1452 686; baseline 0.001 -16"><span class='ocrx_word' id='word_1_55' title='bbox 61 635 152 670; x_wconf 87' lang='lat' dir='ltr'>tem</span> <span class='ocrx_word' id='word_1_56' title='bbox 166 660 177 681; x_wconf 83' lang='lat'>‚</span> <span class='ocrx_word' id='word_1_57' title='bbox 213 624 260 669; x_wconf 88' lang='lat' dir='ltr'>id</span> <span class='ocrx_word' id='word_1_58' title='bbox 281 634 370 680; x_wconf 79' lang='lat' dir='ltr'>est,</span> <span class='ocrx_word' id='word_1_59' title='bbox 394 640 485 669; x_wconf 90' lang='lat' dir='ltr'>non</span> <span class='ocrx_word' id='word_1_60' title='bbox 514 625 757 669; x_wconf 82' lang='lat' dir='ltr'>transibant</span> <span class='ocrx_word' id='word_1_61' title='bbox 780 641 856 685; x_wconf 89' lang='lat' dir='ltr'>per</span> <span class='ocrx_word' id='word_1_62' title='bbox 876 625 1046 685; x_wconf 83' lang='lat' dir='ltr'>lapsum</span> <span class='ocrx_word' id='word_1_63' title='bbox 1065 625 1374 686; x_wconf 86' lang='lat' dir='ltr'>temporalium</span> <span class='ocrx_word' id='word_1_64' title='bbox 1395 627 1452 671; x_wconf 88' lang='lat' dir='ltr'>ad</span> 
     </span>
     <span class='ocr_line' id='line_1_8' title="bbox 61 695 1452 757; baseline 0.001 -17"><span class='ocrx_word' id='word_1_65' title='bbox 61 696 253 757; x_wconf 86' lang='lat' dir='ltr'>aliquam</span> <span class='ocrx_word' id='word_1_66' title='bbox 274 695 534 741; x_wconf 78' lang='lat' dir='ltr'>soliditatem</span> <span class='ocrx_word' id='word_1_67' title='bbox 550 731 561 751; x_wconf 76' lang='lat'>‚</span> <span class='ocrx_word' id='word_1_68' title='bbox 586 697 660 741; x_wconf 90' lang='lat' dir='ltr'>sed</span> <span class='ocrx_word' id='word_1_69' title='bbox 676 697 769 756; x_wconf 88' lang='lat' dir='ltr'>ipso</span> <span class='ocrx_word' id='word_1_70' title='bbox 783 697 906 756; x_wconf 86' lang='lat' dir='ltr'>lapsu</span> <span class='ocrx_word' id='word_1_71' title='bbox 923 696 1189 742; x_wconf 85' lang='lat' dir='ltr'>ferebantur.</span> <span class='ocrx_word' id='word_1_72' title='bbox 1217 717 1237 740; x_wconf 87' lang='lat'>«</span> <span class='ocrx_word' id='word_1_73' title='bbox 1261 701 1319 742; x_wconf 92' lang='lat' dir='ltr'>Et</span> <span class='ocrx_word' id='word_1_74' title='bbox 1340 697 1452 742; x_wconf 82' lang='lat' dir='ltr'>facta</span> 
     </span>
     <span class='ocr_line' id='line_1_9' title="bbox 62 766 1452 823; baseline 0.002 -13"><span class='ocrx_word' id='word_1_75' title='bbox 62 785 84 809; x_wconf 87' lang='lat'>»</span> <span class='ocrx_word' id='word_1_76' title='bbox 119 776 184 811; x_wconf 89' lang='lat' dir='ltr'>est</span> <span class='ocrx_word' id='word_1_77' title='bbox 198 766 389 811; x_wconf 87' lang='lat' dir='ltr'>discissio</span> <span class='ocrx_word' id='word_1_78' title='bbox 403 767 607 811; x_wconf 87' lang='lat' dir='ltr'>torrentis</span> <span class='ocrx_word' id='word_1_79' title='bbox 630 783 653 811; x_wconf 91' lang='lat' dir='ltr'>a</span> <span class='ocrx_word' id='word_1_80' title='bbox 675 768 817 811; x_wconf 89' lang='lat' dir='ltr'>cinere</span> <span class='ocrx_word' id='word_1_81' title='bbox 832 771 849 794; x_wconf 67' lang='lat'>‘²</span> <span class='ocrx_word' id='word_1_82' title='bbox 875 787 884 812; x_wconf 89' lang='lat'>:</span> <span class='ocrx_word' id='word_1_83' title='bbox 910 785 930 808; x_wconf 70' lang='lat'>&gt;³</span> <span class='ocrx_word' id='word_1_84' title='bbox 950 768 1035 812; x_wconf 92' lang='lat' dir='ltr'>hoc</span> <span class='ocrx_word' id='word_1_85' title='bbox 1052 778 1115 812; x_wconf 89' lang='lat' dir='ltr'>est</span> <span class='ocrx_word' id='word_1_86' title='bbox 1132 804 1143 823; x_wconf 80' lang='lat'><strong><em>,</em></strong></span> <span class='ocrx_word' id='word_1_87' title='bbox 1170 784 1192 812; x_wconf 91' lang='lat' dir='ltr'>a</span> <span class='ocrx_word' id='word_1_88' title='bbox 1215 769 1452 813; x_wconf 88' lang='lat' dir='ltr'>confitente</span> 
     </span>
     <span class='ocr_line' id='line_1_10' title="bbox 59 836 1452 899; baseline 0.001 -17"><span class='ocrx_word' id='word_1_89' title='bbox 59 847 238 898; x_wconf 87' lang='lat' dir='ltr'>peccata</span> <span class='ocrx_word' id='word_1_90' title='bbox 260 853 337 883; x_wconf 90' lang='lat' dir='ltr'>sua</span> <span class='ocrx_word' id='word_1_91' title='bbox 351 873 363 893; x_wconf 93' lang='lat'><strong>‚</strong></span> <span class='ocrx_word' id='word_1_92' title='bbox 383 847 426 882; x_wconf 90' lang='lat' dir='ltr'>et</span> <span class='ocrx_word' id='word_1_93' title='bbox 439 853 530 882; x_wconf 92' lang='lat' dir='ltr'>non</span> <span class='ocrx_word' id='word_1_94' title='bbox 546 837 825 897; x_wconf 84' lang='lat' dir='ltr'>superbiente</span> <span class='ocrx_word' id='word_1_95' title='bbox 847 836 901 881; x_wconf 92' lang='lat' dir='ltr'>de</span> <span class='ocrx_word' id='word_1_96' title='bbox 916 838 1079 883; x_wconf 85' lang='lat' dir='ltr'>meritis</span> <span class='ocrx_word' id='word_1_97' title='bbox 1098 854 1281 898; x_wconf 89' lang='lat' dir='ltr'>operum</span> <span class='ocrx_word' id='word_1_98' title='bbox 1300 858 1308 884; x_wconf 80' lang='lat' dir='ltr'><strong><em>z</em></strong></span> <span class='ocrx_word' id='word_1_99' title='bbox 1330 839 1452 899; x_wconf 89' lang='lat' dir='ltr'>quod</span> 
     </span>
     <span class='ocr_line' id='line_1_11' title="bbox 59 908 1452 968; baseline 0 -15"><span class='ocrx_word' id='word_1_100' title='bbox 59 908 227 953; x_wconf 84' lang='lat' dir='ltr'>factum</span> <span class='ocrx_word' id='word_1_101' title='bbox 249 917 314 952; x_wconf 89' lang='lat' dir='ltr'>est</span> <span class='ocrx_word' id='word_1_102' title='bbox 335 923 411 968; x_wconf 89' lang='lat' dir='ltr'>per</span> <span class='ocrx_word' id='word_1_103' title='bbox 433 909 614 967; x_wconf 84' lang='lat' dir='ltr'>gratiam</span> <span class='ocrx_word' id='word_1_104' title='bbox 635 908 746 954; x_wconf 87' lang='lat' dir='ltr'>Novi</span> <span class='ocrx_word' id='word_1_105' title='bbox 769 909 1047 953; x_wconf 86' lang='lat' dir='ltr'>Testamenti.</span> <span class='ocrx_word' id='word_1_106' title='bbox 1084 928 1105 950; x_wconf 89' lang='lat'>«</span> <span class='ocrx_word' id='word_1_107' title='bbox 1129 908 1329 953; x_wconf 85' lang='lat' dir='ltr'>Discissio</span> <span class='ocrx_word' id='word_1_108' title='bbox 1363 918 1452 955; x_wconf 80' lang='lat' dir='ltr'>tor-</span> 
     </span>
     <span class='ocr_line' id='line_1_12' title="bbox 61 979 1450 1026; baseline 0.004 -5"><span class='ocrx_word' id='word_1_109' title='bbox 61 999 82 1021; x_wconf 86' lang='lat'>»</span> <span class='ocrx_word' id='word_1_110' title='bbox 117 980 250 1024; x_wconf 88' lang='lat' dir='ltr'>rentis</span> <span class='ocrx_word' id='word_1_111' title='bbox 268 979 474 1024; x_wconf 85' lang='lat' dir='ltr'>acinere:</span> <span class='ocrx_word' id='word_1_112' title='bbox 502 998 522 1021; x_wconf 73' lang='lat' dir='ltr'>n</span> <span class='ocrx_word' id='word_1_113' title='bbox 549 980 605 1024; x_wconf 89' lang='lat' dir='ltr'>ab</span> <span class='ocrx_word' id='word_1_114' title='bbox 628 980 896 1025; x_wconf 90' lang='lat' dir='ltr'>hominibus.</span> <span class='ocrx_word' id='word_1_115' title='bbox 922 999 941 1021; x_wconf 85' lang='lat'>«</span> <span class='ocrx_word' id='word_1_116' title='bbox 967 983 1024 1025; x_wconf 91' lang='lat' dir='ltr'>Et</span> <span class='ocrx_word' id='word_1_117' title='bbox 1044 981 1252 1026; x_wconf 89' lang='lat' dir='ltr'>commoti</span> <span class='ocrx_word' id='word_1_118' title='bbox 1274 990 1375 1025; x_wconf 89' lang='lat' dir='ltr'>sunt</span> <span class='ocrx_word' id='word_1_119' title='bbox 1395 982 1450 1026; x_wconf 89' lang='lat' dir='ltr'>ab</span> 
     </span>
     <span class='ocr_line' id='line_1_13' title="bbox 60 1049 1451 1111; baseline 0.003 -19"><span class='ocrx_word' id='word_1_120' title='bbox 60 1067 82 1092; x_wconf 84' lang='lat'>»</span> <span class='ocrx_word' id='word_1_121' title='bbox 117 1051 370 1096; x_wconf 90' lang='lat' dir='ltr'>hominibus</span> <span class='ocrx_word' id='word_1_122' title='bbox 400 1071 409 1096; x_wconf 92' lang='lat'>:</span> <span class='ocrx_word' id='word_1_123' title='bbox 437 1069 457 1092; x_wconf 86' lang='lat'>»</span> <span class='ocrx_word' id='word_1_124' title='bbox 501 1049 782 1095; x_wconf 87' lang='lat' dir='ltr'>adulantibus</span> <span class='ocrx_word' id='word_1_125' title='bbox 818 1066 909 1096; x_wconf 90' lang='lat' dir='ltr'>non</span> <span class='ocrx_word' id='word_1_126' title='bbox 940 1051 1194 1111; x_wconf 88' lang='lat' dir='ltr'>increpante</span> <span class='ocrx_word' id='word_1_127' title='bbox 1231 1055 1349 1107; x_wconf 84' lang='lat' dir='ltr'>Deo,</span> <span class='ocrx_word' id='word_1_128' title='bbox 1395 1053 1451 1097; x_wconf 89' lang='lat' dir='ltr'>ab</span> 
     </span>
     <span class='ocr_line' id='line_1_14' title="bbox 57 1121 1447 1183; baseline 0.001 -18"><span class='ocrx_word' id='word_1_129' title='bbox 57 1121 149 1181; x_wconf 85' lang='lat' dir='ltr'>ipsa</span> <span class='ocrx_word' id='word_1_130' title='bbox 163 1123 196 1177; x_wconf 78' lang='lat'>³,</span> <span class='ocrx_word' id='word_1_131' title='bbox 217 1137 316 1182; x_wconf 86' lang='lat' dir='ltr'>quae</span> <span class='ocrx_word' id='word_1_132' title='bbox 338 1122 398 1166; x_wconf 90' lang='lat' dir='ltr'>eis</span> <span class='ocrx_word' id='word_1_133' title='bbox 425 1122 633 1182; x_wconf 86' lang='lat' dir='ltr'>promissa</span> <span class='ocrx_word' id='word_1_134' title='bbox 655 1131 780 1166; x_wconf 86' lang='lat' dir='ltr'>erant</span> <span class='ocrx_word' id='word_1_135' title='bbox 797 1121 1022 1182; x_wconf 89' lang='lat' dir='ltr'>perdendo</span> <span class='ocrx_word' id='word_1_136' title='bbox 1044 1123 1281 1183; x_wconf 88' lang='lat' dir='ltr'>primatum</span> <span class='ocrx_word' id='word_1_137' title='bbox 1303 1139 1447 1167; x_wconf 90' lang='lat' dir='ltr'>suum.</span> 
     </span>
     <span class='ocr_line' id='line_1_15' title="bbox 61 1193 1448 1255; baseline 0.002 -19"><span class='ocrx_word' id='word_1_138' title='bbox 61 1212 83 1236; x_wconf 88' lang='lat'>«</span> <span class='ocrx_word' id='word_1_139' title='bbox 119 1196 249 1238; x_wconf 86' lang='lat' dir='ltr'>Terra</span> <span class='ocrx_word' id='word_1_140' title='bbox 279 1193 334 1238; x_wconf 87' lang='lat' dir='ltr'>de</span> <span class='ocrx_word' id='word_1_141' title='bbox 359 1210 447 1255; x_wconf 89' lang='lat' dir='ltr'>qua</span> <span class='ocrx_word' id='word_1_142' title='bbox 484 1208 676 1252; x_wconf 82' lang='lat' dir='ltr'>egressus</span> <span class='ocrx_word' id='word_1_143' title='bbox 697 1203 761 1238; x_wconf 91' lang='lat' dir='ltr'>est</span> <span class='ocrx_word' id='word_1_144' title='bbox 780 1195 904 1254; x_wconf 87' lang='lat' dir='ltr'>panis</span> <span class='ocrx_word' id='word_1_145' title='bbox 923 1196 938 1219; x_wconf 66' lang='lat'><em>4</em></span> <span class='ocrx_word' id='word_1_146' title='bbox 973 1214 981 1239; x_wconf 88' lang='lat'>:</span> <span class='ocrx_word' id='word_1_147' title='bbox 1011 1213 1031 1237; x_wconf 91' lang='lat'>»</span> <span class='ocrx_word' id='word_1_148' title='bbox 1063 1194 1417 1240; x_wconf 89' lang='lat' dir='ltr'>subaudiendum</span> <span class='ocrx_word' id='word_1_149' title='bbox 1432 1231 1448 1251; x_wconf 85' lang='lat'><em>,</em></span> 
     </span>
     <span class='ocr_line' id='line_1_16' title="bbox 58 1264 1450 1326; baseline 0.001 -17"><span class='ocrx_word' id='word_1_150' title='bbox 58 1268 177 1325; x_wconf 87' lang='lat' dir='ltr'>Ipsos</span> <span class='ocrx_word' id='word_1_151' title='bbox 199 1264 297 1309; x_wconf 78' lang='lat' dir='ltr'>dico</span> <span class='ocrx_word' id='word_1_152' title='bbox 313 1273 554 1310; x_wconf 89' lang='lat' dir='ltr'>commotos</span> <span class='ocrx_word' id='word_1_153' title='bbox 575 1264 630 1309; x_wconf 88' lang='lat' dir='ltr'>de</span> <span class='ocrx_word' id='word_1_154' title='bbox 652 1264 811 1325; x_wconf 87' lang='lat' dir='ltr'>quibus</span> <span class='ocrx_word' id='word_1_155' title='bbox 826 1300 837 1320; x_wconf 84' lang='lat'><strong>,</strong></span> <span class='ocrx_word' id='word_1_156' title='bbox 863 1274 1073 1326; x_wconf 85' lang='lat' dir='ltr'>tanquam</span> <span class='ocrx_word' id='word_1_157' title='bbox 1090 1266 1145 1310; x_wconf 89' lang='lat' dir='ltr'>de</span> <span class='ocrx_word' id='word_1_158' title='bbox 1163 1275 1275 1310; x_wconf 87' lang='lat' dir='ltr'>terra</span> <span class='ocrx_word' id='word_1_159' title='bbox 1289 1302 1300 1322; x_wconf 79' lang='grc'>,</span> <span class='ocrx_word' id='word_1_160' title='bbox 1325 1267 1450 1326; x_wconf 87' lang='lat' dir='ltr'>panis</span> 
     </span>
     <span class='ocr_line' id='line_1_17' title="bbox 55 1335 1449 1382; baseline 0.001 -3"><span class='ocrx_word' id='word_1_161' title='bbox 55 1335 231 1380; x_wconf 90' lang='lat' dir='ltr'>Domini</span> <span class='ocrx_word' id='word_1_162' title='bbox 263 1336 380 1380; x_wconf 87' lang='lat' dir='ltr'>exiit.</span> <span class='ocrx_word' id='word_1_163' title='bbox 424 1354 444 1378; x_wconf 83' lang='lat'>«</span> <span class='ocrx_word' id='word_1_164' title='bbox 468 1338 526 1380; x_wconf 90' lang='lat' dir='ltr'>Et</span> <span class='ocrx_word' id='word_1_165' title='bbox 546 1351 641 1380; x_wconf 90' lang='lat' dir='ltr'>eam</span> <span class='ocrx_word' id='word_1_166' title='bbox 664 1337 920 1381; x_wconf 89' lang='lat' dir='ltr'>incensurus</span> <span class='ocrx_word' id='word_1_167' title='bbox 942 1346 1007 1382; x_wconf 87' lang='lat' dir='ltr'>est</span> <span class='ocrx_word' id='word_1_168' title='bbox 1031 1357 1039 1382; x_wconf 82' lang='lat'>2</span> <span class='ocrx_word' id='word_1_169' title='bbox 1066 1356 1086 1378; x_wconf 85' lang='lat'>»</span> <span class='ocrx_word' id='word_1_170' title='bbox 1114 1337 1337 1382; x_wconf 83' lang='lat' dir='ltr'>infidelem</span> <span class='ocrx_word' id='word_1_171' title='bbox 1359 1354 1449 1382; x_wconf 84' lang='lat' dir='ltr'>coe-</span> 
     </span>
     <span class='ocr_line' id='line_1_18' title="bbox 55 1406 1446 1469; baseline 0.001 -19"><span class='ocrx_word' id='word_1_172' title='bbox 55 1407 150 1451; x_wconf 90' lang='lat' dir='ltr'>lesti</span> <span class='ocrx_word' id='word_1_173' title='bbox 171 1406 339 1467; x_wconf 87' lang='lat' dir='ltr'>judicio</span> <span class='ocrx_word' id='word_1_174' title='bbox 364 1406 590 1451; x_wconf 88' lang='lat' dir='ltr'>Dominus.</span> <span class='ocrx_word' id='word_1_175' title='bbox 627 1426 647 1449; x_wconf 89' lang='lat'>«</span> <span class='ocrx_word' id='word_1_176' title='bbox 673 1410 814 1452; x_wconf 89' lang='lat' dir='ltr'>Locus</span> <span class='ocrx_word' id='word_1_177' title='bbox 846 1408 1038 1467; x_wconf 85' lang='lat' dir='ltr'>sapphiri</span> <span class='ocrx_word' id='word_1_178' title='bbox 1078 1407 1246 1468; x_wconf 88' lang='lat' dir='ltr'>lapides</span> <span class='ocrx_word' id='word_1_179' title='bbox 1275 1410 1365 1469; x_wconf 85' lang='lat' dir='ltr'>ejus</span> <span class='ocrx_word' id='word_1_180' title='bbox 1392 1428 1401 1453; x_wconf 78' lang='lat' dir='ltr'><em>z</em></span> <span class='ocrx_word' id='word_1_181' title='bbox 1428 1429 1446 1451; x_wconf 73' lang='grc' dir='ltr'>ι)</span> 
     </span>
     <span class='ocr_line' id='line_1_19' title="bbox 55 1478 1450 1539; baseline 0 -15"><span class='ocrx_word' id='word_1_182' title='bbox 55 1479 185 1534; x_wconf 82' lang='lat' dir='ltr'>ordo,</span> <span class='ocrx_word' id='word_1_183' title='bbox 210 1479 333 1524; x_wconf 89' lang='lat' dir='ltr'>locus</span> <span class='ocrx_word' id='word_1_184' title='bbox 361 1479 578 1538; x_wconf 79' lang='lat' dir='ltr'>sapphiri,</span> <span class='ocrx_word' id='word_1_185' title='bbox 603 1478 650 1523; x_wconf 89' lang='lat' dir='ltr'>id</span> <span class='ocrx_word' id='word_1_186' title='bbox 670 1488 760 1534; x_wconf 80' lang='lat' dir='ltr'>est,</span> <span class='ocrx_word' id='word_1_187' title='bbox 785 1480 961 1539; x_wconf 86' lang='lat' dir='ltr'>pretiosi</span> <span class='ocrx_word' id='word_1_188' title='bbox 985 1489 1028 1524; x_wconf 85' lang='lat' dir='ltr'>et</span> <span class='ocrx_word' id='word_1_189' title='bbox 1050 1480 1278 1524; x_wconf 87' lang='lat' dir='ltr'>necessarii</span> <span class='ocrx_word' id='word_1_190' title='bbox 1311 1480 1450 1524; x_wconf 83' lang='lat' dir='ltr'>aedifi-</span> 
     </span>
     <span class='ocr_line' id='line_1_20' title="bbox 55 1549 1449 1609; baseline 0 -15"><span class='ocrx_word' id='word_1_191' title='bbox 55 1551 122 1595; x_wconf 91' lang='lat' dir='ltr'>cio</span> <span class='ocrx_word' id='word_1_192' title='bbox 150 1550 333 1595; x_wconf 88' lang='lat' dir='ltr'>civitatis</span> <span class='ocrx_word' id='word_1_193' title='bbox 354 1549 555 1594; x_wconf 82' lang='lat' dir='ltr'>coelestis.</span> <span class='ocrx_word' id='word_1_194' title='bbox 585 1553 682 1594; x_wconf 89' lang='lat' dir='ltr'>«Et</span> <span class='ocrx_word' id='word_1_195' title='bbox 714 1565 889 1609; x_wconf 80' lang='lat' dir='ltr'>aggeres</span> <span class='ocrx_word' id='word_1_196' title='bbox 919 1566 1074 1594; x_wconf 87' lang='lat' dir='ltr'>aurum</span> <span class='ocrx_word' id='word_1_197' title='bbox 1091 1552 1154 1594; x_wconf 87' lang='lat' dir='ltr'>ei:</span> <span class='ocrx_word' id='word_1_198' title='bbox 1184 1568 1204 1591; x_wconf 85' lang='lat'>»</span> <span class='ocrx_word' id='word_1_199' title='bbox 1231 1566 1387 1595; x_wconf 91' lang='lat' dir='ltr'>aurum</span> <span class='ocrx_word' id='word_1_200' title='bbox 1409 1552 1449 1595; x_wconf 90' lang='lat' dir='ltr'>ei</span> 
     </span>
     <span class='ocr_line' id='line_1_21' title="bbox 55 1616 1449 1682; baseline 0.001 -16"><span class='ocrx_word' id='word_1_201' title='bbox 55 1616 145 1666; x_wconf 85' lang='lat' dir='ltr'>non</span> <span class='ocrx_word' id='word_1_202' title='bbox 167 1620 390 1666; x_wconf 88' lang='lat' dir='ltr'>modicum</span> <span class='ocrx_word' id='word_1_203' title='bbox 409 1630 488 1677; x_wconf 85' lang='lat' dir='ltr'>est,</span> <span class='ocrx_word' id='word_1_204' title='bbox 510 1621 587 1665; x_wconf 91' lang='lat' dir='ltr'>sed</span> <span class='ocrx_word' id='word_1_205' title='bbox 604 1636 798 1680; x_wconf 84' lang='lat' dir='ltr'>aggeres.</span> <span class='ocrx_word' id='word_1_206' title='bbox 821 1621 1060 1666; x_wconf 89' lang='lat' dir='ltr'>«Semitam</span> <span class='ocrx_word' id='word_1_207' title='bbox 1077 1637 1211 1682; x_wconf 87' lang='lat' dir='ltr'>quam</span> <span class='ocrx_word' id='word_1_208' title='bbox 1232 1637 1322 1666; x_wconf 89' lang='lat' dir='ltr'>non</span> <span class='ocrx_word' id='word_1_209' title='bbox 1344 1638 1449 1681; x_wconf 87' lang='lat' dir='ltr'>cog-</span> 
     </span>
     <span class='ocr_line' id='line_1_22' title="bbox 56 1692 1448 1739; baseline 0.003 -5"><span class='ocrx_word' id='word_1_210' title='bbox 56 1711 78 1735; x_wconf 88' lang='lat'>»</span> <span class='ocrx_word' id='word_1_211' title='bbox 113 1693 234 1738; x_wconf 81' lang='lat' dir='ltr'>novit</span> <span class='ocrx_word' id='word_1_212' title='bbox 272 1694 359 1738; x_wconf 88' lang='lat' dir='ltr'>avis</span> <span class='ocrx_word' id='word_1_213' title='bbox 392 1712 401 1738; x_wconf 73' lang='grc' dir='ltr'><strong>ι</strong></span> <span class='ocrx_word' id='word_1_214' title='bbox 435 1711 455 1735; x_wconf 92' lang='lat'>»</span> <span class='ocrx_word' id='word_1_215' title='bbox 488 1692 781 1737; x_wconf 88' lang='lat' dir='ltr'>humilitatem</span> <span class='ocrx_word' id='word_1_216' title='bbox 816 1693 1005 1737; x_wconf 86' lang='lat' dir='ltr'>Domini.</span> <span class='ocrx_word' id='word_1_217' title='bbox 1052 1695 1180 1738; x_wconf 90' lang='lat' dir='ltr'>«Nec</span> <span class='ocrx_word' id='word_1_218' title='bbox 1215 1693 1324 1738; x_wconf 88' lang='lat' dir='ltr'>vidit</span> <span class='ocrx_word' id='word_1_219' title='bbox 1352 1710 1448 1739; x_wconf 89' lang='lat' dir='ltr'>eam</span> 
     </span>
     <span class='ocr_line' id='line_1_23' title="bbox 57 1761 1448 1824; baseline 0.003 -19"><span class='ocrx_word' id='word_1_220' title='bbox 57 1781 79 1805; x_wconf 88' lang='lat'>»</span> <span class='ocrx_word' id='word_1_221' title='bbox 114 1763 268 1809; x_wconf 89' lang='lat' dir='ltr'>oculus</span> <span class='ocrx_word' id='word_1_222' title='bbox 293 1764 478 1808; x_wconf 85' lang='lat' dir='ltr'>vulturis</span> <span class='ocrx_word' id='word_1_223' title='bbox 515 1783 524 1808; x_wconf 91' lang='lat'>:</span> <span class='ocrx_word' id='word_1_224' title='bbox 553 1781 573 1805; x_wconf 85' lang='lat'>»</span> <span class='ocrx_word' id='word_1_225' title='bbox 599 1761 779 1807; x_wconf 87' lang='lat' dir='ltr'>diaboli.</span> <span class='ocrx_word' id='word_1_226' title='bbox 820 1766 955 1808; x_wconf 89' lang='lat' dir='ltr'>«Non</span> <span class='ocrx_word' id='word_1_227' title='bbox 990 1764 1145 1809; x_wconf 85' lang='lat' dir='ltr'>transit</span> <span class='ocrx_word' id='word_1_228' title='bbox 1182 1779 1312 1824; x_wconf 86' lang='lat' dir='ltr'>super</span> <span class='ocrx_word' id='word_1_229' title='bbox 1351 1780 1448 1809; x_wconf 90' lang='lat' dir='ltr'>eam</span> 
     </span>
     <span class='ocr_line' id='line_1_24' title="bbox 57 1834 1450 1895; baseline 0.004 -19"><span class='ocrx_word' id='word_1_230' title='bbox 57 1852 79 1877; x_wconf 86' lang='lat'>»</span> <span class='ocrx_word' id='word_1_231' title='bbox 112 1835 182 1880; x_wconf 85' lang='lat' dir='ltr'>leo</span> <span class='ocrx_word' id='word_1_232' title='bbox 207 1855 216 1880; x_wconf 76' lang='grc' dir='ltr'>ι</span> <span class='ocrx_word' id='word_1_233' title='bbox 243 1853 264 1877; x_wconf 72' lang='lat' dir='ltr'>n</span> <span class='ocrx_word' id='word_1_234' title='bbox 296 1851 375 1895; x_wconf 87' lang='lat' dir='ltr'>per</span> <span class='ocrx_word' id='word_1_235' title='bbox 395 1834 701 1880; x_wconf 87' lang='lat' dir='ltr'>fortitudinem</span> <span class='ocrx_word' id='word_1_236' title='bbox 720 1835 990 1894; x_wconf 86' lang='lat' dir='ltr'>superbiens.</span> <span class='ocrx_word' id='word_1_237' title='bbox 1019 1839 1106 1880; x_wconf 92' lang='lat' dir='ltr'>«In</span> <span class='ocrx_word' id='word_1_238' title='bbox 1128 1835 1358 1881; x_wconf 83' lang='lat' dir='ltr'>durissimo</span> <span class='ocrx_word' id='word_1_239' title='bbox 1386 1836 1450 1881; x_wconf 90' lang='lat' dir='ltr'>la-</span> 
     </span>
     <span class='ocr_line' id='line_1_25' title="bbox 56 1906 1450 1967; baseline 0.003 -18"><span class='ocrx_word' id='word_1_240' title='bbox 56 1925 78 1949; x_wconf 89' lang='lat'>»</span> <span class='ocrx_word' id='word_1_241' title='bbox 112 1906 216 1967; x_wconf 84' lang='lat' dir='ltr'>pide</span> <span class='ocrx_word' id='word_1_242' title='bbox 241 1906 437 1952; x_wconf 89' lang='lat' dir='ltr'>extendit</span> <span class='ocrx_word' id='word_1_243' title='bbox 463 1922 644 1952; x_wconf 90' lang='lat' dir='ltr'>manum</span> <span class='ocrx_word' id='word_1_244' title='bbox 675 1909 842 1951; x_wconf 81' lang='lat' dir='ltr'>suam5.</span> <span class='ocrx_word' id='word_1_245' title='bbox 881 1911 1041 1952; x_wconf 89' lang='lat' dir='ltr'>Potens</span> <span class='ocrx_word' id='word_1_246' title='bbox 1074 1917 1138 1952; x_wconf 90' lang='lat' dir='ltr'>est</span> <span class='ocrx_word' id='word_1_247' title='bbox 1179 1908 1296 1952; x_wconf 90' lang='lat' dir='ltr'>enim</span> <span class='ocrx_word' id='word_1_248' title='bbox 1335 1911 1450 1953; x_wconf 90' lang='lat' dir='ltr'>Deus</span> 
     </span>
     <span class='ocr_line' id='line_1_26' title="bbox 56 1977 1450 2038; baseline 0.004 -20"><span class='ocrx_word' id='word_1_249' title='bbox 56 1995 78 2019; x_wconf 70' lang='lat' dir='ltr'>n</span> <span class='ocrx_word' id='word_1_250' title='bbox 114 1980 169 2021; x_wconf 87' lang='lat' dir='ltr'>de</span> <span class='ocrx_word' id='word_1_251' title='bbox 193 1977 413 2037; x_wconf 87' lang='lat' dir='ltr'>lapidibus</span> <span class='ocrx_word' id='word_1_252' title='bbox 450 1977 635 2022; x_wconf 85' lang='lat' dir='ltr'>excitare</span> <span class='ocrx_word' id='word_1_253' title='bbox 658 1977 767 2022; x_wconf 87' lang='lat' dir='ltr'>filios</span> <span class='ocrx_word' id='word_1_254' title='bbox 798 1977 1028 2022; x_wconf 63' lang='lat' dir='ltr'>Abrahae‘J.</span> <span class='ocrx_word' id='word_1_255' title='bbox 1061 1981 1118 2022; x_wconf 90' lang='lat' dir='ltr'>Et</span> <span class='ocrx_word' id='word_1_256' title='bbox 1149 1980 1262 2038; x_wconf 89' lang='lat' dir='ltr'>ripas</span> <span class='ocrx_word' id='word_1_257' title='bbox 1299 1979 1450 2023; x_wconf 86' lang='lat' dir='ltr'>flumi-</span> 
     </span>
     <span class='ocr_line' id='line_1_27' title="bbox 57 2047 1451 2108; baseline 0.004 -19"><span class='ocrx_word' id='word_1_258' title='bbox 57 2066 77 2089; x_wconf 87' lang='lat'>»</span> <span class='ocrx_word' id='word_1_259' title='bbox 113 2063 222 2092; x_wconf 90' lang='lat' dir='ltr'>num</span> <span class='ocrx_word' id='word_1_260' title='bbox 243 2047 430 2108; x_wconf 88' lang='lat' dir='ltr'>disrupit</span> <span class='ocrx_word' id='word_1_261' title='bbox 447 2067 455 2093; x_wconf 92' lang='lat'><strong>:</strong></span> <span class='ocrx_word' id='word_1_262' title='bbox 478 2066 498 2089; x_wconf 76' lang='lat' dir='ltr'>n</span> <span class='ocrx_word' id='word_1_263' title='bbox 520 2058 572 2092; x_wconf 92' lang='lat' dir='ltr'>ut</span> <span class='ocrx_word' id='word_1_264' title='bbox 587 2057 731 2093; x_wconf 90' lang='lat' dir='ltr'>totum</span> <span class='ocrx_word' id='word_1_265' title='bbox 749 2048 960 2107; x_wconf 86' lang='lat' dir='ltr'>irrigaret.</span> <span class='ocrx_word' id='word_1_266' title='bbox 988 2048 1192 2093; x_wconf 89' lang='lat' dir='ltr'>Flumina</span> <span class='ocrx_word' id='word_1_267' title='bbox 1210 2049 1326 2093; x_wconf 89' lang='lat' dir='ltr'>enim</span> <span class='ocrx_word' id='word_1_268' title='bbox 1343 2048 1451 2094; x_wconf 89' lang='lat' dir='ltr'>dicit</span> 
     </span>
     <span class='ocr_line' id='line_1_28' title="bbox 53 2118 1444 2180; baseline 0.001 -17"><span class='ocrx_word' id='word_1_269' title='bbox 53 2118 357 2179; x_wconf 84' lang='lat' dir='ltr'>praedicatores</span> <span class='ocrx_word' id='word_1_270' title='bbox 374 2119 511 2164; x_wconf 88' lang='lat' dir='ltr'>verbi.</span> <span class='ocrx_word' id='word_1_271' title='bbox 529 2119 775 2164; x_wconf 88' lang='lat' dir='ltr'>Voluerunt</span> <span class='ocrx_word' id='word_1_272' title='bbox 796 2120 960 2180; x_wconf 83' lang='lat' dir='ltr'>quippe</span> <span class='ocrx_word' id='word_1_273' title='bbox 983 2120 1084 2180; x_wconf 91' lang='lat' dir='ltr'>ripis</span> <span class='ocrx_word' id='word_1_274' title='bbox 1106 2120 1193 2164; x_wconf 92' lang='lat' dir='ltr'>suis</span> <span class='ocrx_word' id='word_1_275' title='bbox 1213 2121 1444 2176; x_wconf 86' lang='lat' dir='ltr'>contineri,</span> 
     </span>
     <span class='ocr_line' id='line_1_29' title="bbox 54 2191 1447 2252; baseline 0.001 -17"><span class='ocrx_word' id='word_1_276' title='bbox 54 2200 104 2235; x_wconf 93' lang='lat' dir='ltr'>ut</span> <span class='ocrx_word' id='word_1_277' title='bbox 138 2200 312 2236; x_wconf 89' lang='lat' dir='ltr'>tantum</span> <span class='ocrx_word' id='word_1_278' title='bbox 340 2191 657 2236; x_wconf 87' lang='lat' dir='ltr'>circumcisioni</span> <span class='ocrx_word' id='word_1_279' title='bbox 682 2191 985 2251; x_wconf 63' lang='lat' dir='ltr'>praedicarent.</span> <span class='ocrx_word' id='word_1_280' title='bbox 1016 2210 1035 2233; x_wconf 93' lang='lat'>«</span> <span class='ocrx_word' id='word_1_281' title='bbox 1061 2193 1202 2236; x_wconf 89' lang='lat' dir='ltr'>Omne</span> <span class='ocrx_word' id='word_1_282' title='bbox 1222 2207 1325 2237; x_wconf 89' lang='lat' dir='ltr'>vero</span> <span class='ocrx_word' id='word_1_283' title='bbox 1344 2208 1447 2252; x_wconf 88' lang='lat' dir='ltr'>pre-</span> 
     </span>
     <span class='ocr_line' id='line_1_30' title="bbox 57 2262 1445 2324; baseline 0.003 -20"><span class='ocrx_word' id='word_1_284' title='bbox 57 2281 78 2305; x_wconf 81' lang='lat'>»</span> <span class='ocrx_word' id='word_1_285' title='bbox 112 2264 272 2308; x_wconf 90' lang='lat' dir='ltr'>tiosum</span> <span class='ocrx_word' id='word_1_286' title='bbox 309 2262 419 2307; x_wconf 91' lang='lat' dir='ltr'>vidit</span> <span class='ocrx_word' id='word_1_287' title='bbox 450 2263 603 2308; x_wconf 88' lang='lat' dir='ltr'>oculus</span> <span class='ocrx_word' id='word_1_288' title='bbox 630 2265 778 2308; x_wconf 83' lang='lat' dir='ltr'>meus⁷</span> <span class='ocrx_word' id='word_1_289' title='bbox 805 2283 813 2307; x_wconf 92' lang='lat'>:</span> <span class='ocrx_word' id='word_1_290' title='bbox 841 2281 862 2304; x_wconf 88' lang='lat'>»</span> <span class='ocrx_word' id='word_1_291' title='bbox 898 2264 1132 2320; x_wconf 83' lang='lat' dir='ltr'>humanus,</span> <span class='ocrx_word' id='word_1_292' title='bbox 1157 2279 1236 2324; x_wconf 88' lang='lat' dir='ltr'>per</span> <span class='ocrx_word' id='word_1_293' title='bbox 1248 2264 1445 2308; x_wconf 88' lang='lat' dir='ltr'>Verbum</span> 
     </span>
     <span class='ocr_line' id='line_1_31' title="bbox 55 2332 1444 2379; baseline -0.002 -1"><span class='ocrx_word' id='word_1_294' title='bbox 55 2349 231 2379; x_wconf 88' lang='lat' dir='ltr'>carnem</span> <span class='ocrx_word' id='word_1_295' title='bbox 267 2332 448 2379; x_wconf 86' lang='lat' dir='ltr'>factum.</span> <span class='ocrx_word' id='word_1_296' title='bbox 493 2353 513 2376; x_wconf 94' lang='lat'>«</span> <span class='ocrx_word' id='word_1_297' title='bbox 552 2332 842 2379; x_wconf 75' lang='lat' dir='ltr'>Al&#39;titudinem</span> <span class='ocrx_word' id='word_1_298' title='bbox 884 2334 1116 2378; x_wconf 86' lang='lat' dir='ltr'>fluminum</span> <span class='ocrx_word' id='word_1_299' title='bbox 1161 2334 1379 2379; x_wconf 84' lang='lat' dir='ltr'>revelavit.</span> <span class='ocrx_word' id='word_1_300' title='bbox 1422 2352 1444 2375; x_wconf 84' lang='lat'>»</span> 
     </span>
     <span class='ocr_line' id='line_1_32' title="bbox 55 2404 1446 2466; baseline 0.001 -17"><span class='ocrx_word' id='word_1_301' title='bbox 55 2405 247 2450; x_wconf 88' lang='lat' dir='ltr'>Virtutes</span> <span class='ocrx_word' id='word_1_302' title='bbox 280 2404 496 2450; x_wconf 89' lang='lat' dir='ltr'>tolerandi</span> <span class='ocrx_word' id='word_1_303' title='bbox 527 2405 849 2466; x_wconf 86' lang='lat' dir='ltr'>persecutiones</span> <span class='ocrx_word' id='word_1_304' title='bbox 880 2405 926 2448; x_wconf 88' lang='lat' dir='ltr'>in</span> <span class='ocrx_word' id='word_1_305' title='bbox 949 2406 1159 2463; x_wconf 87' lang='lat' dir='ltr'>martyrio</span> <span class='ocrx_word' id='word_1_306' title='bbox 1185 2405 1369 2450; x_wconf 85' lang='lat' dir='ltr'>occultae</span> <span class='ocrx_word' id='word_1_307' title='bbox 1403 2414 1446 2449; x_wconf 87' lang='lat' dir='ltr'>et</span> 
     </span>
    </p>
   </div>
   <div class='ocr_carea' id='block_1_3' title="bbox 58 2500 1443 2600">
    <p class='ocr_par' dir='ltr' id='par_1_3' title="bbox 58 2500 1443 2600">
     <span class='ocr_line' id='line_1_33' title="bbox 102 2500 1443 2545; baseline -0.001 -12"><span class='ocrx_word' id='word_1_308' title='bbox 102 2503 110 2519; x_wconf 91' lang='lat'>¹</span> <span class='ocrx_word' id='word_1_309' title='bbox 131 2501 205 2534; x_wconf 83' lang='lat' dir='ltr'>Joh.</span> <span class='ocrx_word' id='word_1_310' title='bbox 226 2512 337 2544; x_wconf 76' lang='lat' dir='ltr'>xxviii,</span> <span class='ocrx_word' id='word_1_311' title='bbox 357 2502 389 2534; x_wconf 80' lang='lat'>3.</span> <span class='ocrx_word' id='word_1_312' title='bbox 412 2519 453 2524; x_wconf 89' lang='lat'>——</span> <span class='ocrx_word' id='word_1_313' title='bbox 483 2509 495 2524; x_wconf 81' lang='lat'>²</span> <span class='ocrx_word' id='word_1_314' title='bbox 520 2502 600 2534; x_wconf 82' lang='lat' dir='ltr'>Ibid.</span> <span class='ocrx_word' id='word_1_315' title='bbox 625 2501 656 2544; x_wconf 95' lang='lat'>4.</span> <span class='ocrx_word' id='word_1_316' title='bbox 679 2519 720 2525; x_wconf 92' lang='lat'>—·</span> <span class='ocrx_word' id='word_1_317' title='bbox 743 2500 756 2524; x_wconf 88' lang='lat'>3</span> <span class='ocrx_word' id='word_1_318' title='bbox 779 2504 874 2533; x_wconf 86' lang='lat' dir='ltr'>Forte</span> <span class='ocrx_word' id='word_1_319' title='bbox 899 2500 939 2532; x_wconf 73' lang='lat' dir='ltr'>ab</span> <span class='ocrx_word' id='word_1_320' title='bbox 960 2502 1045 2545; x_wconf 76' lang='lat' dir='ltr'>ipsa.</span> <span class='ocrx_word' id='word_1_321' title='bbox 1072 2520 1114 2525; x_wconf 87' lang='lat'>-—</span> <span class='ocrx_word' id='word_1_322' title='bbox 1140 2501 1245 2534; x_wconf 64' lang='grc'>4101).</span> <span class='ocrx_word' id='word_1_323' title='bbox 1269 2513 1384 2542; x_wconf 81' lang='lat' dir='ltr'>xxvm,</span> <span class='ocrx_word' id='word_1_324' title='bbox 1404 2502 1443 2533; x_wconf 82' lang='lat'>5.</span> 
     </span>
     <span class='ocr_line' id='line_1_34' title="bbox 58 2556 1072 2600; baseline 0.001 -12"><span class='ocrx_word' id='word_1_325' title='bbox 58 2574 99 2580; x_wconf 91' lang='lat'>·—·</span> <span class='ocrx_word' id='word_1_326' title='bbox 119 2556 132 2580; x_wconf 87' lang='lat'><em>5</em></span> <span class='ocrx_word' id='word_1_327' title='bbox 150 2558 232 2589; x_wconf 74' lang='lat' dir='ltr'>ibid.</span> <span class='ocrx_word' id='word_1_328' title='bbox 254 2559 323 2600; x_wconf 81' lang='grc'>6-9.</span> <span class='ocrx_word' id='word_1_329' title='bbox 348 2575 389 2580; x_wconf 84' lang='lat'>—</span> <span class='ocrx_word' id='word_1_330' title='bbox 409 2558 422 2577; x_wconf 72' lang='lat'>&#39;³</span> <span class='ocrx_word' id='word_1_331' title='bbox 443 2558 553 2589; x_wconf 60' lang='lat' dir='ltr'>Manli.</span> <span class='ocrx_word' id='word_1_332' title='bbox 576 2568 621 2599; x_wconf 73' lang='lat' dir='ltr'>in,</span> <span class='ocrx_word' id='word_1_333' title='bbox 649 2569 681 2599; x_wconf 71' lang='grc' dir='ltr'>ς).</span> <span class='ocrx_word' id='word_1_334' title='bbox 704 2575 744 2580; x_wconf 78' lang='lat'>—·</span> <span class='ocrx_word' id='word_1_335' title='bbox 764 2565 776 2590; x_wconf 73' lang='grc' dir='ltr'><em>Τ</em></span> <span class='ocrx_word' id='word_1_336' title='bbox 796 2557 867 2588; x_wconf 76' lang='grc' dir='ltr'>.1ιὼ.</span> <span class='ocrx_word' id='word_1_337' title='bbox 889 2569 998 2598; x_wconf 78' lang='lat' dir='ltr'>xxvm,</span> <span class='ocrx_word' id='word_1_338' title='bbox 1024 2569 1072 2590; x_wconf 77' lang='lat' dir='ltr'>io.</span> 
     </span>
    </p>
   </div>
  </div>
 </body>
</html>
