1833 3284
377 276 624 307 ENAmzA'mo
656 279 703 307 ιΝ
734 274 938 305 PSALMUM
969 275 1030 304 v1.
1316 260 1398 300 153

10 338 272 404 computatis
289 341 527 388 adventum
545 343 637 403 ejus
664 341 898 387 addiscere.
925 340 1009 385 Ubi
1027 339 1108 383 erit
1129 352 1231 397 ergo
1246 373 1257 394 ,
1278 338 1399 398 quod

8 430 90 466 nec
111 414 246 459 Filius
267 413 351 458 hoc
372 413 525 458 novit?
546 412 676 466 Quod
692 413 844 473 utique
862 411 962 456 idco
984 409 1152 455 dictum
1180 419 1265 465 est,
1296 409 1399 469 quia

7 499 88 544 per
114 483 275 528 Filium
295 483 492 528 homines
519 483 604 528 hoc
635 499 726 528 non
745 483 940 537 discunt,
965 496 1055 525 non
1073 478 1194 540 quod
1216 478 1334 539 apud
1355 493 1400 522 se

7 557 99 616 ipse
114 571 205 600 non
226 555 396 600 noverit
418 574 427 600 ε
457 555 701 600 secundum
721 554 840 599 illam
862 552 1132 598 locutionem
1155 570 1165 596 :
1194 569 1211 590 «
1242 553 1399 594 Tentat

12 645 31 668 »
65 641 140 671 vos
162 626 373 671 Dominus
389 628 504 671 Deus
526 634 683 681 vester,
708 634 758 669 ut
772 625 919 679 sciat&
938 622 1018 667 »id
1032 631 1116 677 est,
1138 620 1247 666 scire
1269 619 1400 665 faciat

7 712 105 755 vos3
134 706 203 753 et,
233 715 250 737 «
276 699 471 756 Exurge,
496 697 728 751 Domine²‚
756 716 772 738 »
798 694 844 740 id
866 703 929 738 est
947 729 958 749 ‚
983 693 1052 738 fac
1074 708 1152 737 nos
1172 706 1396 750 exurgere.

7 770 119 813 Cum
138 782 238 826 ergo
260 767 320 812 ita
349 768 520 812 dicatur
536 767 702 811 nescire
720 765 856 811 Filius
875 766 993 809 hunc
1016 764 1147 818 diem,
1166 778 1256 807 non
1278 761 1399 822 quod

5 838 194 894 nesciat,
218 837 294 882 sed
317 836 440 898 quod
461 837 625 882 nescire
647 836 778 881 faciat
800 850 872 880 eos
889 870 900 890 ‚
921 834 1083 896 quibus
1101 834 1185 878 hoc
1208 848 1299 876 non
1321 847 1399 875 ex-

5 909 128 970 pedit
149 909 256 954 scire
273 943 285 965 ‚
310 907 356 953 id
383 917 472 964 est,
497 924 588 953 non
610 909 668 953 eis
700 909 784 952 hoc
814 904 1016 951 ostendat
1038 924 1047 950 2
1073 903 1181 965 quid
1202 902 1284 947 sibi
1304 902 1401 948 vult

5 981 152 1025 nescio
174 995 275 1040 quae
306 979 617 1040 praesumptio,
645 993 744 1039 quae
771 977 893 1022 annis
926 975 1187 1036 computatis
1216 974 1401 1018 certissi-
1466 1012 1469 1014 .

6 1066 129 1096 mum
150 1060 293 1111 sperat
307 1060 405 1111 post
424 1059 591 1111 septem
613 1064 828 1094 annorum
849 1047 985 1092 millia
1007 1046 1124 1092 diem
1146 1045 1336 1090 Domini.

64 1124 123 1166 II.
148 1124 235 1167 Nos
256 1121 405 1180 igitur,
425 1119 546 1181 quod
566 1120 729 1164 nescire
751 1135 829 1163 nos
850 1118 1062 1163 Dominus
1084 1115 1240 1170 voluit,
1261 1114 1401 1159 liben-

6 1200 73 1236 ter
93 1192 335 1236 nesciamus
357 1211 366 1237 :
398 1200 442 1235 et
463 1205 709 1251 quaeramus
743 1188 851 1250 quid
879 1187 985 1233 velit
1014 1187 1095 1232 sibi
1117 1188 1196 1231 iste
1219 1185 1396 1239 titulus,

4 1262 82 1323 qui
104 1262 344 1306 scribitur«
376 1264 439 1306 De
468 1270 637 1306 octavo.
670 1281 687 1302 »
723 1263 880 1307 Potest.
893 1257 1078 1319 quidem
1115 1257 1246 1301 etiam
1276 1255 1399 1299 nulla

5 1348 221 1378 annorum
248 1333 475 1378 temeraria
500 1332 810 1393 supputatione
834 1331 924 1375 dies
948 1329 1103 1390 judicii
1126 1338 1305 1373 octavus
1328 1328 1401 1370 in-

5 1402 157 1462 telligi,
182 1402 304 1464 quod
321 1405 411 1464 jam
434 1411 533 1462 post
553 1404 687 1446 finem
709 1403 840 1462 hujus
862 1400 1009 1446 saeculi
1032 1408 1208 1459 accepta
1237 1407 1400 1441 aeterna

4 1474 109 1530 vita,
125 1482 232 1518 tunc
258 1489 348 1518 non
374 1482 503 1517 erunt
527 1473 683 1517 animae
708 1473 928 1532 justorum
957 1470 1170 1516 obnoxia?
1190 1469 1402 1528 tempori-

5 1545 116 1602 bus3
140 1554 184 1588 et
206 1544 415 1605 quoniam
438 1544 582 1588 onmia
606 1552 802 1603 tempora
825 1551 989 1603 septem
1024 1541 1195 1586 dierum
1217 1540 1401 1583 istorum

7 1616 263 1675 repetitione
291 1615 551 1669 volvuntur,
576 1623 753 1659 octavus
786 1612 898 1658 forte
931 1612 1004 1656 ille
1038 1612 1180 1657 dictus
1211 1620 1298 1666 cst,
1324 1610 1402 1670 qui

5 1686 260 1730 varietatem
291 1685 417 1729 istam
453 1700 542 1729 non
574 1684 772 1728 habebit.
798 1687 877 1728 Est
907 1681 1027 1728 aliud
1059 1681 1180 1743 quod
1211 1681 1281 1725 hic
1312 1696 1402 1725 non

5 1757 193 1801 absurde
208 1757 343 1816 accipi
359 1765 518 1816 potest‚
536 1772 614 1800 eur
628 1765 832 1800 octavum
849 1754 1020 1799 dicatur
1026 1754 1260 1815 judicium,
1282 1752 1401 1813 quod

5 1838 104 1888 post
120 1829 228 1873 duas
247 1828 543 1887 generationes
561 1827 761 1872 futurum
780 1836 864 1882 est,
882 1843 1016 1871 unam
1032 1842 1131 1887 quae
1146 1825 1202 1869 ad
1215 1839 1372 1884 corpus
1387 1859 1399 1879 ‚

7 1899 187 1943 alteram
206 1914 306 1960 quae
326 1897 381 1943 ad
398 1899 588 1942 animam
609 1898 814 1957 pertinet.
829 1897 896 1942 Ab
910 1896 1050 1941 Adam
1066 1896 1183 1940 enim
1193 1911 1333 1956 usque
1347 1894 1403 1938 ad

5 1972 188 2027 Moysen
202 1984 337 2029 genus
349 1969 593 2013 humanum
605 1968 711 2012 vixit
725 1983 776 2011 ex
789 1982 986 2026 corpore,
1006 1966 1051 2010 id
1064 1976 1142 2021 est,
1159 1965 1403 2010 secundum

6 2055 197 2095 carnem,
209 2040 286 2100 qui
299 2039 426 2084 etiam
442 2039 627 2083 exterior
640 2047 683 2082 et
694 2047 818 2082 vetus
832 2038 965 2081 homo
980 2036 1177 2091 dieiturss,
1190 2036 1405 2080 etcuiVe-

9 2121 79 2156 tus
103 2114 428 2156 Testamentum
446 2110 599 2154 datum
617 2119 703 2163 est⁷
721 2118 772 2153 ut
784 2108 982 2169 quamvis
1002 2107 1210 2166 religiosis
1223 2143 1234 2162 ,
1256 2116 1405 2151 tamen

9 2181 257 2227 carnalibus
277 2180 421 2225 adhuc
442 2180 768 2240 operationibus
784 2178 931 2223 futura
947 2178 1155 2239 spiritalia
1170 2179 1405 2238 praesigna—

8 2262 89 2297 ret.
115 2254 209 2296 Hoc
234 2260 329 2296 toto
357 2260 555 2311 tempore
577 2266 665 2310 quo
691 2249 935 2294 secundum
967 2264 1126 2309 corpus
1148 2249 1401 2303 vivebatur,

12 2341 33 2365 «
66 2321 283 2381 Regnavit
316 2336 453 2376 mors,
485 2321 597 2365 sicut
618 2319 853 2380 Apostolus
883 2320 963 2375 ait,
998 2320 1128 2364 etiam
1163 2320 1210 2363 in
1233 2335 1304 2363 eos
1327 2319 1404 2379 qui

10 2411 30 2434 »
64 2407 155 2437 non
175 2400 482 2452 peccaverunt.
502 2391 718 2450 Regnavit
741 2400 890 2435 autem
912 2406 963 2434 ex
985 2390 1270 2435 similitudine
1291 2405 1403 2449 prae-

9 2480 30 2504 »
63 2462 337 2508 varicationis
360 2461 510 2517 Adae4,
536 2482 553 2503 »
580 2462 692 2506 sicut
714 2461 828 2506 idem
864 2460 970 2506 dicit
992 2481 1000 2505 :
1028 2461 1239 2522 quoniam
1260 2475 1400 2521 usque

8 2533 64 2579 ad
89 2536 272 2591 Moysen
304 2531 608 2592 accipiendum
638 2541 717 2588 est,
743 2548 832 2593 quo
854 2547 994 2593 usque
1028 2532 1154 2592 Legis
1176 2547 1322 2591 opera,
1348 2531 1393 2575 id

59 2624 68 2641 ¹
84 2620 177 2651 Deut.
197 2627 264 2659 xm,
281 2617 314 2650 3.
329 2634 371 2641 —
391 2624 405 2641 ²
423 2616 505 2650 Psal.
523 2628 574 2658 ιιι,
589 2627 622 2660 7.
638 2633 679 2642 —-
695 2615 710 2640 3
727 2616 843 2660 EpheS.
863 2627 910 2659 ιν,
933 2625 988 2649 22.
1006 2634 1049 2640 —
1073 2615 1089 2646 4
1107 2619 1199 2649 Rom.
1220 2627 1254 2657 v,
1277 2614 1330 2657 14.
