1833 3284
350 234 432 273 488
790 243 824 271 s,
862 243 1093 272 accusemur
1127 244 1307 272 muscorr

345 311 565 371 proximos
586 311 722 356 coelos
744 320 914 355 sanctos
932 311 1008 355 Dei
1024 310 1271 372 Apostolos,
1289 310 1595 371 praedicatores
1616 311 1739 356 verbi

344 383 557 437 veritatis,
584 398 661 443 per
682 399 791 443 quos
813 382 946 428 coelos
968 382 1181 443 compluti
1210 399 1381 439 sumus,
1416 393 1467 428 ut
1493 399 1571 444 per
1593 392 1737 428 totum

343 453 560 498 mundum
578 470 696 514 seges
714 455 917 500 Ecclesiae
935 454 1194 516 pullularet3
1214 455 1292 500 etsi
1307 471 1408 500 cum
1431 455 1601 500 zizaniis
1622 456 1737 500 inte-

343 527 424 570 rim
458 542 737 570 communem
767 527 921 571 bibens
956 526 1147 587 pluviam
1172 529 1207 582 ¹,
1245 526 1319 571 sed
1347 536 1494 571 tamen
1529 527 1736 571 horreum

342 612 435 642 non
456 597 659 641 habitura
684 612 933 642 commune.

402 670 498 712 Vll.
535 670 651 726 Ergo
688 683 789 712 cuin
829 668 996 713 dictum
1026 678 1163 724 esset,
1199 668 1534 714 «Misericordia
1561 667 1735 713 Domini

344 738 508 799 »plena
531 748 594 783 cst
613 748 751 784 terra:
775 758 794 780 >›
816 739 939 800 quasi
953 755 1190 800 quaereres:
1209 740 1336 785 Unde
1351 740 1529 800 impleta
1543 749 1607 784 est
1621 749 1736 784 terra

341 810 635 855 misericordia
658 811 860 855 Domini?
889 811 1011 855 Prius
1044 811 1161 856 missi
1185 821 1287 856 sunt
1310 811 1431 867 coeli,
1465 811 1543 872 qui
1560 810 1730 855 miseri—

341 881 534 926 cordiam
555 882 735 926 'Domini
768 891 1021 942 spargerent
1043 898 1174 942 super
1202 891 1359 926 terram
1380 918 1390 937 ,
1427 891 1470 926 et
1496 883 1581 926 hoc
1605 896 1736 941 super

343 962 478 997 totam
522 962 697 997 terram.
733 955 843 999 Nam
879 952 980 997 vide
1017 953 1127 1014 quid
1159 952 1215 997 de
1247 954 1346 1014 ipsis
1368 953 1489 998 coelis
1525 952 1629 997 alibi
1665 951 1735 996 di-

341 1023 456 1067 citur
492 1040 500 1064 2
532 1043 548 1064 «
586 1022 700 1069 Coeli
729 1033 932 1068 enarrant
961 1023 1143 1083 gloriam
1166 1024 1270 1080 Dei,
1296 1033 1340 1068 et
1371 1039 1501 1084 opera
1521 1038 1736 1067 manuum

344 1117 360 1135 ,n
398 1097 491 1156 ejus
515 1095 746 1140 annuntiat
768 1097 1093 1140 firmamentum
1112 1097 1145 1140 ².
1172 1114 1193 1137 n
1219 1095 1350 1150 Quod
1371 1104 1473 1139 sunt
1500 1094 1624 1150 coeli,
1652 1094 1736 1138 hoc

342 1175 406 1210 est
440 1166 781 1210 firmamentum.
815 1186 834 1208 «
870 1166 968 1211 Dies
995 1166 1082 1211 diei
1120 1175 1288 1210 eructat
1320 1166 1531 1221 verbum,
1574 1174 1618 1209 et
1650 1180 1736 1209 nox

346 1254 367 1277 »
403 1237 523 1281 nocti
546 1237 779 1282 annuntiat
801 1237 1042 1282 scientiam.
1058 1240 1187 1283 »Non
1209 1246 1417 1292 cessatur⁷
1436 1252 1526 1282 non
1548 1244 1732 1281 tacetur.

343 1308 428 1353 Sed
449 1309 524 1353 ubi
543 1309 918 1368 praedicaverunt,
942 1320 985 1353 et
1001 1324 1232 1370 quousque
1254 1309 1581 1369 pervenerunt?
1608 1310 1736 1352 «Nou

344 1399 363 1420 »
402 1390 504 1424 sunt
531 1379 742 1441 loquelae,
771 1396 913 1441 neque
936 1396 1178 1436 sermones,
1204 1396 1394 1441 quorum
1425 1395 1516 1424 non
1552 1379 1736 1422 audian-

346 1473 364 1492 »
399 1460 472 1495 ‘tur
493 1467 620 1496 voces
648 1467 799 1496 eorum
871 1470 891 1492 »
920 1451 1003 1497 Sed
1031 1453 1114 1496 hoc
1152 1452 1342 1512 pertinet
1363 1450 1419 1496 ad
1442 1450 1488 1495 id
1511 1450 1614 1512 quia
1645 1465 1736 1494 om-

341 1523 462 1566 nium
498 1522 658 1582 linguis
683 1522 818 1568 locuti
842 1533 944 1567 sunt
965 1523 1010 1567 in
1042 1539 1133 1568 uno
1154 1522 1268 1568 loco.
1300 1523 1544 1567 «Omnium
1575 1521 1735 1581 linguis

343 1614 360 1633 »
396 1593 560 1649 locuti,
593 1594 887 1654 impleverunt
919 1593 1040 1655 quod
1069 1594 1237 1639 dictum
1266 1603 1329 1639 est
1361 1615 1369 1638 z
1404 1597 1501 1640 Non
1534 1602 1636 1637 sunt
1672 1591 1735 1637 lo-

342 1686 360 1706 »
398 1665 561 1726 quelae,
588 1682 732 1726 neque
754 1682 972 1711 sermones
990 1703 1000 1722 ‚
1034 1682 1224 1727 quorum
1247 1660 1337 1712 non
1355 1665 1591 1710 audiantur
1608 1680 1734 1709 voces

343 1759 359 1777 »
396 1752 549 1781 eorum
570 1740 601 1780 4.
622 1756 642 1778 »
687 1736 770 1782 Sed
803 1753 980 1797 quaero,
1020 1738 1111 1798 ipsa
1139 1754 1223 1782 vox
1259 1739 1304 1781 in
1336 1737 1539 1782 omnibus
1575 1736 1734 1794 linguis

335 1823 565 1868 quousque
600 1809 868 1868 pervenerit,
905 1824 1005 1869 quae
1039 1808 1298 1868 impleverit.
1325 1807 1440 1852 Audi
1475 1822 1578 1866 crgo
1611 1806 1733 1866 quod

336 1879 532 1938 sequitur
560 1898 567 1923 :
598 1898 618 1920 «
646 1881 696 1922 In
720 1894 896 1922 omnem
927 1889 1088 1923 terram
1110 1879 1211 1923 exiit
1245 1894 1376 1923 sonus
1405 1893 1585 1933 eorum,
1614 1886 1658 1920 et
1685 1877 1732 1920 in

319 1997 322 2000 ⁴
342 1968 360 1989 »
397 1950 504 1993 lines
527 1949 643 1994 orbis
667 1959 792 1994 terrae
810 1950 943 1994 verba
965 1952 1162 1994 eorum⁵.
1192 1967 1213 1991 »
1243 1951 1465 2003 Quorum,
1492 1948 1570 1994 nisi
1595 1946 1732 1992 coelo-

335 2036 433 2064 rum
449 2022 524 2080 qui
546 2030 751 2064 enarrant
773 2019 954 2079 gloriam
977 2021 1087 2065 Dei?
1109 2023 1225 2078 Ergo
1247 2020 1281 2065 si
1300 2020 1345 2064 in
1368 2034 1544 2064 omnem
1570 2028 1731 2063 terram

333 2092 436 2136 exiit
457 2108 588 2136 sonus
620 2107 771 2136 eorum
788 2128 798 2147 ‚
824 2101 868 2137 et
893 2093 939 2136 in
961 2093 1068 2137 fines
1091 2093 1206 2136 orbis
1240 2101 1367 2136 terrae
1388 2092 1522 2136 verba
1552 2106 1726 2146 eorum,

332 2163 439 2223 quid
460 2163 793 2222 p1·;e<licavci·int
825 2163 973 2218 nobis,
1010 2163 1175 2208 indicet
1203 2163 1329 2207 nobis
1364 2163 1440 2223 qui
1470 2162 1565 2207 illos
1593 2161 1724 2206 misit.

335 2234 504 2278 Iudicat
528 2234 656 2294 plane
673 2271 683 2290 ,
709 2235 897 2279 fideliter
915 2234 1103 2279 indicat:
1131 2236 1232 2296 quia
1249 2243 1293 2279 et
1309 2243 1544 2295 antequam
1574 2234 1728 2277 fierent

332 2304 531 2364 praedixit
552 2306 698 2350 futura
716 2305 789 2349 ille
805 2341 816 2361 ,
833 2307 955 2366 cujus
973 2305 1117 2350 omnia
1140 2321 1270 2365 opera
1290 2307 1335 2349 in
1356 2304 1456 2349 fide.
1478 2303 1729 2348 Resurrexit

333 2377 448 2420 enim
466 2393 489 2420 a
507 2378 705 2432 mortuis,
723 2387 767 2421 et
783 2378 1059 2422 contrectatis
1075 2378 1279 2422 membris
1300 2378 1386 2422 suis
1402 2377 1573 2436 agnitus
1591 2392 1614 2419 a
1628 2375 1726 2419 Dis-

331 2447 486 2507 cipulis
505 2449 590 2493 suis
611 2485 621 2504 ,
647 2450 730 2494 ait:
756 2469 775 2491 «
793 2450 1035 2510 Oportebat
1056 2450 1146 2509 pati
1166 2450 1386 2494 Christum
1402 2485 1412 2504 ,
1440 2458 1483 2493 et
1502 2461 1725 2506 resurgere

382 2545 522 2576 ›Mattln
549 2557 601 2577 xm
617 2571 625 2585 ,
655 2546 706 2577 30.
728 2563 768 2569 -—-
801 2553 813 2568 ⁹-
835 2546 914 2577 Psal.
934 2557 1027 2583 xviii,
1048 2554 1079 2577 9..
1103 2563 1143 2568 w
1165 2544 1276 2577 31bid.
1310 2545 1334 2587 ᾗ.
1368 2562 1409 2567 -
1427 2543 1443 2568 l.
1476 2547 1548 2577 Act.
1573 2555 1605 2584 1,
1627 2541 1659 2584 4.
1681 2559 1722 2564 —-

328 2600 341 2621 :3
362 2601 441 2632 psal.
463 2613 550 2637 xvm,
573 2602 604 2633 s».
