1833 3284
341 205 426 245 266
768 217 802 244 s.
839 214 1071 244 Avensa-lm
1104 214 1287 242 Emscom

340 293 487 328 tamen
509 290 689 326 cantant
710 289 833 326 tanto
851 280 1087 336 libentius,
1111 288 1277 340 quanto
1300 276 1600 336 immundius3
1625 293 1739 338 quo-

341 356 459 400 niam
482 363 605 398 tanto
628 369 671 397 se
692 363 850 414 putant
877 353 1065 398 lmiiores
1080 389 1089 406 ,
1121 361 1288 413 quanto
1318 350 1480 394 fuerint
1505 350 1737 410 turpiores.

342 429 428 471 Nos
451 433 598 468 autem
621 425 695 485 qui
723 425 768 468 in
791 424 982 469 Ecclesia
1007 423 1153 467 divina
1181 422 1356 483 eloquia
1381 430 1555 465 cantare
1581 420 1740 465 didici-

343 512 439 539 mus
457 531 468 551 ‚
510 494 639 539 simul
682 496 811 539 ctiam
844 496 1004 539 instare
1039 493 1251 538 debemus
1275 509 1365 537 esse
1387 492 1508 553 quod
1531 491 1744 551 scriptum

344 577 408 612 est
429 587 438 612 ;
465 586 483 608 ‹<
508 570 665 611 Beatus
682 566 872 627 populus
894 566 969 627 qui
988 563 1194 624 intelligit
1210 564 1519 625 jubilationem
1535 564 1564 606 ¹.
1597 583 1614 604 »
1643 566 1746 607 Pro-

344 638 469 694 inde,
496 638 760 694 charissimi,
787 638 908 698 quod
932 653 1123 682 consona
1145 652 1252 681 voce
1279 635 1567 689 cantavimus,
1592 649 1746 679 sereno

345 711 476 754 etiam
494 708 625 754 corde
649 725 771 753 nosse
794 725 843 753 ac
858 709 1004 753 videre
1022 708 1249 752 debemus.
1271 706 1456 765 Rogavit
1469 705 1583 748 enim
1599 704 1747 749 Domi-

346 797 455 825 num
478 781 780 842 unusquisque
803 790 1001 825 nostrum
1030 781 1074 823 in
1101 780 1187 824 hoc
1215 778 1414 832 Cantico‚
1436 786 1479 821 et
1497 776 1605 821 dixit
1626 780 1716 821 Deo
1736 795 1745 821 ι

351 871 371 895 «
405 853 473 896 Ab
515 851 700 897 occultis
740 852 846 896 meis
876 851 1041 896 munda
1071 866 1162 904 me,
1194 850 1404 904 Domine,
1440 857 1483 892 et
1515 848 1570 892 ab
1596 847 1748 892 alienis

351 942 372 966 x.»
407 939 535 984 parce
552 940 675 968 servo
698 933 791 968 tuo.
821 924 862 969 Si
881 923 966 967 mei
985 938 1075 967 non
1097 921 1262 966 fuerint
1279 920 1523 974 dominata,
1546 928 1651 963 tunc
1675 919 1753 963 im-

354 1015 371 1037 »
409 994 652 1039 maculatus
673 1010 764 1050 ero,
782 1004 825 1039 et
842 995 1091 1057 mundabor
1115 1010 1137 1037 a
1161 992 1323 1037 delicto
1345 994 1547 1049 magno&
1576 1009 1596 1031 n
1623 990 1770 1044 Quod·

350 1076 400 1110 ut
423 1066 536 1111 bene
559 1067 744 1111 sciamus
768 1065 876 1127 quid
896 1066 949 1110 sit
964 1102 974 1121 ‚
1004 1074 1047 1109 et
1074 1063 1204 1126 quale
1226 1065 1310 1108 hoc
1329 1064 1406 1118 sit,
1439 1062 1573 1122 ipsius
1595 1061 1754 1106 Psalmi

350 1148 544 1194 textum,
571 1148 785 1199 quantum
809 1137 945 1183 donat
962 1138 1175 1182 Dominus
1190 1172 1200 1192 ,
1222 1136 1412 1180 breviter
1430 1149 1750 1195 percurramus.

331 1218 338 1221 “
411 1212 469 1253 ΙΙ.
506 1212 720 1255 Cantatur
742 1210 856 1253 enim
880 1209 934 1253 de
956 1209 1130 1254 Christo
1148 1244 1158 1264 ‚
1186 1207 1306 1268 quod
1331 1206 1558 1250 evidenter
1584 1205 1646 1249 ibi
1679 1220 1756 1264 ap-

352 1290 503 1342 paret⁷
529 1281 632 1341 quia
660 1281 750 1325 illic
773 1280 983 1340 scriptum
1013 1289 1076 1324 est
1111 1299 1119 1324 ;
1158 1298 1177 1321 α
1200 1282 1296 1338 Ipse
1323 1288 1534 1338 tanquam
1573 1292 1756 1337 sponsus

358 1366 376 1394 >5
412 1352 655 1412 procedens
687 1352 741 1396 de
765 1351 959 1396 thalamo
984 1367 1062 1395 suo
1078 1353 1110 1394 3.
1138 1370 1154 1392 »
1188 1350 1294 1403 Quis
1317 1358 1381 1393 est
1403 1348 1519 1392 enim
1543 1363 1725 1407 sponsus
1742 1383 1752 1403 ‚

354 1424 436 1468 nisi
467 1424 537 1468 cui
566 1423 825 1484 desponsata
854 1432 918 1466 est
941 1422 1013 1466 illa
1048 1422 1172 1481 virgo
1196 1420 1250 1464 ab
1272 1419 1483 1480 Apostolo
1500 1455 1510 1475 ,
1538 1419 1609 1463 cui
1632 1419 1758 1463 timet

355 1504 470 1539 caste
484 1504 625 1539 castus
643 1494 787 1554 sponsi
812 1494 990 1548 amicus,
1030 1508 1085 1536 ne
1108 1493 1220 1536 sicut
1239 1506 1414 1551 serpens
1439 1493 1576 1534 Evam
1600 1488 1758 1534 fefellit

356 1567 512 1612 astutia
528 1584 621 1623 sua7
646 1568 706 1611 sic
729 1576 772 1611 et
794 1568 923 1628 hujus
934 1566 1113 1625 virginis
1136 1580 1306 1624 sponsae
1319 1563 1475 1608 Christi
1497 1579 1645 1607 sensus
1666 1578 1759 1607 cor-

356 1649 618 1700 rumpantur
647 1656 670 1684 a
702 1640 895 1683 castitate
919 1654 1018 1698 quae
1048 1647 1111 1681 est
1142 1637 1189 1681 in
1222 1636 1447 1681 Christo&
1469 1637 1519 1679 In
1544 1636 1626 1679 hoc
1655 1650 1758 1694 ergo

356 1712 544 1757 Domino
560 1721 602 1755 et
628 1710 848 1755 Salvatore
870 1720 1018 1755 nostro
1040 1714 1143 1754 Jesu
1165 1707 1340 1754 Christo
1357 1708 1497 1766 posita
1521 1716 1586 1751 est
1602 1722 1759 1766 magna

358 1792 401 1827 et
433 1782 563 1842 plena
586 1782 721 1841 gratia
737 1818 747 1837 ‚
770 1782 825 1825 de
841 1798 927 1842 qua
941 1780 1046 1825 dicit
1060 1779 1280 1841 apostolus
1291 1782 1480 1822 Joannes
1500 1797 1508 1822 :
1538 1797 1557 1819 «
1571 1781 1626 1822 Et
1643 1776 1759 1822 vidi-

362 1873 381 1896 »
416 1870 514 1898 mus
526 1853 706 1913 gloriam
721 1854 828 1913 ejus,
843 1853 1024 1912 gloriam
1034 1849 1469 1912 tanquamUnigeniti
1482 1865 1505 1892 a
1516 1852 1659 1903 Patre,
1671 1847 1759 1907 ple-

364 1946 381 1967 »
418 1940 526 1969 num
549 1925 684 1983 gratia
701 1933 744 1968 ct
756 1924 938 1968 veritate
954 1925 984 1967 ⁵.
1009 1925 1131 1967 Hanc
1149 1921 1330 1980 gloriam
1353 1919 1453 1964 coeli
1477 1921 1755 1963 enarrantss.»

360 1995 472 2041 Coeli
496 1995 633 2040 sancti
669 2003 798 2050 sunt⁷
828 1993 984 2038 elevati
1018 2010 1041 2038 a
1074 2003 1210 2048 terra,
1246 2000 1470 2052 portantes
1504 1991 1756 2036 Dominum.

361 2069 625 2128 Quanquam
649 2065 830 2125 gloriam
867 2065 1026 2110 Christi
1056 2064 1221 2109 coelum
1250 2063 1380 2106 etiam
1414 2062 1607 2122 quodam
1626 2060 1761 2106 modo

362 2139 568 2183 narravit.
607 2137 795 2192 Quando
824 2136 1029 2181 narravit.
1056 2135 1244 2189 Quando
1265 2143 1367 2178 nato
1391 2133 1546 2178 eodem
1572 2134 1760 2178 Domino

363 2208 485 2253 stella
499 2225 627 2264 nova⁷
643 2225 743 2269 quae
754 2223 982 2268 nunquam
994 2206 1243 2261 videbatur,
1262 2206 1503 2266 apparuiff.
1519 2205 1603 2250 Sed
1615 2214 1761 2249 tamen

363 2290 466 2325 sunt
486 2280 673 2324 veriores
695 2288 739 2323 et
763 2277 1037 2323 sublimiores
1065 2277 1194 2332 coeli,
1223 2276 1278 2321 de
1301 2276 1462 2337 quibus
1486 2291 1759 2336 consequen-

363 2360 430 2395 ter
450 2350 683 2395 ibidicitur
706 2370 714 2395 :
738 2369 755 2391 «
771 2353 870 2395 Non
883 2347 1201 2409 sunt-„loquelae‚
1220 2364 1364 2409 neque
1382 2363 1617 2402 sermone5‚
1642 2362 1759 2407 quo-

370 2443 387 2464 »
423 2438 521 2466 rum
549 2438 640 2467 non
668 2422 903 2466 audiantur
936 2436 1062 2466 voces
1096 2436 1263 2465 eorum.
1310 2422 1362 2464 In
1387 2435 1561 2465 omnem
1600 2428 1760 2463 terram

415 2527 423 2542 ¹
442 2520 520 2551 Psal.
542 2531 698 2560 Lxxxvm,
718 2520 768 2551 16.
785 2536 828 2541 —
843 2526 855 2541 ²
877 2519 922 2550 Id.
939 2529 1027 2559 xvm,
1055 2517 1107 2557 13,
1132 2529 1179 2548 11
1201 2535 1243 2539 —
1265 2515 1276 2540 3
1295 2517 1377 2549 Ibid.
1398 2517 1430 2548 (3.
1448 2534 1489 2539 —-
1504 2515 1519 2546 4
1538 2528 1549 2547 ῐ
1579 2518 1650 2548 Cor.
1668 2527 1712 2557 xi,
1727 2515 1756 2547 3.

368 2594 408 2598 -
428 2573 548 2608 5.ῐοτιη.
565 2587 588 2616 1,
608 2575 659 2617 14.
682 2593 722 2598 --
740 2573 755 2597 Γ)
775 2575 854 2607 Psal.
877 2583 1016 2616 xv111‚2.
1037 2591 1078 2595 —-
1104 2581 1117 2606 7
1133 2573 1245 2605 Mauh.
1269 2584 1305 2614 11,
1321 2582 1354 2604 2.
