1833 3284
393 236 476 276 498
824 246 858 270 ε.
895 242 1130 270 Aue-usum
1160 242 1344 269 El’lscol‘l.

390 316 483 358 Hoc
505 326 601 355 ama
618 344 630 366 ,
654 310 740 354 hoc
760 307 956 369 posside,
988 308 1073 353 hoc
1094 322 1198 352 cum
1221 307 1284 351 vis
1306 304 1491 351 habebis
1506 339 1518 361 ,
1542 305 1627 351 hoc
1656 304 1787 364 gratis

391 381 590 427 habebis.

447 455 593 496 XVII.
633 471 655 495 «
685 453 818 496 Beata
845 466 950 510 gens
971 451 1094 511 cujus
1116 458 1181 494 est
1198 448 1409 493 Dominus
1435 451 1550 493 Deus
1572 461 1740 492 eorum.
1764 463 1785 487 »

386 526 542 570 Noster
568 524 711 567 Deus?
733 523 868 582 Cujus
890 522 1007 566 enim
1036 537 1127 566 non
1158 529 1223 565 est
1244 522 1383 565 Deus?
1408 522 1508 565 Non
1529 517 1659 578 plane
1691 531 1790 562 om-

391 596 517 640 nium
539 594 695 639 eodem
716 593 865 638 modo.
890 596 1046 639 Noster
1067 592 1226 651 magis,
1253 601 1398 636 noster
1425 590 1503 651 qui
1529 589 1714 634 vivimus
1736 586 1792 632 de

390 667 468 711 illo
492 676 704 727 tanquam
736 666 791 710 de
812 681 926 726 pane
948 674 1113 710 nostro.
1142 667 1240 724 Ipse
1269 664 1322 708 sit
1349 663 1582 708 haereditas
1611 669 1789 715 nostra,

393 738 605 799 possessio
628 747 790 782 nostra.
817 742 887 782 An
908 736 1020 782 forte
1042 746 1205 781 temere
1227 735 1410 780 dicimus
1436 732 1637 779 faciendo
1668 731 1795 776 nobis

395 813 537 854 Deum
559 809 873 869 possessionem
889 844 900 864 ,
928 824 1029 853 cum
1052 808 1108 852 sit
1129 807 1362 862 Dominus,
1388 822 1490 851 cum
1510 805 1564 850 sit
1581 803 1796 850 Creator?

396 884 495 927 Non
517 891 581 925 est
597 881 677 925 ista
698 881 918 925 temeritas
940 901 949 926 :
984 879 1168 925 affectus
1203 889 1268 924 est
1295 878 1516 932 desiderii,
1542 887 1585 922 et
1606 873 1798 920 dulcedo

395 952 502 1014 spei.
530 952 655 996 Dicat
676 952 819 996 anima
835 987 846 1006 ,
870 952 1050 996 omnino
1077 966 1227 996 secura
1259 951 1399 1006 dicat,
1429 969 1450 992 «
1473 953 1586 993 Deus
1608 962 1731 992 meus
1753 960 1798 990 es

399 1043 418 1066 n
456 1033 506 1067 tu
530 1043 539 1068 :
568 1042 587 1064 »
615 1023 692 1084 qui
709 1023 817 1067 dicit
836 1023 991 1067 animae
1014 1032 1196 1077 nostrae,
1226 1041 1246 1064 «
1275 1021 1398 1067 Salus
1416 1030 1491 1065 tua
1515 1034 1595 1078 ego
1617 1019 1795 1063 sum1.»

399 1095 537 1149 Dicat,
559 1110 709 1138 secura
732 1093 875 1139 dicat:
897 1110 988 1138 non
1010 1091 1140 1138 faciet
1161 1093 1364 1154 injuriam
1385 1108 1486 1138 cum
1508 1093 1593 1136 hoc
1617 1089 1798 1147 dixerit,

398 1166 488 1210 imo
508 1165 639 1210 faciet
660 1166 694 1209 si
716 1181 807 1210 non
828 1164 1002 1209 dixerit.
1028 1165 1218 1210 Arbores
1241 1165 1419 1211 volebas
1449 1164 1612 1208 habere
1639 1161 1802 1223 quibus

398 1239 552 1283 beatus
586 1239 730 1282 esses?
766 1238 884 1281 Audi
923 1237 1194 1297 Scripturam
1228 1236 1448 1282 dicentem
1478 1236 1533 1280 de
1555 1234 1763 1296 sapientia
1789 1251 1799 1277 t

406 1330 427 1353 (ι
454 1310 644 1369 Lignum
672 1310 773 1353 vitae
804 1319 869 1354 est
891 1310 1095 1354 omnibus
1128 1309 1450 1370 possidentibus
1474 1325 1569 1353 eam
1585 1312 1617 1352 ².
1647 1325 1666 1348 »
1689 1309 1803 1351 Ecce

398 1381 714 1441 possessiouem
730 1389 924 1424 nostram
947 1379 1055 1424 dixit
1078 1396 1168 1424 esse
1190 1381 1462 1440 sapientiam.
1492 1378 1577 1425 Sed
1600 1394 1655 1422 ne
1677 1386 1804 1438 putes

400 1452 538 1514 ipsam
571 1452 856 1511 sapientiam,
889 1451 992 1512 quia
1028 1451 1343 1511 possessionem
1372 1460 1500 1496 tuam⁴
1523 1451 1633 1494 dixit
1658 1451 1805 1511 Scrip-

400 1532 521 1578 tura,
554 1522 722 1582 aliquid
754 1538 845 1567 esse
880 1521 1001 1583 quod
1028 1523 1081 1566 sit
1114 1532 1160 1566 te
1181 1521 1363 1566 inferius
1382 1558 1393 1577 ,
1419 1522 1632 1582 sequitur,
1660 1532 1704 1567 et
1725 1522 1807 1567 ad-

396 1595 570 1656 jungit:
609 1597 666 1638 Et
698 1594 1056 1638 incumbentibus
1092 1594 1139 1638 in
1172 1609 1267 1638 eam
1284 1629 1295 1649 ,
1321 1592 1444 1638 velut
1464 1593 1511 1637 in
1538 1593 1775 1638 Dominum
1792 1628 1804 1650 ,

403 1675 513 1710 tuta.
550 1668 665 1710 Ecce
697 1666 910 1710 Dominus
935 1675 1036 1709 tuus
1070 1663 1212 1710 factus
1241 1675 1305 1709 est
1330 1665 1409 1709 tibi
1432 1665 1555 1725 quasi
1585 1664 1769 1709 baculus
1795 1684 1804 1709 :

404 1753 583 1789 securus
614 1737 748 1781 homo
782 1736 1022 1792 incumbit,
1058 1737 1159 1797 quia
1200 1735 1274 1780 ille
1309 1753 1399 1781 non
1436 1736 1700 1781 succumbit.
1730 1735 1809 1780 Dic

405 1824 507 1867 ergo
529 1824 706 1852 securus
723 1843 733 1862 ,
755 1808 964 1867 possessio
987 1817 1061 1851 tua
1079 1817 1166 1862 est,
1192 1807 1516 1866 possidentibus
1540 1824 1634 1853 eam
1662 1808 1809 1868 Scrip-

405 1889 505 1924 tura
526 1877 663 1934 dixit,
688 1877 887 1938 implevit
915 1877 1077 1922 fiducia
1108 1877 1432 1922 dubitationem
1458 1887 1579 1922 tuam
1605 1898 1613 1923 :
1638 1878 1708 1923 dic
1743 1894 1811 1923 se-

407 1966 538 1995 curus
557 1986 568 2005 ,
594 1965 690 1994 ama
712 1965 912 2004 securus,
945 1965 1070 2009 spera
1092 1964 1284 1993 securus.
1319 1952 1410 1993 Tua
1433 1949 1564 1993 etiam
1584 1948 1659 1994 illa
1679 1950 1812 1996 verba

407 2022 496 2067 sint
514 2022 559 2064 in
578 2020 750 2065 Psalmo
770 2040 779 2065 2
805 2040 825 2062 «
846 2021 1058 2065 Dominus
1076 2036 1176 2080 pars
1192 2020 1459 2065 litereditatis
1482 2037 1592 2065 meae
1607 2024 1639 2065 3.
1668 2040 1689 2064 »

470 2095 636 2137 XVIII.
662 2091 894 2151 Ergoinde
911 2092 1215 2147 beatierimus,
1235 2095 1376 2136 Deum
1391 2093 1669 2152 possidendo.
1696 2093 1814 2147 Quid

412 2167 544 2223 ergo?
567 2167 659 2221 Nos
672 2164 990 2224 possidebimus
1015 2179 1114 2207 eum
1131 2199 1141 2218 ,
1176 2172 1219 2207 et
1236 2163 1310 2207 itle
1333 2180 1423 2208 non
1444 2180 1522 2209 nos
1547 2161 1814 2224 possidebit?

416 2237 539 2281 L'nde
557 2252 658 2294 ergo
681 2240 836 2291 Isa'i'asg
853 2235 1085 2290 «Domine,
1102 2234 1273 2294 posside
1294 2251 1373 2280 nos
1388 2236 1421 2278 ⁴.
1446 2236 1676 2281 »Possidet
1691 2252 1810 2295 ergo,

413 2317 456 2353 et
479 2307 739 2368 possidetur,
773 2317 817 2351 et
839 2316 982 2352 totum
1006 2315 1184 2365 propter
1211 2323 1305 2351 nos.
1328 2310 1425 2353 Non
1449 2309 1567 2352 enim
1589 2306 1814 2368 quomodo

411 2389 462 2424 ut
488 2396 567 2424 nos
596 2395 647 2423 ex
674 2378 749 2423 illo
782 2378 898 2422 beati
921 2378 1056 2422 simus
1074 2413 1084 2432 ,
1111 2377 1362 2437 possidetur
1380 2396 1403 2423 a
1426 2379 1575 2434 nobis,
1596 2380 1656 2423 ita
1677 2390 1722 2424 et
1740 2379 1814 2423 ifle

411 2461 462 2495 ut
484 2452 636 2496 beatus
669 2451 752 2506 sit,
791 2448 983 2510 possidet
1017 2465 1112 2493 nos,
1144 2452 1202 2494 Et
1226 2449 1446 2509 possidet,
1472 2460 1516 2495 et
1536 2450 1809 2507 possidetur,

461 2544 470 2560 ¹
490 2536 570 2568 psal.
596 2547 711 2577 xxxiv,
731 2535 762 2567 3.
792 2553 831 2558 -
853 2542 865 2558 ²
887 2538 980 2566 Prov.
997 2547 1041 2574 ιιι,
1062 2536 1112 2566 13.
1130 2551 1172 2556 —-
1189 2534 1201 2557 3
1217 2535 1298 2565 Psal.
1321 2544 1374 2575 xv,
1393 2536 1425 2564 [1.
1448 2551 1489 2556 -
1506 2533 1522 2564 4
1547 2535 1619 2566 lsai.
1641 2546 1730 2578 xxvi,
1759 2534 1810 2567 13.

413 2595 507 2636 juxta
524 2603 596 2624 Lxx,
