1833 3284
353 267 433 306 104
794 286 826 310 s.
866 283 1093 309 Acovs’ruvi
1126 283 1302 310 Epis-com

352 345 573 401 dentium,
600 349 674 407 qui
701 364 777 407 per
799 347 901 392 alias
920 363 1039 402 aves,
1056 364 1162 407 quas
1182 350 1558 405 commemoravit,
1575 351 1740 408 signifi-

351 426 523 471 cantur,
546 433 622 476 pcr
644 419 761 463 hunc
785 434 959 463 versum
981 417 1315 477 intelligendum
1339 429 1417 464 cst.
1446 439 1466 462 «
1488 423 1545 465 Et
1566 420 1742 480 reliquit

353 506 375 529 n
411 489 457 532 in
488 499 600 534 terra
624 506 705 535 ova
727 493 845 535 sua1.
874 510 894 532 »
935 493 1031 534 Jam
1054 490 1204 550 incipit
1225 493 1279 536 de
1300 491 1544 536 struthione
1574 491 1738 546 dicere,

352 557 398 603 id
420 570 506 614 cst,
527 560 582 605 de
611 562 678 606 his
707 577 817 622 quos
842 576 920 621 per
951 561 1036 605 hoc
1070 561 1228 605 animal
1255 563 1481 621 significat.
1505 565 1605 609 Non
1626 562 1743 606 enim

350 630 639 675 miscerentur
660 647 818 691 pennae
840 646 994 675 eorum
1022 629 1158 674 tardae
1183 632 1258 676 alis
1280 632 1497 677 velocium
1520 633 1666 678 avium
1688 631 1743 676 ad

352 701 514 760 pariter
530 701 786 757 volandum,
802 702 881 745 nisi
902 716 1021 762 spem
1038 702 1225 761 priorem
1239 703 1284 747 in
1297 712 1409 747 terra
1427 702 1741 763 relinquerent,

351 788 487 831 quam
511 788 588 832 per
611 788 693 817 ova
715 773 940 831 significat.
964 792 984 814 «
1006 775 1062 816 Et
1083 773 1129 816 in
1150 771 1327 832 pulvere
1349 773 1570 818 calefiunt.
1590 792 1611 815 »
1633 773 1745 827 Quia

353 844 433 887 etsi
455 843 501 887 id
524 843 645 904 quod
667 844 870 904 sperabat
899 844 945 888 in
972 843 1131 888 saeeulo
1161 860 1250 889 non
1273 844 1528 901 attenderit,
1550 844 1747 905 plerum-

351 929 440 973 que
461 914 710 960 faventibus
729 915 995 961 amatoribus
1017 914 1180 971 saeculi,
1207 916 1283 976 qui
1301 916 1471 976 pulveri
1489 931 1747 976 comparan-

352 993 449 1039 tur,
474 986 690 1045 provenit.
721 1005 742 1028 «
766 988 824 1030 Et
845 985 981 1031 oblita
1008 996 1095 1042 est,
1121 987 1224 1047 quia
1250 1003 1326 1047 pes
1359 986 1580 1047 disperdet
1605 1002 1677 1042 ea,
1704 995 1748 1031 et

357 1072 377 1095 2)
414 1056 554 1101 bestia
572 1057 662 1115 agri
684 1057 961 1102 conculcabit
982 1059 1073 1102 ca2.
1100 1076 1121 1099 ³>
1144 1058 1272 1112 Quod
1294 1059 1328 1103 si
1345 1068 1388 1103 et
1407 1059 1585 1121 adversa
1606 1058 1750 1118 cujus-

356 1142 491 1186 quam
513 1126 728 1187 cupiditas
751 1136 796 1171 et
816 1128 955 1188 iniqui
976 1128 1104 1188 hujus
1125 1128 1280 1173 mundi
1301 1129 1582 1189 perturbent,
1608 1137 1652 1172 et
1669 1128 1750 1173 ob-

355 1206 500 1242 terant
524 1214 644 1258 spem
674 1200 765 1259 ejus
786 1198 942 1255 talem,
965 1208 1175 1260 tanquam
1199 1216 1279 1245 ova
1305 1201 1397 1261 ejus
1421 1216 1520 1261 quae
1543 1199 1751 1260 relinquit

354 1268 402 1312 in
416 1279 551 1321 terra3
569 1270 626 1314 ita
639 1286 728 1315 non
746 1279 884 1324 curat,
903 1281 953 1315 ut
969 1280 1180 1331 tanquam
1194 1271 1328 1316 oblita
1340 1288 1431 1316 non
1444 1271 1614 1316 sentiat.
1632 1290 1652 1313 «
1663 1270 1751 1315 Ob-

357 1339 510 1384 duruit
527 1349 678 1385 contra
696 1340 807 1385 filios
833 1356 954 1398 suos,
970 1357 1027 1385 ne
1044 1342 1130 1386 sint
1149 1343 1265 1403 ejus3
1289 1362 1297 1387 :
1321 1361 1342 1384 »
1368 1343 1534 1386 etiamsi
1549 1343 1640 1402 jam
1660 1357 1751 1386 non

355 1425 453 1469 spes
474 1411 529 1454 sit
542 1411 655 1455 sicut
673 1427 770 1466 ova,
794 1412 871 1456 sed
885 1427 950 1456 res
973 1413 1081 1472 ipsa,
1103 1413 1215 1457 sicut
1236 1413 1312 1457 filii
1330 1415 1418 1473 jam
1443 1414 1548 1468 nati,
1566 1414 1651 1457 hoc
1668 1421 1748 1468 est,

357 1480 541 1526 felicitas
570 1482 841 1541 temporalis,
870 1481 1042 1528 sortiter
1071 1485 1313 1529 contemnit
1334 1500 1450 1540 eam,
1476 1483 1628 1529 nolens
1656 1498 1751 1528 eam

355 1567 481 1596 suam
502 1568 592 1597 esse
614 1552 889 1612 felicitatem3
910 1555 1011 1614 quia
1028 1554 1148 1599 illam
1172 1571 1316 1600 veram
1334 1554 1565 1600 desiderat.
1588 1574 1608 1597 «
1626 1557 1752 1598 Frus-

360 1641 381 1664 >›
418 1632 484 1667 tra
506 1622 721 1668 laboravit
746 1624 911 1684 absque
934 1624 1026 1670 ullo
1044 1626 1214 1670 timore.
1240 1645 1260 1668 »
1282 1629 1376 1671 Hoc
1399 1636 1634 1687 antequam
1655 1641 1751 1670 con-

357 1703 584 1739 vertatur:
610 1694 780 1739 laborat
815 1696 933 1739 enim
962 1711 1038 1755 spe
1071 1697 1218 1741 saeculi
1252 1698 1343 1741 sinc
1376 1696 1546 1752 fructu,
1572 1707 1616 1741 et
1637 1694 1757 1757 quod

359 1773 425 1808 est
441 1764 737 1824 insipientius,
761 1767 853 1810 sine
870 1765 963 1810 ullo
982 1766 1138 1811 timore
1151 1803 1161 1822 ,
1179 1766 1287 1811 dum
1307 1768 1534 1827 praesumit
1557 1767 1604 1810 in
1626 1767 1758 1810 rebus

359 1834 551 1879 incertis.
581 1854 601 1877 «
628 1836 739 1888 Quia
769 1835 964 1896 despexit
994 1852 1090 1880 eam
1122 1840 1237 1881 Deus
1265 1838 1310 1881 in
1344 1838 1574 1898 sapientia,
1595 1829 1646 1882 'et
1667 1852 1758 1882 non

362 1923 383 1946 n
420 1904 643 1950 distribuit
671 1908 709 1951 ci
730 1906 1043 1952 intellectum&
1074 1927 1094 1949 »
1122 1908 1240 1962 Quid
1268 1909 1384 1953 enim
1405 1908 1602 1964 stultius,
1624 1923 1758 1969 quam

359 1976 494 2020 {idere
516 1978 563 2020 in
584 1978 798 2034 vanitate,
819 1988 862 2022 et
878 1979 1078 2024 laborare
1098 1979 1153 2024 ad
1171 1980 1435 2041 acquirenda
1452 1980 1645 2040 peritura
1666 1980 1758 2024 sine

360 2046 453 2091 ullo
487 2048 642 2092 timore.
675 2049 934 2093 amittendi?
963 2050 1230 2110 Concipiunt
1262 2051 1377 2094 enim
1408 2050 1607 2111 plerique
1638 2052 1758 2095 hunc

362 2118 594 2173 affectum,
621 2119 780 2178 quibus
804 2119 935 2178 longa
956 2120 1140 2165 felicitas
1163 2120 1309 2165 saeculi
1332 2123 1558 2181 provenit,
1573 2136 1758 2181 praeser-

361 2188 442 2230 tim
464 2189 496 2231 si
521 2189 576 2231 ab
601 2189 710 2243 avis,
728 2198 771 2232 et
791 2190 924 2233 atavis
948 2200 1159 2250 perpetua
1187 2193 1455 2236 successione
1479 2191 1687 2246 dueatur,
1710 2201 1759 2236 ut

363 2273 406 2301 sc
426 2267 605 2317 repente
629 2258 824 2303 infelices
842 2260 935 2303 fieri
953 2275 1076 2319 posse
1093 2277 1183 2306 non
1197 2262 1391 2307 credant.
1413 2263 1469 2304 Et
1487 2261 1589 2321 quia
1611 2263 1759 2321 magni

364 2327 506 2372 solent
529 2345 738 2389 apparere
760 2330 806 2373 in
822 2340 949 2384 terra,
971 2346 1061 2374 non
1083 2340 1231 2374 tamen
1253 2331 1407 2390 pennis
1428 2331 1643 2376 virtutum
1665 2347 1759 2376 coe-

362 2399 459 2444 lesti
482 2401 810 2446 conversatione
832 2401 934 2457 frui,
957 2410 1072 2446 recte
1089 2402 1411 2446 struthionibus
1429 2413 1753 2462 comparantur.

365 2470 450 2516 Sed
472 2471 647 2515 attende
669 2471 790 2532 quod
817 2473 1040 2533 sequitur:
1065 2492 1086 2515 ι(
1110 2475 1223 2518 Cum
1246 2482 1419 2533 tempus
1447 2473 1600 2529 fuerit,
1625 2475 1671 2518 in
1693 2473 1758 2517 al-

367 2560 385 2581 »)
421 2551 517 2585 tum
546 2542 760 2598 evolabit,
795 2553 838 2587 et
865 2542 1064 2587 irridebit
1093 2543 1286 2603 equitem
1318 2554 1361 2588 et
1389 2546 1702 2589 ascensorem5.
1731 2562 1752 2585 »

415 2635 422 2649 ¹
439 2629 511 2659 Jol».
531 2641 636 2668 xxxix,
654 2629 703 2671 ll·
727 2648 767 2652 ——
782 2630 887 2662 2ΙΜιΙ.
911 2630 960 2662 13.
983 2645 1025 2653 —·
1045 2629 1058 2654 3
1073 2630 1153 2662 ibid.
1180 2630 1227 2662 16.
1252 2629 1316 2660 -4
1338 2631 1418 2663 Ibid.
1448 2642 1497 2673 ¹7-
1512 2629 1670 2663 —51bid.
1698 2630 1749 2662 18.
