1833 3284
241 288 485 321 umnam-10
518 293 569 321 111
601 293 647 323 nv
677 292 882 323 PSALMUM
912 293 1057 334 xxm,
1089 291 1216 320 snum.
1251 294 1299 320 11.
1393 280 1477 321 505

95 371 184 416 gas.
209 359 383 411 Quanta
403 364 468 402 est
484 371 586 416 ergo
607 357 829 418 opulentia
855 359 900 402 in
920 358 1010 418 ipsa
1039 359 1287 403 summitate
1303 393 1315 413 ‚
1340 358 1374 403 si
1395 373 1479 419 pou·

94 436 176 472 test
193 436 315 472 tanta
336 442 426 472 esse
442 427 488 471 in
508 428 713 487 imagine.

151 499 316 542 XXIX.
341 499 474 557 Ergo,
499 497 670 554 fratres,
693 497 748 543 ad
767 499 879 543 hane
900 498 1083 542 maxime
1104 498 1386 543 exhortamur
1406 514 1482 544 vos

94 567 349 612 charitatem
369 604 380 624 ‚
405 584 495 614 non
511 567 653 614 solum
674 569 719 613 in
739 584 816 614 vos
832 568 967 628 ipsos,
999 567 1075 613 sed
1094 569 1140 612 in
1163 584 1235 613 eos
1257 569 1385 613 etiam
1405 569 1483 630 qui

94 637 198 684 foris
218 649 336 696 sunt,
352 640 440 685 sive
455 639 598 686 adhue
617 642 791 701 pagani,
813 640 1012 686 nondum
1028 640 1254 686 eredentes
1276 641 1322 685 in
1340 640 1486 686 Chris-

94 719 216 766 tum,
241 710 329 756 sive
352 710 477 756 divisi
502 728 526 757 a
544 712 671 757 nobis
684 748 700 769 ,
725 712 953 757 nobiscum
971 720 1103 772 eaput
1120 712 1378 756 confitentes
1393 721 1437 756 et
1459 728 1484 757 a

94 797 276 842 corpore
297 783 497 843 separati.
517 784 749 829 Doleamus
770 783 866 828 illos
879 819 889 839 ‚
915 783 1082 837 fratres,
1102 793 1313 844 tanquam
1330 782 1484 828 fratres

93 862 278 898 nostros.
303 853 452 899 Velint
475 854 640 910 nolint,
675 854 827 899 fratres
849 855 985 900 nostri
1007 864 1122 899 sunt.
1150 858 1271 899 Tune
1295 859 1383 899 eSse
1405 853 1485 899 de-

94 923 238 968 sinent
255 922 408 968 fratres
424 925 582 981 nostri,
601 926 634 970 si
658 925 863 970 desierint
875 925 1018 970 dicere
1035 941 1043 967 :
1068 945 1088 969 «
1108 929 1236 970 Pater
1254 928 1440 970 noster-1.
1460 944 1480 967 »

93 993 211 1039 Dixit
243 994 299 1038 de
327 995 593 1055 quibusdam
627 996 844 1056 Propheta
871 1015 880 1041 ι
910 1016 930 1038 «
956 997 1032 1040 His
1055 997 1131 1057 qui
1154 995 1307 1040 dicunt
1330 996 1452 1041 vobis
1473 1015 1482 1042 ε

96 1082 117 1106 »
151 1067 250 1111 Non
271 1066 370 1110 estis
394 1064 544 1111 fratres
561 1067 721 1120 nostri3
737 1085 757 1107 »
775 1067 904 1111 dieite
920 1083 929 1108 t
946 1086 966 1109 «
985 1070 1155 1111 Fratres
1169 1068 1303 1111 nostri
1318 1067 1482 1111 estis‘2.»

93 1135 424 1195 Circumspicite
441 1136 496 1180 de
513 1137 673 1197 quibus
690 1138 774 1183 hoe
793 1137 936 1182 dicere
954 1138 1172 1196 potuerit:
1197 1136 1416 1198 numquid
1431 1137 1486 1182 de

94 1206 303 1266 paganis?
324 1209 422 1252 Non
440 1242 451 1262 ,
489 1223 632 1268 neque
657 1208 773 1251 enim
805 1207 1000 1252 dicemus
1036 1223 1108 1252 eos
1141 1208 1295 1253 fratres
1316 1217 1487 1253 nostros

94 1275 336 1321 secundum
361 1277 603 1337 Scripturas
632 1287 675 1322 et
707 1277 1041 1322 ecclesiasticum
1062 1277 1273 1339 loquendi
1300 1293 1483 1323 morem.

93 1345 320 1407 Numquid
343 1345 398 1390 de
427 1347 591 1392 Judaeis
624 1348 701 1408 qui
733 1348 778 1391 in
803 1348 1026 1393 Christum
1055 1364 1145 1392 non
1175 1347 1488 1393 erediderunt?

95 1417 244 1476 Legite
276 1417 564 1477 Apostolum,
603 1427 646 1462 et
680 1418 824 1463 videte
855 1419 956 1478 quia
985 1418 1138 1463 fratres
1170 1419 1349 1480 quando
1383 1418 1490 1463 dicit

94 1487 329 1547 Apostolus
346 1488 437 1532 sine
459 1487 607 1549 aliquo
631 1488 953 1544 additamento,
976 1505 1066 1534 non
1082 1489 1178 1534 vult
1195 1488 1380 1548 intelligi
1407 1489 1490 1533 nisi

93 1559 360 1604 Christianos
386 1579 394 1604 :
424 1579 444 1602 «
475 1562 574 1605 Non
603 1569 667 1604 est
695 1569 840 1604 autem
874 1560 1119 1620 subjectus,
1154 1560 1322 1621 inquit,
1354 1559 1491 1604 frater

96 1647 120 1671 n
154 1638 230 1673 aut
261 1645 382 1674 soror
404 1630 450 1673 in
473 1630 758 1689 hujusmodi3
782 1650 790 1674 2
820 1649 840 1671 »
867 1646 968 1674 eum
990 1629 1156 1674 diceret
1178 1630 1232 1674 de
1255 1631 1488 1690 conjugio,

94 1699 274 1744 fratrem
311 1710 356 1745 et
389 1716 581 1745 sororem
613 1700 723 1746 dixit
756 1701 1052 1745 Christianum
1079 1701 1149 1747 vel
1179 1701 1486 1746 Christianam.

97 1773 208 1815 Item
236 1770 344 1815 dicit
369 1790 379 1816 t
407 1790 427 1813 «
454 1774 519 1815 Tu
548 1780 694 1815 autem
718 1770 827 1832 quid
852 1771 1020 1832 judicas
1042 1770 1222 1816 fratrem
1244 1780 1393 1826 tuum,
1415 1779 1493 1815 aut

98 1860 119 1883 υ
154 1851 205 1886 tu
221 1841 330 1903 quid
353 1842 519 1902 spernis
542 1840 721 1886 fratrem
743 1850 871 1886 tuum
887 1844 935 1886 4?
955 1861 973 1883 »
994 1845 1052 1886 Et
1073 1841 1157 1886 alio
1180 1841 1277 1886 loeo
1295 1861 1304 1886 ε
1329 1861 1349 1884 «
1374 1844 1462 1886 Vos
1477 1876 1490 1897 ‚

98 1931 120 1954 »
156 1913 323 1973 inquit,
348 1913 624 1973 iniquitatem
656 1912 795 1957 facitis
830 1922 872 1957 et
908 1911 1142 1966 fraudatis,
1173 1921 1215 1956 et
1238 1914 1321 1957 hoc
1345 1911 1492 1957 fratri-

98 2003 119 2026 »
154 1983 238 2028 bus
253 1985 284 2027 ⁵.
312 2001 334 2024 »
360 1984 436 2028 Isti
459 1998 561 2041 ergo
580 1983 657 2044 qui
681 1982 832 2027 dicunt
854 2003 862 2028 :
892 1986 990 2028 Non
1019 1981 1119 2028 estis
1141 1982 1293 2028 fratres
1316 1984 1453 2028 nostri
1478 1999 1488 2026 :

96 2069 285 2115 paganos
306 2070 386 2099 nos
411 2053 579 2099 dicunt.
599 2054 705 2098 Ideo
728 2054 843 2098 enim
866 2063 909 2098 et
931 2054 1198 2113 rebaptizare
1215 2069 1293 2098 nos
1314 2054 1488 2110 volunt,

96 2126 290 2171 dieentes
310 2141 389 2171 nos
411 2141 501 2170 non
518 2125 680 2170 habere
702 2124 823 2186 quod
845 2125 964 2169 dant.
992 2125 1118 2170 Unde
1136 2140 1406 2186 consequens
1428 2134 1494 2170 est

97 2213 218 2242 error
233 2198 449 2258 ipsorum,
473 2206 524 2241 ut
544 2206 705 2256 negent
726 2213 804 2241 nos
827 2195 979 2241 fratres
1001 2212 1100 2241 suos
1118 2212 1223 2241 esse.
1253 2196 1337 2241 Sed
1358 2213 1493 2257 quare

98 2269 225 2315 nobis
253 2268 361 2314 dixit
388 2270 607 2329 Propheta
634 2288 642 2314 ε
681 2288 700 2311 «
727 2271 814 2313 Vos
847 2268 978 2313 dieite
1005 2267 1089 2312 illis
1114 2288 1122 2312 :
1155 2271 1326 2312 Fratres
1355 2267 1493 2312 nostri

101 2360 123 2383 υ
158 2340 283 2386 estis:
302 2360 322 2382 »
350 2341 434 2385 nisi
451 2341 553 2402 quia
572 2356 650 2386 nos
673 2341 718 2385 in
733 2341 792 2385 eis
815 2341 1087 2399 agnoscimus
1105 2339 1227 2401 quod
1250 2356 1341 2384 non
1364 2355 1493 2400 repe-

99 2411 263 2456 timus?
296 2410 366 2455 Illj
399 2427 502 2471 ergo
535 2427 625 2456 non
655 2411 931 2472 agnoscendo
963 2411 1231 2471 baptismum
1268 2420 1490 2466 nostrum,

98 2491 260 2541 negant
282 2497 361 2527 nos
388 2497 476 2527 esse
502 2481 654 2528 fratres
683 2503 692 2529 ι
717 2499 796 2528 nos
827 2491 973 2527 autem
994 2497 1085 2527 non
1109 2481 1349 2542 repetendo
1371 2481 1492 2541 ipso-

147 2585 157 2602 ¹
177 2579 290 2612 Matth.
310 2591 451 2623 vi,9.—
466 2586 480 2602 ²
497 2581 570 2612 Isai'.
591 2591 676 2623 wa,
693 2580 828 2623 &juxta
843 2590 915 2612 Lxx.
932 2596 974 2602 —
997 2577 1009 2603 3
1032 2591 1044 2612 1
1065 2581 1137 2613 Cor.
1158 2590 1215 2621 vu,
1241 2577 1291 2612 15.
1309 2576 1466 2610 -4R0m
1479 2602 1486 2611 .

101 2644 168 2677 xiv,
189 2645 241 2678 ¹9·
257 2652 299 2659 -
315 2633 332 2658 5
349 2645 362 2669 1
390 2637 462 2669 Cor.
483 2645 527 2676 vi,
551 2635 584 2669 8.
