1833 3284
351 266 401 302 12
787 269 820 297 s.
858 269 1086 296 AUGUSTINI
1117 268 1298 295 13121sco1³1

349 360 368 381 ι(
404 342 491 382 Aut
515 346 578 381 ost
598 351 725 395 sapor
746 336 789 378 iu
813 332 1082 379 sermonibus
1113 332 1263 377 vanis?
1294 350 1313 372 »
1341 332 1485 375 Vanos
1513 343 1732 374 sermones

347 410 574 453 hominum
594 407 698 451 dicit
715 428 726 464 3
746 406 846 466 quia
869 406 990 464 panis
1011 402 1141 447 verba
1164 402 1241 447 Dei
1261 411 1378 457 sunt,
1396 400 1472 445 sed
1494 400 1616 460 panis
1637 414 1732 444 coe-

345 479 475 524 lestis.
508 499 528 520 «
556 479 623 523 Sic
653 493 733 521 nec
756 476 897 520 anima
930 489 1021 517 mea
1047 483 1191 533 potest
1218 474 1427 517 eessare¹.
1452 491 1471 513 »
1500 469 1733 524 Quomodo

344 566 433 595 non
458 558 599 609 potest
621 549 712 593 sine
734 547 820 592 sale
837 547 907 590 edi
930 545 1074 605 panis,
1097 545 1154 589 sic
1176 559 1294 589 nunc
1314 543 1603 588 ministerium
1621 557 1733 601 prae-

347 621 426 664 beo
454 620 589 664 verbo
612 620 716 663 Dei:
740 626 918 677 propter
939 615 1050 660 illud
1076 636 1084 660 ;
1120 634 1138 656 «
1177 614 1410 669 Quomodo
1434 612 1614 658 audient
1642 613 1733 656 sine

347 711 367 732 n
404 690 691 750 p1-aedieante·2
705 691 722 732 Ρ
748 706 768 729 η
794 707 814 730 «
842 687 1034 732 Foetidas
1057 687 1173 731 enim
1195 702 1310 731 escas
1331 701 1446 730 meas
1470 683 1599 730 video
1622 684 1734 727 sicut

348 780 368 802 »
404 770 465 804 est
488 759 596 804 odor
619 758 796 803 leonis³.
832 776 852 799 >›
887 760 996 802 Nam
1023 756 1157 802 verba
1187 772 1283 802 mea
1315 755 1468 801 foetida
1500 764 1602 799 sunt
1623 754 1735 798 sicut

343 831 412 876 leo
433 850 442 875 ;
468 830 538 875 vel
561 839 738 890 propter
759 829 1031 890 superbiam,
1056 844 1133 888 per
1161 845 1293 889 quam
1317 829 1529 889 jactantes
1550 834 1732 886 putent3

344 903 410 946 vel
434 910 612 961 propter
640 899 761 961 quod
795 899 1087 959 amplexantes
1117 898 1326 952 carnalia,
1361 897 1564 942 foetorem
1598 895 1735 939 lconis

344 972 530 1027 habent,
557 972 632 1031 qui
660 971 844 1031 propriis
878 970 1021 1014 verbis
1055 969 1262 1029 gaudent.
1308 989 1327 1011 «
1361 967 1491 1022 Quod
1523 968 1554 1012 si
1588 966 1663 1010 det
1694 975 1737 1010 ct

350 1061 369 1083 n
402 1043 549 1086 veniat
590 1041 825 1101 postulatio
861 1041 997 1085 1110114.
1044 1059 1063 1081 »
1106 1039 1449 1085 Postulationem
1483 1038 1609 1093 dicit,
1644 1052 1735 1081 rem

343 1129 474 1174 quam
499 1113 691 1173 petebat.
718 1132 737 1155 α
755 1115 812 1158 Et
834 1128 955 1172 spem
977 1127 1119 1156 meam
1141 1110 1217 1156 det
1233 1111 1459 1155 Dominus.
1489 1129 1509 1151 »
1533 1110 1601 1154 Sic
1619 1108 1735 1152 enim

343 1182 566 1227 confidens
599 1184 657 1228 ob
687 1199 809 1243 spem
837 1193 936 1243 post
958 1181 1287 1227 tribulationem
1315 1190 1513 1226 venturae
1535 1178 1736 1224 consola-

346 1254 488 1308 tionis,
517 1264 764 1314 opportune
789 1262 998 1298 tentatur.
1025 1257 1141 1297 Bene
1164 1262 1311 1297 autem
1333 1267 1454 1312 spem
1477 1250 1610 1308 dieit3
1634 1251 1735 1310 quia

341 1340 442 1369 cum
467 1340 532 1368 res
560 1325 747 1379 venerit,
768 1326 858 1384 jam
892 1324 1076 1368 tentatio
1110 1339 1198 1368 non
1233 1323 1314 1367 erit
1345 1322 1595 1366 necessaria.
1627 1340 1647 1362 «
1675 1321 1737 1365 Sit

344 1413 364 1436 »
400 1395 507 1437 mihi
531 1395 681 1439 civitas
706 1394 972 1454 sepulcrum,
992 1410 1122 1454 super
1139 1396 1262 1455 cujus
1288 1409 1436 1438 muros
1454 1392 1732 1437 saliebam5.»

343 1465 603 1510 Societatem
632 1464 751 1508 illam
790 1465 1052 1522 Babyloniae
1081 1464 1177 1509 vult
1213 1465 1293 1509 tibi
1327 1463 1576 1524 sepulcrum
1605 1482 1613 1507 :
1645 1477 1736 1506 non

341 1544 390 1579 ut
414 1551 514 1579 eum
537 1536 716 1590 obruat,
742 1535 817 1580 sed
842 1544 892 1580 ut
913 1535 1020 1580 sciat
1041 1535 1143 1596 quia
1170 1544 1367 1580 mortuos
1396 1535 1501 1593 tegit
1529 1534 1735 1595 quicum-

340 1622 427 1666 que
450 1607 493 1649 in
511 1605 583 1650 illa
607 1604 786 1661 fuerint,
813 1605 866 1650 de
889 1608 1013 1666 cujus
1036 1615 1247 1667 tanquam
1270 1607 1546 1650 firmamento
1569 1614 1612 1649 et
1633 1620 1735 1648 mu-

341 1676 505 1720 nimine
533 1677 829 1736 superbiebat.
860 1696 878 1718 «
909 1679 1008 1722 Non
1037 1692 1227 1737 parcam.
1254 1679 1352 1722 Non
1382 1675 1498 1720 enim
1528 1676 1735 1719 mentitus

345 1766 364 1789 »
400 1764 496 1792 sum
519 1768 526 1792 :
548 1748 681 1792 verba
698 1757 800 1792 sunt
818 1758 964 1793 sancta
985 1750 1062 1793 Dei
1079 1749 1208 1792 meiss.
1236 1767 1256 1790 ³>
1284 1749 1396 1802 Quia
1415 1763 1504 1792 non
1527 1746 1607 1791 alia
1625 1746 1736 1791 dixit

340 1835 474 1878 quam
505 1818 671 1863 audivit
694 1835 717 1863 a
741 1822 845 1864 Deo.
874 1819 925 1863 Id
947 1828 1027 1874 est,
1053 1819 1107 1863 de
1139 1819 1316 1864 homine
1349 1817 1608 1877 generaliter
1628 1832 1734 1876 pro-

339 1889 582 1948 phetantis,
603 1890 706 1950 quia
729 1889 889 1933 auxilio
921 1889 1088 1949 indiget
1110 1890 1156 1933 in
1178 1888 1461 1934 confessione.
1494 1908 1514 1930 «
1539 1890 1647 1941 Quae
1670 1896 1734 1931 est

342 1978 362 2000 »
399 1959 513 2003 enim
536 1961 671 2005 virtus
690 1975 800 2015 mea,
823 1969 873 2004 ut
890 1961 1128 2004 sufferam?
1154 1979 1173 2001 »
1195 1960 1327 2013 Quod
1348 1959 1619 2017 significabat
1640 1958 1734 2004 vul-

340 2046 421 2073 nus
444 2031 552 2090 ejus,
579 2051 598 2073 «
632 2034 721 2075 Aut
744 2032 865 2091 quod
888 2041 1058 2090 tempus
1089 2046 1259 2085 meum,
1280 2040 1331 2075 ut
1358 2030 1569 2074 sustineat
1590 2029 1733 2073 anima

344 2118 362 2140 »
398 2102 550 2144 mea⁷P
575 2120 594 2141 »
625 2101 737 2154 Quia
759 2102 1014 2145 imminente
1037 2111 1176 2146 morte
1204 2111 1424 2146 terrentur
1442 2100 1657 2155 homines,
1683 2110 1733 2144 ut

339 2181 673 2226 convertantur,
699 2181 742 2216 et
774 2173 1065 2216 confiteantur
1098 2176 1187 2217 Deo
1215 2171 1494 2232 putredinem
1528 2180 1731 2230 peccato-

339 2256 452 2296 rum,
474 2243 597 2301 eujus
619 2241 966 2287 consideratione
988 2258 1032 2286 se
1063 2243 1167 2287 dicit
1198 2243 1294 2301 cogi
1318 2242 1373 2287 ad
1390 2242 1727 2287 confessionem.

342 2332 363 2355 «
396 2312 624 2373 Numquid
647 2313 781 2357 virtus
804 2313 1002 2373 lapidum
1023 2314 1160 2358 virtus
1179 2315 1332 2358 meas?
1363 2331 1384 2355 >›
1409 2316 1548 2358 Duros
1577 2321 1620 2357 et
1646 2313 1731 2357 im-

337 2383 626 2441 penetrabiles
643 2382 798 2444 jaculis
821 2384 1055 2429 verborum
1078 2385 1174 2439 Dei,
1201 2384 1278 2444 qui
1299 2399 1389 2428 non
1411 2392 1644 2428 moventur
1675 2382 1732 2427 ad

337 2453 652 2498 confitendum.
670 2473 689 2496 «
702 2457 790 2499 Aut
800 2470 890 2500 non
902 2455 947 2499 in
958 2455 1051 2514 ipso
1063 2454 1356 2510 confidebam,
1369 2469 1471 2499 cum
1488 2453 1595 2497 mihi
1613 2453 1726 2498 bene

387 2555 395 2570 ¹
419 2549 493 2580 Job.
514 2561 560 2590 Vl,
580 2561 612 2592 7.
633 2566 675 2572 —
693 2556 706 2572 ²
726 2551 817 2582 Rom.
833 2562 871 2591 x,
898 2548 949 2592 ¹3}-
973 2567 1011 2573 -
1028 2548 1042 2573 3
1059 2549 1132 2582 Job.
1155 2560 1202 2591 vi,
1225 2560 1255 2592 7.
1278 2567 1319 2573 —-
1338 2549 1353 2579 4
1379 2549 1458 2582 lbid.
1480 2549 1512 2581 8.
1540 2565 1581 2571 —
1601 2547 1615 2572 5
1640 2548 1723 2581 Ibid.

345 2605 502 2646 1o‚juxta
517 2616 588 2636 Lxx.
609 2622 650 2628 --
665 2603 837 2638 61¹›i.1.-
852 2613 865 2637 3
886 2605 965 2638 Ibid.
991 2618 1039 2638 ιι.
1064 2623 1104 2629 -·-
1123 2604 1305 2638 8112id.12.
