1833 3284
441 256 684 286 ENARRATIO
716 259 763 286 m
794 256 998 286 PsALMUM
1030 259 1109 285 vn.
1385 247 1465 291 171

81 325 172 384 ejus
192 321 484 367 humilitatem
513 320 750 367 multitudo
778 322 839 367 ita
860 337 958 367 eum
977 320 1293 378 circumdedit,
1325 331 1376 367 ut
1396 337 1472 367 ve-

81 395 245 440 rissime
267 393 484 438 diceretur
509 412 518 438 2
547 411 565 433 «
589 394 769 440 Caecitas
787 409 837 437 ex
858 402 980 455 parte
1008 392 1141 437 Israel
1162 390 1278 444 sacta
1310 403 1400 449 est,
1421 402 1472 438 ut

85 485 104 508 »
128 463 365 524 plenitudo
387 463 581 522 gentium
614 463 822 508 intraret¹
852 483 862 508 :
891 483 909 505 »
935 472 978 507 et
1010 461 1146 514 illud;
1185 481 1204 503 ι(
1237 462 1415 509 Postula
1447 479 1473 509 a

84 555 103 578 »
124 550 210 590 me,
236 543 280 579 et
296 533 413 579 dabo
435 533 516 578 tibi
538 543 687 593 gentes
697 533 998 578 haereditatem
1013 541 1150 589 tuam,
1175 543 1219 578 et
1241 535 1472 593 possessio-

84 626 104 648 »
128 620 231 649 nem
252 614 374 649 tuam
401 603 609 649 terminos
641 608 814 648 terrae2.
841 606 898 649 Et
918 613 1097 663 propter
1118 604 1232 648 hanc
1253 604 1300 648 in
1332 603 1472 649 altum

84 696 103 719 >›
128 674 371 734 regredere,
398 695 416 718 »
436 674 483 720 id
504 684 583 730 est,
604 685 781 735 propter
792 675 904 720 hanc
920 674 1303 734 congregationem
1325 690 1474 735 regre-

79 746 183 791 dere
203 746 249 789 in
272 744 410 790 altum
432 765 441 790 ε
463 745 585 806 quod
602 745 869 805 resurgendo
887 754 930 789 et
943 746 989 789 in
1010 744 1175 790 coelum
1196 746 1473 799 ascendendo

78 815 229 862 secisse
252 814 526 875 intelligitur.
560 818 626 860 Ita
657 817 774 860 enim
808 814 1071 874 glorificatus
1103 814 1226 860 dedit
1260 816 1472 875 Spiritum

79 897 300 942 sanctum,
325 887 401 947 qui
429 895 530 932 ante
561 885 923 946 glorificationem
945 887 1038 945 ejus
1065 885 1158 930 dari
1185 902 1277 930 non
1302 897 1468 946 posset,

78 958 190 1003 sicut
209 958 254 1002 in
272 957 511 1016 Evangelio
532 957 725 1017 positum
747 966 810 1001 est
830 976 840 1001 :
860 975 878 998 «
902 956 1086 1016 Spiritus
1108 965 1254 1000 autem
1269 957 1472 1001 nondum

78 1037 171 1073 erat
191 1028 341 1083 datus‚
365 1028 467 1089 quia
499 1029 624 1073 Jesus
655 1026 855 1072 nondum
882 1036 974 1072 erat
1004 1026 1263 1071 clarificatus
1277 1029 1310 1083 ³,
1337 1048 1353 1069 »
1381 1031 1471 1072 Re-

79 1114 248 1158 gressus
265 1113 368 1157 ergo
379 1098 425 1142 in
447 1097 584 1142 altum
597 1106 775 1159 propter
788 1096 1171 1156 congregationem
1185 1096 1468 1156 populorum,

78 1169 194 1214 misit
212 1168 422 1228 Spiritum
442 1177 640 1212 sanctum
663 1187 671 1212 :
693 1183 781 1228 quo
802 1166 970 1227 impleti
997 1166 1303 1227 praedicatores
1321 1170 1471 1213 Evan-

80 1239 181 1299 gelii
202 1239 356 1283 orbem
375 1248 590 1282 terrarum
602 1237 805 1282 Ecclesiis
827 1237 1136 1298 impleverunt.

138 1313 239 1356 VII.
264 1314 414 1355 Potest
435 1319 479 1354 et
503 1310 562 1355 sic
584 1310 663 1354 iste
681 1325 831 1354 sensus
848 1309 1056 1368 intelligi:
1077 1328 1094 1350 «
1117 1312 1354 1369 Exurgere,
1380 1313 1472 1356 Do-

84 1401 103 1424 »
128 1382 262 1440 mine⁷
275 1382 323 1426 in
343 1383 405 1426 ira
422 1390 514 1434 tua,
535 1390 579 1425 et
599 1381 785 1425 exaltare
806 1381 852 1425 in
869 1381 1031 1426 finibus
1048 1381 1325 1445 inimicorum
1347 1397 1471 1428 meo-

84 1472 104 1496 »
124 1454 252 1498 rum4
271 1473 280 1498 :
301 1473 319 1495 »
339 1453 386 1498 id
407 1462 486 1507 est,
508 1468 668 1511 exurge
690 1453 737 1497 in
760 1453 824 1496 ira
847 1461 923 1496 tua
941 1488 952 1508 ‚
982 1462 1026 1497 et
1046 1468 1135 1497 non
1158 1461 1201 1497 te
1224 1452 1473 1512 intelligant

79 1523 244 1568 inimici
264 1523 350 1567 mei
371 1542 380 1568 :
400 1531 452 1567 ut
471 1523 555 1568 hoc
578 1523 632 1567 sit
653 1542 670 1563 «
690 1523 915 1577 Exaltare‚
936 1522 1015 1567 »id
1035 1533 1123 1580 est,
1147 1524 1258 1569 altus
1280 1525 1468 1580 efficere,

79 1611 136 1640 ne
157 1592 433 1652 intelligaris3
452 1592 574 1654 quod
591 1592 777 1638 retertur
791 1593 846 1639 ad
868 1592 978 1638 illud
999 1593 1235 1640 silentium.
1264 1595 1332 1640 Sic
1355 1595 1473 1638 enim

81 1665 136 1710 de
157 1665 240 1710 hac
261 1663 521 1710 exaltatione
547 1664 594 1707 in
626 1663 709 1709 alio
739 1663 911 1709 Psalmo
939 1664 1099 1709 dicitur
1121 1685 1130 1710 ;
1160 1684 1180 1706 «
1203 1668 1262 1710 Et
1279 1663 1472 1710 ascendit

85 1756 104 1778 »
128 1751 259 1796 super
280 1734 522 1781 Cherubim
541 1770 552 1790 ,
576 1743 619 1778 et
640 1734 815 1779 volavit.
838 1737 896 1779 Et
915 1735 1059 1795 posuit
1080 1736 1283 1780 tenebras
1304 1735 1471 1780 latibu-

28 1822 31 1827 ’
85 1825 104 1849 »
124 1806 220 1860 lum
239 1821 368 1851 suum
381 1808 413 1850 ⁵.
436 1824 455 1847 »
477 1808 574 1859 Qua
587 1804 863 1861 exaltatione,
880 1805 928 1852 id
945 1815 1025 1862 est,
1042 1803 1351 1863 occultatione,
1369 1822 1472 1850 cum

81 1887 125 1923 te
159 1877 316 1922 merito
348 1886 628 1938 peccatorum
654 1892 833 1922 suorum
856 1872 958 1922 non
995 1876 1286 1922 intellexerint
1318 1878 1395 1938 qui
1428 1887 1473 1922 te

82 1949 355 2008 crucifigent,
379 1948 656 2007 congregatio
676 1946 949 1992 credentium
977 1946 1268 1992 circumdabit
1285 1957 1344 1992 te.
1374 1951 1473 2007 Ipsa

82 2019 199 2064 enim
215 2018 460 2063 humilitate
482 2017 692 2063 exaltatus
714 2027 799 2073 est,
824 2017 871 2061 id
894 2027 957 2062 est
973 2053 983 2073 ,
1009 2033 1100 2062 non
1123 2026 1187 2061 est
1203 2015 1468 2063 intellectus.

82 2091 141 2135 Ut
164 2089 220 2134 ad
240 2090 325 2134 hoc
346 2088 574 2144 referatur,
604 2108 622 2130 ι(
644 2091 702 2132 Et
722 2104 896 2147 exurge,
922 2087 1107 2133 Domine
1125 2091 1239 2133 Deus
1260 2103 1400 2144 meus,
1425 2089 1472 2133 in

87 2180 107 2203 »
131 2169 351 2220 praecepto
373 2160 494 2221 quod
521 2160 761 2204 mandasti⁶
790 2179 798 2204 :
826 2178 845 2201 >›
873 2158 919 2203 id
942 2168 1026 2215 est,
1053 2175 1154 2204 cum
1185 2175 1365 2219 appares
1387 2160 1473 2203 hu-

62 2264 64 2266 *
83 2231 195 2275 milis
210 2267 222 2287 ,
247 2230 359 2276 altus
383 2240 494 2286 esto,
519 2240 570 2275 ut
587 2247 677 2275 non
700 2240 743 2274 te
766 2229 1012 2289 intelligant
1035 2230 1198 2275 inimici
1219 2230 1320 2275 mei.
1346 2233 1369 2274 J
1375 2239 1472 2275 usto

85 2311 232 2346 autem
253 2310 354 2346 sunt
375 2311 621 2361 peccatores
637 2301 800 2345 inimici
816 2336 826 2356 ,
849 2310 891 2344 et
909 2302 981 2361 pio
1004 2302 1141 2361 impii.
1173 2305 1264 2346 «Et
1284 2317 1471 2360 congre-

90 2391 109 2414 »
129 2372 242 2430 gatio
253 2370 520 2432 populorum
535 2371 824 2416 circumdabit
841 2373 924 2415 te7:
946 2392 962 2413 2>
978 2371 1022 2415 id
1039 2382 1118 2427 est,
1136 2388 1212 2432 per
1226 2373 1310 2416 hoc
1326 2373 1472 2431 ipsum

85 2441 206 2503 quod
227 2458 317 2487 non
339 2451 381 2488 te
414 2441 665 2502 intelligunt
687 2442 764 2503 qui
782 2452 824 2486 te
847 2442 1131 2502 crucifigunt,
1161 2443 1342 2488 credent
1362 2443 1407 2487 in
1428 2452 1472 2487 te

134 2545 144 2561 ¹
171 2541 261 2572 Rom.
290 2551 347 2583 xi,
364 2540 419 2574 25.
437 2555 481 2562 —-
499 2545 513 2562 ²
537 2539 615 2572 Psal.
628 2551 664 2582 11,
681 2539 713 2573 8.
734 2555 777 2564 -
799 2537 814 2563 3
831 2542 1011 2584 Joan.v11,
1031 2540 1084 2586 39.
1110 2557 1153 2568 -
1168 2539 1187 2575 l·
1204 2540 1282 2577 Psal.
1296 2552 1360 2584 vu,
1376 2550 1408 2583 7.
1428 2555 1471 2566 v-

87 2591 103 2617 5
121 2596 170 2630 Id.
189 2606 274 2638 xvn,
293 2606 348 2638 11,
373 2603 427 2631 12.
445 2611 488 2620 -·
505 2592 521 2620 ⁶
536 2595 588 2630 ld.
602 2606 658 2638 vu,
672 2606 704 2638 7.
728 2611 771 2618 -—
790 2601 804 2630 7
825 2595 907 2630 lbid.
925 2595 958 2628 8.
