1833 3284
377 252 618 282 ENARRATIO
651 256 683 282 11
716 257 760 283 ΙΝ
795 255 998 284 PsALMUM
1031 257 1137 283 xxv.
1370 242 1454 281 325

69 338 87 360 «
123 319 338 373 Quoniam
357 319 493 378 ego-in
512 319 761 365 innocentia
782 337 877 366 mea
896 321 1132 377 ambulavi,
1147 329 1191 365 et
1206 321 1251 365 in
1267 308 1455 366 Domino

68 410 87 432 »
121 406 297 450 sperans
326 407 415 436 non
444 392 697 437 movebor1.
729 413 746 434 )›
772 393 889 446 Quid
910 403 1000 448 est,
1026 412 1044 434 «
1072 396 1124 436 In
1146 393 1333 437 Domino
1355 407 1456 452 spe-

67 480 86 503 »
121 464 245 506 rans?
263 482 279 503 »
298 462 377 507 llle
394 462 510 506 enim
528 462 690 507 titubat
709 463 822 507 inter
835 462 986 519 malos,
1008 463 1084 523 qui
1102 463 1247 507 nonin
1267 463 1453 507 Domino

62 542 218 592 sperat.
246 534 358 579 Hinc
379 533 542 578 factum
565 543 629 579 est
650 544 700 579 ut
727 534 955 579 schismata
982 536 1150 578 fierent.
1186 535 1453 593 Trepidave-

61 612 165 648 runt
186 604 298 648 inter
318 603 469 659 malos,
488 619 588 648 cuni
603 605 682 664 ipsi
703 606 869 665 pejores
889 615 1050 661 essent,
1077 614 1120 649 et
1138 604 1260 665 quasi
1282 603 1454 648 nollent

60 690 150 719 esse
178 675 283 719 boni
306 675 418 720 inter
448 675 597 720 malos.
635 678 672 720 Ο
701 676 735 720 si
768 676 988 721 frumenta
1020 685 1188 731 essent,
1223 690 1362 736 usque
1397 674 1453 719 ad

60 754 230 806 tempus
253 746 544 790 ventilationis
572 746 742 806 paleam
769 748 815 790 in
844 763 940 791 area
961 747 1210 791 tolerarent.
1242 745 1325 791 Sed
1347 746 1452 806 quia

57 815 181 875 palea
205 826 349 871 erant,
383 817 504 862 flavit
534 827 690 861 ventus
721 826 822 862 ante
852 818 989 877 ipsam
1019 816 1346 861 ventilationem
1365 853 1375 872 ‚
1409 824 1453 859 et

58 888 203 947 rapuit
225 887 280 932 dc
303 904 398 933 arca
412 888 597 948 paleam,
624 898 667 933 et
687 889 871 949 projecit
887 888 930 932 in
954 889 1111 948 spinas.
1130 891 1187 933 Et
1203 888 1325 948 palca
1348 889 1450 948 qui-

57 957 156 1016 dem
178 957 280 1002 inde
310 960 503 1020 projecta
521 968 585 1003 est
603 979 610 1004 z
638 959 713 1003 sed
735 958 954 1020 numquid
976 958 1096 1019 quod
1127 959 1333 1003 remansit
1354 957 1450 1002 fru-

56 1039 254 1075 mentum
287 1029 429 1075 solum
456 1033 549 1075 est?
577 1033 675 1076 Non
711 1030 829 1076 volat
861 1041 961 1075 ante
997 1030 1327 1076 ventilationem
1368 1029 1451 1074 nisi

55 1099 178 1160 palea
195 1137 205 1156 ,
231 1111 426 1145 remanet
449 1110 595 1145 autem
629 1110 672 1145 et
704 1100 976 1146 frumentum
1008 1111 1052 1146 et
1072 1101 1196 1162 palea
1228 1121 1237 1147 ε
1262 1100 1449 1146 ventila-

54 1171 173 1216 bitur
192 1187 295 1217 vero
316 1171 440 1232 palea
456 1208 466 1227 ,
493 1188 594 1217 cum
615 1173 783 1218 venerit
804 1182 979 1232 tempus
1007 1172 1316 1217 ventilationis.
1354 1174 1448 1216 Hoc

0 1256 1 1282 1
53 1241 163 1287 dixit
192 1243 300 1288 iste:
330 1261 348 1283 «
373 1246 423 1287 In
444 1243 693 1288 innocentia
722 1258 819 1287 mea
853 1243 1100 1298 ambulavi,
1127 1244 1232 1288 etin
1258 1243 1448 1287 Domino

59 1332 76 1354 »
111 1328 286 1372 sperans
310 1329 399 1358 non
421 1314 644 1359 movebor.
669 1334 685 1355 »
708 1314 749 1358 Si
769 1314 884 1357 enim
913 1329 1142 1374 speravero
1170 1314 1215 1357 in
1236 1314 1415 1358 homine
1432 1342 1452 1367 ,›

51 1384 220 1429 visurus
241 1399 337 1428 sum
361 1384 541 1430 fortasse
563 1386 706 1444 ipsum
736 1385 959 1429 hominem
983 1384 1220 1445 aliquando
1243 1385 1357 1429 male
1379 1385 1446 1429 vi-

51 1464 246 1510 ventem,
271 1471 352 1500 nec
373 1471 444 1499 eas
465 1457 553 1500 vias
570 1464 807 1511 tenentem,
830 1472 936 1516 quas
957 1455 1029 1500 vel
1048 1455 1200 1500 didicit
1222 1455 1291 1500 vel
1315 1455 1444 1500 docet

51 1525 95 1569 in
117 1525 310 1572 Ecclesia
329 1526 487 1582 bonas,
515 1526 590 1570 sed
608 1543 714 1588 quas
743 1526 918 1571 diabolo
937 1528 1122 1571 docente
1143 1536 1330 1572 sectatus
1353 1536 1441 1585 cst3

51 1606 95 1640 et
119 1598 222 1657 quia
245 1613 339 1657 spes
359 1613 453 1642 mea
475 1598 521 1642 in
541 1598 719 1642 homine
741 1598 843 1653 erit,
868 1598 1086 1642 titubante
1109 1598 1308 1653 homine,
1335 1598 1444 1642 titu-

49 1666 170 1712 babit
192 1684 287 1728 spes
304 1679 422 1724 mea,
444 1678 487 1713 et
501 1668 685 1713 cadente
706 1668 906 1723 homine,
932 1667 1058 1713 cadet
1079 1684 1174 1728 spes
1196 1683 1292 1712 mea
1311 1686 1320 1713 t
1340 1668 1444 1729 quia

50 1739 211 1782 veroin
224 1741 412 1784 Domino
429 1755 556 1799 spero
569 1775 578 1792 ,
603 1755 692 1782 non
715 1738 940 1783 movebor.

108 1811 207 1853 VII.
235 1809 466 1870 Sequitur:
497 1828 514 1850 «
542 1810 683 1854 Proba
704 1825 775 1853 me
791 1845 802 1864 ,
830 1808 1028 1864 Domine,
1052 1817 1096 1852 et
1114 1817 1232 1852 tenta
1249 1824 1344 1867 me3
1365 1824 1443 1853 ure

55 1898 73 1920 »
107 1894 231 1924 renes
255 1895 371 1925 meos
392 1889 435 1924 et
447 1896 522 1924 cor
540 1895 689 1924 meum
704 1882 737 1923 2.
764 1900 780 1920 »
800 1879 916 1932 Quid
933 1888 1020 1934 est,
1044 1898 1062 1919 «
1080 1881 1165 1923 Ure
1180 1894 1304 1923 renes
1324 1895 1443 1923 meos

55 1969 72 1990 »
108 1959 151 1994 et
172 1966 246 1995 cor
267 1965 430 1994 meum.
452 1970 469 1991 »
490 1952 575 1994 Ure
592 1949 901 1994 delectationes
915 1964 1046 2004 meas,
1068 1965 1145 1992 ure
1158 1949 1443 2008 cogitationes

47 2020 181 2075 ineaS,
209 2023 320 2080 (Cor
340 2036 420 2080 pro
441 2020 803 2079 cogitationibus,
830 2035 953 2063 renes
973 2035 1053 2078 pro
1076 2019 1444 2064 delectationibus

48 2092 250 2150 posuit·',)
271 2107 327 2135 ne
348 2091 514 2151 aliquid
530 2090 633 2135 mali
656 2092 864 2149 cogitem,
888 2105 944 2134 nc
964 2090 1131 2151 aliquid
1152 2090 1255 2135 mali
1272 2106 1341 2135 me
1363 2091 1444 2136 de-

8 2166 10 2169 ’
47 2161 193 2207 lectet.
218 2161 343 2206 Unde
361 2171 506 2206 autem
527 2176 626 2205 ures
644 2176 766 2205 renes
784 2162 932 2204 meos?
954 2161 1055 2219 igne
1071 2161 1195 2205 verbi
1214 2161 1293 2205 tui.
1317 2160 1444 2206 Unde

47 2248 146 2277 ures
164 2249 239 2278 cor
256 2231 584 2277 meumPcalore
606 2232 779 2292 spiritus
798 2232 878 2277 tui.
905 2235 966 2276 De
980 2248 1069 2293 quo
1092 2231 1236 2277 calore
1254 2232 1358 2277 alibi
1380 2232 1444 2276 di-

48 2304 160 2348 citur
181 2324 189 2349 :
217 2323 235 2345 «
261 2307 320 2348 Et
338 2319 428 2348 non
450 2313 514 2347 est
536 2304 613 2364 qui
635 2318 678 2347 se
700 2303 941 2348 abscondat
965 2319 989 2347 a
1011 2303 1154 2347 calore
1183 2305 1293 2364 ejus³
1308 2338 1317 2348 .
1340 2324 1356 2346 »
1387 2306 1445 2348 Et

49 2373 102 2418 de
122 2389 212 2434 quo
231 2373 332 2432 igne
353 2373 564 2417 Dominus
586 2373 692 2418 dicit
710 2393 718 2418 ε
750 2392 766 2413 «
795 2377 948 2432 Ignem
968 2374 1069 2418 veni
1089 2373 1262 2418 mittere
1285 2374 1331 2418 in
1355 2383 1443 2418 ter-

54 2462 72 2485 »
108 2444 242 2487 ram4.
269 2463 287 2484 »

109 2515 231 2557 VIII.
255 2515 373 2572 Ergo
394 2513 617 2573 sequitur:
643 2532 659 2552 «
683 2513 902 2566 Quoniam
930 2513 1220 2558 misericordia
1245 2523 1319 2558 tua
1343 2523 1443 2558 ante

98 2604 106 2620 ¹
125 2597 206 2629 Psal.
227 2608 302 2639 xvv,
323 2609 350 2629 1.
373 2615 414 2619 —
437 2597 658 2629 211›i‹].9..—a
680 2596 862 2632 ³t‹1.‹vm,
885 2610 914 2641 7.
933 2615 974 2619 —-
1000 2597 1107 2629 liLuc.
1132 2610 1185 2639 xii,
1205 2598 1258 2641 49.
