1833 3284
366 239 608 270 ENARRATro
641 244 673 269 11
706 245 750 270 liv
784 241 987 271 PsALMUM
1020 243 1125 270 xxv.
1353 231 1432 269 321

52 308 175 365 tatis,
199 307 302 367 quia
316 322 407 351 non
423 307 582 352 scimus
598 307 705 369 quid
723 308 899 353 futurus
916 309 971 353 sit
988 309 1063 370 qui
1080 306 1213 352 modo
1236 307 1348 351 nihil
1360 306 1439 352 est.

110 380 193 422 III.
220 380 337 437 Ergo
368 376 581 421 attendite
603 388 759 423 caetera
780 379 826 422 in
848 378 1073 423 induendo
1102 394 1269 423 novum
1297 378 1444 422 homi-

51 464 152 494 nem
163 457 206 492 et
216 447 416 493 exuendo
428 457 634 493 veterem.
646 453 960 509 «Deponentes,
971 450 1132 510 inquit,
1148 447 1442 504 mendacium,

0 526 2 534 ⁸
54 538 74 562 n
98 518 331 580 loquimini
342 519 569 564 veritatem
581 521 882 582 unusquisque
897 537 997 565 cum
1011 520 1207 580 proximo
1225 535 1303 564 suo
1321 521 1447 580 :quia

55 611 75 633 »
96 606 246 636 sumus
266 590 452 635 invicem
469 592 680 636 membra.
706 592 960 648 Irascimini,
980 601 1022 636 et
1043 591 1180 636 nolite
1197 606 1390 651 peccare.
1422 609 1443 631 )›

55 662 98 708 Si
119 671 349 723 propterea
375 662 567 707 irasceris
590 679 713 709 servo
736 673 837 719 tuo,
861 664 964 724 quia
988 663 1185 723 peccavit
1211 681 1220 707 ε
1249 678 1304 706 116
1329 671 1372 706 61
1398 671 1448 706 tu

52 733 143 793 ipse
164 749 337 793 pecces,
362 733 545 779 irascere
565 734 661 779 tibi.
687 753 706 776 »
733 735 808 780 Sol
829 751 918 779 non
936 734 1105 779 occidat
1121 749 1251 794 super
1273 734 1449 778 iracun-

55 822 76 846 »
97 803 213 848 diam
235 813 422 849 vestram
439 806 500 848 ¹.»
517 804 781 864 Intelligitur
796 804 976 866 quidem
998 804 1240 849 secundum
1259 813 1446 863 tempus,

53 873 206 919 fratres
232 894 240 919 z
267 875 369 935 quia
390 877 469 919 etsi
487 875 638 934 exipsa
653 876 842 919 humana
865 874 1119 920 conditione
1134 883 1177 918 et
1193 874 1446 918 infirmitate

53 945 342 1002 mortalitatis,
363 962 497 1006 quam
518 956 758 1007 portamus,
781 946 978 1006 subrepit
996 946 1058 989 ira
1080 946 1342 1000 Christiano,
1361 961 1450 989 non

55 1017 186 1062 debet
203 1017 280 1062 diu
302 1018 442 1062 teneri
465 1027 508 1062 et
529 1019 623 1062 fieri
636 1017 850 1078 pridiana.
867 1019 986 1078 Ejice
1002 1017 1122 1062 illam
1146 1017 1200 1060 de
1218 1017 1350 1061 corde
1372 1033 1450 1060 an-

56 1097 232 1149 tequam
267 1087 439 1133 occidat
470 1088 547 1132 lux
577 1089 657 1133 ista
692 1088 898 1143 visibilis,
935 1104 990 1132 ne
1020 1097 1061 1131 te
1090 1087 1261 1131 deserat
1281 1087 1358 1131 lux
1379 1087 1453 1131 illa

54 1159 295 1204 invisibilis.
325 1159 410 1205 Sed
433 1160 477 1204 e‘t
498 1159 622 1204 aliter
650 1160 763 1204 bene
786 1158 1065 1218 intelligitur,
1092 1158 1194 1218 quia
1224 1167 1285 1202 est
1308 1167 1453 1202 noster

59 1229 131 1275 Sol
149 1230 331 1291 justitiae
345 1230 502 1275 veritas
534 1231 760 1288 Christus,
785 1245 876 1274 non
904 1230 983 1273 iste
1014 1228 1080 1274 sol
1101 1229 1176 1289 qui
1207 1228 1413 1273 adoratur
1430 1245 1454 1273 a

56 1302 238 1360 Paganis
261 1310 304 1346 et
324 1302 576 1347 Manicliaeis
599 1337 609 1357 ,
641 1311 685 1346 et
700 1301 875 1346 videtur
907 1301 1037 1345 etiam
1061 1317 1083 1344 a
1118 1300 1422 1360 peccatoribus
1441 1321 1452 1358 3

56 1372 132 1417 sed
152 1371 225 1416 ille
244 1371 354 1417 alius
376 1373 500 1433 cujus
516 1372 697 1416 veritate
720 1371 911 1416 humana
932 1380 1090 1415 natura
1114 1370 1378 1426 illustratur,
1400 1371 1457 1416 ad

56 1458 188 1504 quem
223 1442 417 1502 gaudent
442 1442 598 1501 Angeli
625 1462 633 1487 ;
654 1442 886 1486 11011111111111
910 1450 1055 1485 autem
1078 1442 1307 1485 infirmatae
1346 1442 1456 1486 acies

57 1513 199 1559 cordis
222 1514 300 1558 etsi
319 1512 539 1574 trepidant
576 1513 659 1557 sub
683 1511 811 1557 radiis
834 1514 949 1572 ejus,
976 1511 1031 1556 ad
1054 1528 1156 1556 eum
1178 1521 1325 1556 tamen
1348 1528 1455 1557 con-

58 1583 362 1643 templandum
389 1599 467 1643 per
500 1582 706 1628 mandata
743 1591 1003 1642 purgantur.
1032 1584 1145 1627 Cum
1173 1583 1356 1642 coeperit
1377 1583 1456 1626 iste

58 1654 123 1700 sol
142 1655 188 1699 in
206 1655 386 1700 homine
407 1654 604 1698 habitare
625 1669 703 1713 per
724 1652 872 1707 fidem,
894 1669 984 1697 11011
1008 1661 1179 1696 tantum
1194 1653 1239 1696 in
1262 1661 1303 1696 te
1314 1652 1457 1697 valeat

58 1725 281 1770 iracundia
304 1741 404 1786 quae
417 1725 464 1769 in
482 1734 525 1769 te
539 1725 746 1778 nascitur,
767 1733 818 1768 ut
848 1723 1018 1768 occidat
1038 1739 1168 1783 super
1184 1723 1455 1767 iracundiam

62 1805 181 1842 tuam
199 1832 209 1852 ,
240 1794 287 1840 id
314 1805 399 1851 est,
433 1795 603 1840 deserat
631 1795 827 1840 Christus
855 1803 1049 1838 mentem
1075 1804 1193 1838 tuam
1212 1815 1222 1851 3
1243 1794 1343 1854 quia
1365 1810 1456 1838 11011

60 1867 156 1914 vult
178 1867 376 1912 habitare
398 1867 596 1912 Christus
620 1881 721 1911 cum
754 1864 978 1909 iracundia
1011 1875 1101 1909 tua.
1128 1863 1313 1908 Videtur
1341 1865 1457 1908 enim

61 1939 185 2001 quasi
204 1939 295 1999 ipse
317 1954 340 1982 a
363 1947 405 1982 te
424 1936 646 1992 occidere,
667 1952 768 1981 cum
787 1946 835 1980 tu
858 1937 912 1980 ab
932 1936 1024 1995 ipso
1048 1935 1217 1979 occidas
1243 1955 1251 1979 :
1279 1936 1379 1995 quia
1394 1936 1457 1980 ira

62 2026 163 2056 cum
186 2009 513 2064 inveteraverit,
539 2007 689 2052 odium
713 2008 785 2064 fit,
809 2022 908 2050 cum
931 2006 1096 2050 factum
1121 2004 1253 2049 fuerit
1274 2005 1424 2050 odium
1442 2040 1453 2061 ,

57 2083 147 2142 jam
168 2078 387 2125 homicida
422 2094 480 2124 es.
512 2097 533 2120 ‹<
554 2077 706 2122 Omnis
734 2077 852 2121 enim
874 2077 950 2136 qui
972 2076 1065 2121 odit
1095 2074 1272 2120 fratrem
1296 2091 1424 2120 51111111
1442 2111 1453 2132 ,

66 2150 330 2197 »homicida
361 2152 473 2203 est2,
504 2168 522 2190 »
560 2149 672 2193 sicut
703 2147 810 2192 dicit
847 2150 1037 2191 Joannes
1071 2146 1308 2206 apostolus.
1345 2151 1457 2191 Item

65 2224 156 2284 ipse
170 2222 289 2277 dicit,
308 2240 327 2263 (ι
339 2221 449 2274 Quia
467 2220 608 2265 omnis
629 2218 705 2279 qui
731 2217 824 2263 odit
842 2217 1022 2262 fratrem
1044 2234 1188 2274 suum,
1204 2219 1251 2262 in
1266 2220 1456 2264 tenebris

69 2312 90 2336 1)
110 2301 259 2338 manet
273 2293 304 2336 ³.
319 2294 409 2336 »Et
424 2307 516 2336 non
529 2290 690 2335 mirum
707 2290 742 2334 si
763 2288 836 2334 ille
852 2288 898 2333 in
921 2289 1113 2334 tenebris
1135 2299 1297 2345 manet,
1320 2306 1344 2334 a
1365 2306 1455 2351 quo

65 2358 226 2410 occidit
246 2361 325 2407 sol.

124 2437 201 2481 IV.
226 2433 295 2479 Ad
310 2434 396 2478 hoc
408 2432 520 2478 forte
542 2432 673 2477 etiam
689 2432 879 2492 pertinet
898 2430 1020 2492 quod
1037 2431 1215 2476 audistis
1237 2432 1283 2476 in
1312 2435 1459 2478 Evan-

68 2505 181 2566 gelio
206 2525 215 2550 z
242 2503 613 2550 «Periclitabatur
635 2502 859 2562 navigium
874 2502 921 2546 in
951 2511 1125 2562 stagno,
1151 2511 1195 2548 et
1215 2502 1460 2549 dormiebat

117 2598 126 2614 ¹
148 2590 264 2634 Ephes.
280 2601 324 2631 iv,
339 2590 394 2622 26.
413 2606 454 2612 ·—
470 2595 482 2612 ²
501 2600 513 2621 1
535 2590 627 2621 Joan.
642 2599 687 2630 111,
711 2586 809 2619 15.-
825 2572 839 2610 3
857 2586 903 2619 Id.
924 2597 958 2628 11,
977 2597 1010 2629 9.

282 2655 404 2685 cxlv.
1245 2645 1292 2681 21
