1833 3284
366 258 607 287 ENAniiA‘rlo
638 261 671 288 11
704 260 750 286 ιΝ
782 258 984 286 rsALMUM
1018 259 1138 285 xxm.
1350 245 1434 283 355

55 344 76 367 »
104 324 350 370 bulantium
373 340 488 369 me.»
500 327 557 368 Et
573 322 795 384 quomodo
813 322 1045 367 traduntur
1065 321 1263 366 homines
1280 320 1326 364 in
1342 320 1437 364 ani-

50 411 142 441 mas
154 395 459 440 tribulantium
473 397 542 439 se?
559 414 579 437 (ι
596 395 813 448 Quoniam
832 395 1157 438 insurrexerunt
1169 393 1214 436 in
1229 408 1298 436 me
1311 401 1440 436 testes

52 485 73 509 »
97 467 262 527 iniqui.
283 485 303 508 »
325 469 421 510 Jam
442 465 544 526 quia
567 476 694 510 testes
717 465 856 525 iniqui
879 474 1008 519 sunt,
1032 473 1075 508 et
1096 462 1234 508 multa
1256 462 1369 507 mala
1392 462 1439 506 in

49 553 119 581 me
140 536 293 582 dicunt
307 545 379 592 ,et
400 536 446 580 in
469 535 615 580 multis
634 536 740 580 mihi
763 535 1027 592 detrahunt,
1052 535 1087 578 si
1109 533 1291 583 traditus
1315 532 1439 577 suero

47 607 94 652 in
115 608 279 652 animas
301 621 453 651 eorum
470 641 481 662 ,
511 607 696 651 mentiar
723 616 766 650 et
783 621 861 665 ego
879 642 890 661 ,
927 615 971 650 et
992 621 1065 650 cro
1094 607 1235 650 socius
1258 619 1409 648 eorum
1423 638 1434 659 ,

0 705 1 709 =
48 693 136 722 non
166 678 377 738 particeps
407 677 600 721 veritatis
633 686 748 732 tuae,
776 676 852 721 scd
880 677 1195 737 comparticeps
1220 674 1441 720 mendacii

49 750 252 796 adversus
268 758 335 793 te:
357 768 378 791 α
397 751 725 795 Exurrexerunt
743 749 850 793 mihi
868 758 994 793 testes
1012 748 1150 809 iniqui
1169 767 1178 793 2
1198 756 1242 791 et
1254 746 1437 790 mentita

52 840 72 864 »
97 830 162 866 est
180 820 386 881 iniquitas
409 819 529 868 sibi1.
556 839 576 862 »
606 820 717 874 Sibi,
744 835 833 863 non
855 819 986 863 mihi:
1013 819 1095 863 sibi
1120 834 1289 878 semper
1311 832 1437 861 men-

0 893 1 941 3
47 892 203 947 tiatur,
236 891 345 935 mihi
376 900 521 934 autem
555 906 645 934 non
678 890 929 934 mentiatur.
967 891 1009 934 Si
1041 889 1268 934 tradideris
1301 903 1371 931 me
1393 888 1440 932 in

0 962 1 1019 i
50 962 216 1007 animas
237 960 541 1006 tribulantium
572 976 668 1015 me,
694 960 740 1004 id
759 969 850 1015 est,
881 961 915 1004 si
943 975 1202 1005 consensero
1232 957 1440 1003 volunta-

49 1033 168 1078 tibus
185 1048 358 1087 eorum,
384 1033 475 1092 jam
497 1047 588 1076 non
607 1031 689 1076 sibi
721 1031 901 1075 mentita
933 1031 1015 1075 erit
1050 1030 1277 1091 iniquitas,
1304 1028 1380 1073 sed
1397 1037 1441 1072 et

49 1105 157 1150 mihi
184 1125 192 1150 ε
213 1105 248 1150 si
275 1114 421 1149 autem
450 1104 630 1148 saeviant
650 1113 868 1164 quantum
891 1102 1133 1156 voluerint,
1159 1112 1202 1146 et
1222 1110 1438 1146 conentur

47 1176 258 1236 impedire
279 1191 430 1220 cursus
464 1190 606 1233 meos,
641 1190 730 1219 non
760 1184 904 1218 tamen
936 1184 984 1218 tu
1006 1189 1077 1218 me
1105 1173 1181 1218 des
1212 1173 1258 1217 in
1275 1172 1441 1216 animas

48 1263 196 1293 eorum
210 1282 221 1303 ,
242 1263 330 1292 non
347 1245 660 1291 consentiendo
682 1244 981 1290 voluntatibus
1002 1260 1178 1299 eorum,
1203 1241 1439 1287 remanebo

48 1333 148 1378 ego,
169 1327 213 1362 et
233 1317 500 1378 permanebo
516 1317 563 1360 in
583 1316 764 1361 veritate
783 1325 878 1373 tua,
904 1325 947 1360 et
964 1316 1199 1360 mentietur
1213 1313 1435 1375 iniquitas,

47 1405 136 1434 non
154 1389 261 1434 mihi
276 1425 288 1446 ,
313 1387 389 1433 sed
411 1387 509 1432 sibi.

19 1453 55 1488 ⁰
104 1462 250 1508 XXII.
271 1461 403 1507 Redit
424 1461 481 1506 ad
501 1460 619 1506 illam
643 1474 778 1506 unam
797 1469 896 1519 post
917 1458 997 1504 ista
1017 1455 1229 1517 pericula,
1254 1465 1353 1518 post
1368 1456 1436 1501 la-

46 1534 172 1580 bores
189 1570 199 1589 ,
227 1543 326 1594 post
356 1533 660 1588 difficultates,
694 1534 806 1577 inter
834 1547 988 1576 manus
1009 1530 1365 1592 persequentium
1392 1538 1438 1574 et

27 1605 352 1652 'tribulantium
384 1615 598 1660 aestuans,
630 1604 860 1659 anhelans,
894 1603 1118 1658 laborans,
1148 1611 1192 1646 et
1219 1602 1370 1645 firmus
1392 1608 1436 1644 et

46 1686 189 1723 certus
210 1676 284 1722 illo
305 1676 587 1736 suscipiente,
611 1674 687 1719 illo
705 1676 888 1735 juvante
903 1709 914 1729 ,
935 1673 1009 1717 illo
1033 1673 1243 1728 ducente,
1264 1671 1341 1716 illo
1364 1685 1434 1715 re-

48 1757 196 1808 gente:
214 1757 358 1792 tamen
374 1755 472 1806 post
484 1745 608 1790 illum
622 1745 852 1790 circuitum
867 1753 909 1788 et
920 1743 1226 1804 jubilationem
1240 1742 1437 1786 exultans

47 1819 226 1878 gaudio,
245 1827 289 1862 et
304 1832 478 1875 gemens
496 1817 542 1860 in
559 1815 804 1870 laboribus,
834 1813 1064 1875 suspiravit
1084 1812 1140 1858 ad
1162 1822 1406 1858 extremum
1420 1846 1432 1867 ,

47 1898 92 1934 et
111 1889 194 1934 ait:
225 1909 246 1932 «
271 1887 413 1934 Credo
433 1887 581 1932 videre
602 1886 718 1930 bona
732 1885 907 1930 Domini
929 1885 975 1929 in
996 1893 1110 1928 terra
1133 1884 1389 1927 viventium.
1407 1900 1427 1923 n

47 1962 84 2006 Ο
99 1961 214 2006 bona
236 1959 409 2006 Domini
426 1958 594 2012 dulcia,
619 1956 907 2015 immortalia,
926 1954 1298 2014 incomparabilia,
1325 1968 1433 1997 sem-

46 2032 239 2092 piterna,
273 2026 663 2074 incommutabilia.
701 2030 758 2071 Et
784 2025 962 2086 quando
991 2041 1067 2070 vos
1101 2024 1289 2079 videbo,
1318 2024 1436 2068 bona

5 2100 6 2103 ¹
47 2103 246 2149 Domini?
283 2100 425 2147 Credo
464 2099 611 2145 videre
625 2134 637 2154 ,
676 2097 752 2142 sed
783 2113 873 2141 non
905 2097 950 2140 in
985 2105 1098 2141 terra
1133 2095 1432 2141 morientium.

51 2193 71 2216 »
105 2173 247 2220 Credo
263 2173 412 2218 videre
427 2173 540 2219 bona
555 2169 726 2216 Domini
748 2170 793 2213 in
811 2178 923 2213 terra
945 2167 1186 2213 viventium
1199 2171 1231 2211 ².
1252 2185 1274 2208 »
1299 2169 1437 2211 Eruet

48 2261 117 2293 me
134 2245 344 2292 Dominus
363 2261 386 2288 a
411 2253 521 2288 'esrra
541 2242 837 2296 morientium,
853 2240 929 2301 qui
950 2249 1128 2300 propter
1149 2254 1218 2282 me
1234 2237 1437 2296 dignatus

0 2316 2 2323 ’
49 2325 114 2362 est
143 2317 359 2376 suscipere
390 2322 551 2358 terram
583 2311 863 2357 morientium
884 2346 895 2366 ,
930 2320 973 2355 et
1001 2311 1111 2355 mori
1143 2310 1257 2353 inter
1278 2323 1433 2353 manus

0 2403 4 2413 ·
49 2387 353 2444 morientium3
389 2393 511 2429 eruet
544 2399 614 2428 me
649 2382 858 2427 Dominus
892 2380 947 2425 de
974 2390 1087 2425 terra
1116 2380 1429 2424 morientium:

0 2486 5 2495 ·
55 2477 76 2501 ιι
107 2457 250 2504 Credo
270 2456 417 2503 videre
435 2455 551 2499 bona
574 2453 745 2499 Domini
768 2453 814 2497 in
835 2461 947 2496 terra
967 2451 1224 2496 viventium.
1246 2469 1266 2492 »
1290 2449 1434 2510 Suspi-

1 2584 5 2591 ι
50 2543 148 2574 rans
169 2528 304 2584 dixit,
328 2527 531 2572 laborans
556 2523 684 2579 dixit,
708 2522 956 2583 periclitans
973 2521 1081 2566 dixit
1100 2521 1214 2566 inter
1226 2535 1430 2581 magnam

99 2622 108 2640 ⁸
133 2615 213 2648 Psal.
228 2625 317 2657 xxvi,
339 2623 390 2646 12.
412 2628 455 2635 -
474 2610 586 2644 ²1bid.
610 2612 660 2642 13.

1209 2665 1275 2703 23.
