1833 3284
415 269 657 299 ENARRATIO
688 272 734 298 ΙΝ
768 269 972 298 PsAmmM
1004 271 1097 297 xlx.
1371 260 1455 305 277

127 340 227 382 XII.
259 355 280 378 «
298 339 355 381 Et
374 351 453 396 per
472 336 557 380 hoc
578 345 629 380 ut
650 335 950 395 complaceant
970 333 1142 395 eloquia
1166 335 1249 380 oris
1275 335 1359 379 mei
1375 371 1386 392 ‚
1412 345 1456 380 et

71 426 92 451 »
126 408 350 453 meditatio
371 407 512 453 cordis
533 407 635 463 mei,
660 408 706 451 in
727 415 962 466 conspectu
983 416 1061 451 tuo
1079 408 1288 466 semper&
1307 409 1456 453 »Nam

66 479 102 524 si
124 480 179 523 ab
200 480 284 524 hoc
307 494 467 538 magno
491 476 650 522 delicto
667 494 757 522 non
777 476 1042 534 mundabor,
1061 478 1108 521 in
1125 487 1362 537 conspectu
1379 479 1456 523 ho-

65 549 236 594 minum
266 548 505 609 placebunt
537 548 709 609 eloquia
745 564 863 604 mea,
894 564 985 592 non
1014 548 1061 591 in
1089 557 1326 607 conspectu
1358 558 1451 593 tuo.

67 619 264 679 Superba
286 619 428 663 anima
449 618 495 662 in
512 628 749 679 conspectu
769 619 999 663 hominum
1021 618 1118 662 vult
1138 618 1309 678 placere
1336 638 1345 663 2
1368 619 1455 663 hu-

63 690 177 734 milis
199 691 341 735 anima
357 691 404 734 in
426 689 599 735 occulto
617 725 628 746 ‚
652 690 729 734 ubi
752 694 866 735 Deus
893 689 1034 745 videt,
1067 690 1164 734 vult
1185 683 1381 749 placere3
1403 699 1454 734 ut

63 761 98 805 si
133 760 344 820 placuerit
374 760 626 805 hominibus
657 760 712 804 (le
745 760 863 804 bono
895 776 1052 820 opere,
1090 760 1174 804 illis
1208 759 1451 818 gratuletur

63 831 221 891 quibus
239 829 381 891 placet
391 830 559 875 bonum
573 846 697 891 opus,
713 846 802 875 non
817 830 896 874 sibi
910 831 981 875 cui
995 830 1193 875 sufficere
1206 830 1337 874 debet
1350 831 1453 891 quia

62 902 166 947 fecit
186 902 354 947 bonum
377 918 500 962 opus.
530 922 551 945 «
577 902 723 947 Gloria
742 911 912 957 nostra,
933 902 1078 962 inquit
1093 938 1103 956 ,
1129 902 1223 946 haec
1249 911 1311 946 est
1327 938 1337 958 ,
1363 911 1453 947 tes-

63 966 85 1015 »'
119 973 352 1018 timonium
366 974 640 1019 consc‘Ientiae
655 977 854 1018 nostrae2.
869 992 888 1015 »
908 973 1101 1034 Ideoque
1114 972 1308 1017 dicamus
1324 974 1455 1018 etiam

61 1043 183 1104 quod
217 1045 414 1105 sequitur
440 1064 449 1090 2
480 1045 731 1099 «Domine,
766 1043 939 1104 adjutor
970 1059 1092 1088 meus
1125 1053 1169 1088 et
1200 1043 1453 1103 redemptor

64 1132 86 1156 »
120 1116 284 1159 meusss.
306 1133 327 1157 »
350 1115 537 1176 Adjutor
555 1116 602 1159 in
618 1115 766 1171 bonis,
792 1115 1042 1175 redemptor
1064 1131 1088 1159 a
1105 1114 1244 1159 malis.
1265 1114 1453 1175 Adjutor

60 1194 112 1230 ut
132 1185 326 1230 habitem
350 1186 398 1231 in
413 1186 622 1231 charitate
646 1195 722 1231 tua
736 1221 748 1242 ‚
775 1184 1026 1245 redemptor
1047 1194 1096 1230 ut
1118 1185 1276 1231 liberes
1304 1201 1374 1230 me
1395 1185 1450 1231 ab

61 1256 290 1317 iniquitate
312 1271 423 1301 mea.

875 1414 1303 1431 mmsmmsvmmvumm
1308 1413 1377 1430 mm
1382 1406 1453 1430 »vm

64 1412 517 1430 mmmmm
522 1413 660 1430 ἋΜΛΝἎ
664 1414 682 1430 Ν

555 1535 941 1584 ENARRATIO

459 1684 520 1723 IN
561 1683 868 1724 PSALMUM
909 1685 1034 1723 XIX.

430 1832 482 1873 In
502 1829 661 1886 finem,
689 1829 883 1874 Psalmus
900 1829 1079 1875 David⁴.

119 1967 153 2008 Ι.
174 1967 318 2010 Νοτυε
334 1974 399 2009 est
418 1965 498 2008 iste
514 1964 690 2020 titulus,
711 1980 793 2008 nec
815 1965 1012 2009 Christus
1035 1964 1140 2008 dicit
1158 1999 1167 2019 ‚
1189 1964 1265 2008 sed
1282 1965 1454 2009 Christo

61 2034 166 2079 dicit
188 2036 405 2094 Propheta
423 2070 433 2090 ,
458 2035 594 2094 figura
618 2034 798 2094 optandi
817 2051 917 2095 quae
938 2044 1123 2079 ventura
1147 2043 1249 2079 sunt
1274 2050 1448 2079 canens.

118 2109 177 2151 II.
199 2126 219 2148 «
234 2106 448 2150 Exaudiat
465 2115 507 2150 te
524 2107 734 2151 Dominus
755 2107 801 2150 in
816 2105 884 2150 die
908 2105 1242 2150 tribulationis⁵.
1267 2124 1286 2147 n
1312 2109 1452 2150 Exau-

60 2177 151 2221 diat
172 2186 215 2221 te
235 2177 447 2221 Dominus
462 2177 508 2220 in
526 2176 595 2220 die
612 2193 698 2237 qua
713 2176 880 2227 dixisti:
903 2196 922 2218 «
939 2180 1065 2221 Pater
1083 2176 1272 2221 clarifica
1290 2177 1452 2220 Filium

64 2265 85 2288 »
120 2248 289 2292 tuum⁰.
306 2250 511 2305 Protegat
528 2256 571 2291 te
591 2262 752 2291 nomen
764 2247 842 2291 Dei
864 2247 1015 2291 Jacob.
1032 2265 1053 2288 »
1070 2246 1140 2291 Ad
1156 2256 1199 2291 te
1221 2247 1336 2290 enim
1356 2262 1452 2306 per-

61 2318 170 2362 tinet
191 2316 377 2377 populus
399 2317 607 2377 posterior
623 2327 731 2362 natu
746 2353 756 2372 ‚
783 2317 882 2378 quia
905 2319 1041 2378 major
1058 2317 1214 2362 serviet
1240 2317 1399 2361 minori
1416 2319 1446 2360 ⁷.

122 2392 202 2434 III.
222 2409 243 2433 «
257 2389 405 2435 Mittat
419 2389 500 2433 tibi
522 2389 730 2434 auxilium
752 2389 806 2433 de
829 2398 994 2445 sancto,
1020 2399 1064 2434 et
1086 2389 1140 2433 de
1158 2389 1261 2434 Sion
1278 2398 1454 2433 tueatur

67 2478 87 2501 »
122 2461 207 2505 teg.
236 2479 256 2503 »
283 2460 462 2504 Faciens
484 2459 565 2504 tibi
589 2460 905 2505 sanctificatum
927 2475 1099 2520 corpus,
1121 2459 1375 2515 Ecclesiam,
1399 2459 1455 2504 de

112 2574 122 2590 ¹
143 2566 224 2599 Psal.
245 2578 338 2610 xvm,
360 2566 413 2599 15.
432 2584 476 2589 -—
495 2574 508 2590 ²
528 2576 547 2600 2
563 2569 635 2600 Cor.
655 2579 681 2609 1,
710 2576 760 2601 12.
780 2584 823 2590 —
843 2565 856 2590 3
878 2567 959 2599 Psal.
979 2578 1073 2610 xvm,
1095 2567 1152 2599 15.
1176 2584 1219 2590 —
1236 2566 1398 2608 41d.x1x‚
1420 2577 1452 2598 1.

66 2639 108 2646 -
122 2620 137 2645 ⁵
152 2622 235 2656 Ibid.
255 2632 288 2657 2.
308 2621 379 2647 -6
398 2625 490 2658 Joan.
511 2634 592 2665 xvii,
610 2635 640 2657 ι.
660 2641 702 2647 —-
720 2631 734 2658 7
753 2624 835 2660 Gen.
856 2634 934 2666 xxv,
955 2624 1010 2657 23.
1032 2641 1074 2647 —-
1092 2622 1107 2646 8
1126 2623 1207 2657 Psal.
1227 2635 1294 2665 xix,
1320 2624 1352 2656 3,
