1833 3284
418 204 660 234 ENAnnAzuo
693 209 739 235 lN
771 206 975 235 PsAmmM
1008 209 1115 235 xvn.
1379 199 1461 237 253

18 276 21 296 ²
78 273 309 333 quisquam
330 271 376 315 in
390 270 464 315 illa
478 270 592 327 luce,
612 288 711 333 quae
728 271 877 318 futura
899 282 977 329 est,
996 289 1096 318 cum
1113 289 1166 318 ex
1185 273 1272 318 fide
1295 274 1351 318 ad
1367 291 1465 335 spe-

13 356 21 410 3
77 343 186 388 ciem
209 342 470 396 venerimus,
485 342 576 402 jam
598 358 641 386 se
659 359 748 387 esse
766 344 1016 399 arbitretur,
1037 345 1071 388 si
1092 344 1333 404 Scripturas
1350 355 1466 390 recte

14 420 20 450 ἶ
76 412 294 471 intelligit.
312 415 364 457 In
379 412 606 472 Prophetis
623 414 738 457 enim
757 424 890 475 atque
907 415 951 458 in
971 415 1174 460 omnibus
1192 416 1327 460 divini
1343 415 1467 461 verbi

18 493 20 536 j
76 483 435 545 praedicatoribus
457 483 639 527 obscura
657 484 855 529 doctrina
876 494 954 530 est.

134 557 261 599 XIII.
287 574 306 597 «
330 557 424 598 Prae
447 553 644 613 fulgore
634 571 679 598 in
697 565 934 616 conspectu
957 555 1069 616 ejus¹
1094 576 1102 602 :
1127 575 1146 598 »
1171 556 1217 600 in
1237 572 1465 617 compara-

78 626 194 671 tione
215 624 419 685 fulgoris,
445 625 522 686 qui
545 635 608 670 est
636 626 679 671 in
704 637 940 687 conspectu
961 628 1321 673 manifestationis
1354 630 1462 689 ejus.

17 689 21 722 ἶ
80 717 101 741 «
134 696 280 744 Nubes
285 660 434 757 ²³ipsius
457 697 737 743 transierunt.
764 719 781 740 »
804 697 1112 743 Praedicatores
1129 699 1250 743 verbi
1269 701 1359 760 ejus
1377 716 1466 744 non

17 771 20 784 ¹
69 769 158 830 jam
194 768 239 812 in
271 766 438 812 Judaeae
474 768 635 812 finibus
669 769 973 825 continentur,
1005 769 1079 814 sed
1114 771 1378 815 transierunt
1411 770 1467 815 ad

76 841 251 884 Gentes.
277 858 295 879 «
318 837 495 883 Grando
518 847 560 882 et
580 840 787 884 carbones
808 840 930 898 ignis.
956 859 975 881 n
996 840 1330 900 Objurgationes
1350 842 1467 900 figu-

74 919 200 966 ratae,
225 910 386 971 quibus
414 909 538 955 velut
572 910 783 970 grandine
818 910 949 955 corda
981 910 1091 955 dura
1124 911 1374 956 tunduntur
1400 932 1408 957 z
1434 913 1467 957 si

15 1008 18 1010 v
74 990 221 1026 autem
242 990 357 1026 terra
378 980 496 1026 culta
514 991 558 1026 et
579 982 715 1037 mitis,
743 980 789 1025 id
811 991 896 1037 est,
922 981 1018 1041 pius
1041 981 1209 1026 animus
1231 983 1463 1042 exceperit,

15 1106 17 1113 Α
74 1051 233 1096 duritia
264 1051 483 1110 grandinis
518 1052 563 1096 in
592 1067 773 1112 aquam,
800 1051 844 1096 id
867 1061 951 1107 est,
978 1061 1116 1096 terror
1151 1052 1388 1111 fulguratae
1424 1061 1467 1097 ct

14 1138 17 1141 ·
73 1122 198 1183 quasi
220 1121 458 1180 congelatae
480 1122 797 1182 objurgationis
817 1123 860 1165 in
885 1121 1128 1167 doctrinam
1151 1123 1377 1168 satiantem
1398 1139 1467 1167 re-

73 1192 257 1238 solvitur
278 1212 286 1238 z
307 1193 408 1252 igne
431 1202 575 1236 autem
599 1193 761 1237 charita
771 1193 821 1237 tis
839 1208 1016 1237 accensa
1033 1192 1165 1237 corda
1185 1193 1461 1239 reviviscunt.

14 1272 17 1274 ’
74 1267 179 1309 Haec
207 1264 352 1308 omnia
370 1263 416 1307 in
439 1263 632 1307 nubibus
654 1263 786 1323 ipsius
809 1262 864 1307 ad
889 1264 1047 1308 Gentes
1072 1264 1352 1309 transierunt.

132 1338 253 1380 XIV.
284 1354 303 1377 «
329 1338 387 1379 Et
407 1334 600 1379 intonuit
629 1333 683 1378 de
715 1333 828 1379 coelo
865 1334 1115 1379 Dominus2.
1148 1355 1164 1376 »
1201 1339 1258 1379 Et
1280 1350 1468 1395 evange-

14 1415 15 1464 ]
73 1406 155 1452 lica
178 1405 337 1450 fiducia
359 1405 414 1449 de
435 1404 566 1450 corde
593 1404 699 1466 justi
737 1404 883 1449 sonuit
906 1405 1132 1449 Dominus.
1164 1426 1180 1445 ‹<
1209 1409 1265 1450 Et
1299 1406 1469 1452 Altissi-

13 1478 16 1528 ζ
76 1495 97 1518 »
132 1491 229 1520 mus
262 1475 384 1520 dedit
419 1491 573 1520 vocem
605 1490 750 1530 suam,
785 1495 802 1516 »
835 1484 885 1518 ut
916 1475 1176 1519 haberemus
1205 1491 1322 1532 eam,
1349 1486 1392 1521 et
1422 1478 1468 1521 in

74 1546 297 1608 profundo
320 1562 465 1590 rerum
488 1547 779 1591 humanarum
807 1544 1057 1589 audiremus
1079 1545 1287 1591 coelestia.

134 1620 232 1662 XV.
269 1636 290 1660 «
314 1620 372 1661 Et
403 1616 545 1661 emisit
569 1617 744 1675 sagittas
776 1631 896 1670 suas,
923 1625 966 1660 et
999 1616 1200 1676 dispersit
1228 1619 1335 1662 eosss.
1368 1638 1384 1659 »
1411 1621 1469 1663 Et

14 1703 15 1709 ¹
42 1683 44 1685 ’
74 1688 216 1734 emisit
236 1687 534 1747 Evangelistas
555 1687 708 1747 pennis
731 1686 941 1730 virtutum
960 1696 1076 1731 recta
1092 1687 1246 1732 itinera
1271 1697 1469 1733 transvo-

73 1758 228 1815 lantes,
253 1774 344 1803 non
359 1758 466 1814 suis,
485 1757 561 1802 sed
578 1758 671 1818 ejus
688 1773 711 1800 a
728 1773 817 1817 quo
839 1757 957 1801 missi
979 1767 1081 1801 sunt
1104 1758 1284 1803 viribus.
1309 1762 1364 1804 Et
1386 1759 1469 1804 dis-

74 1831 210 1890 persit
231 1844 319 1885 eos,
345 1828 401 1873 ad
422 1843 532 1889 quos
552 1827 669 1872 missi
691 1836 816 1883 sunt,
842 1836 891 1872 ut
914 1827 1006 1872 aliis
1029 1844 1181 1873 eorum
1205 1839 1344 1874 essent
1363 1830 1471 1875 odor

71 1901 176 1948 vitae
198 1900 245 1944 in
266 1900 398 1945 vitam
414 1935 424 1954 ‚
450 1898 543 1943 aliis
567 1897 674 1942 odor
702 1897 854 1942 mortis
875 1898 921 1941 in
948 1900 1176 1943 mortem⁴.
1205 1920 1223 1942 ι(
1244 1903 1301 1944 Et
1323 1917 1472 1946 corus-

78 1990 99 2014 »
134 1971 324 2016 cationes
340 1967 663 2028 multiplicavit,
684 1976 728 2011 et
743 1968 1023 2013 conturbavit
1040 1985 1127 2014 eos,
1151 1990 1167 2011 »
1189 1973 1247 2014 Et
1264 1972 1471 2017 miracula

75 2039 398 2100 multiplicavit,
424 2049 463 2083 et
485 2037 762 2083 conturbavit
784 2053 870 2082 eos.

133 2115 254 2158 XVI.
285 2131 306 2154 «
340 2114 398 2156 Et
425 2119 723 2171 apparuerunt
746 2108 888 2154 fontes
920 2113 1174 2171 aquarum5.
1206 2133 1223 2154 »
1249 2115 1307 2158 Et
1333 2129 1468 2175 appa-

76 2192 260 2230 ruerunt
281 2181 360 2243 qui
380 2179 483 2226 facti
505 2189 629 2225 erant
649 2180 695 2224 in
716 2179 1057 2241 praedicantibus
1085 2180 1228 2227 fontes
1254 2200 1468 2244 aquarum

77 2254 326 2301 salientium
348 2253 394 2297 in
416 2252 549 2298 vitam
572 2253 820 2296 aeternamG.
851 2271 867 2291 «
896 2255 953 2296 Et
982 2252 1160 2298 revelati
1182 2264 1284 2299 sunt
1304 2254 1467 2301 funda-

80 2346 101 2369 »
136 2334 283 2371 menta
305 2323 421 2370 orbis
438 2332 664 2368 terrarum.
688 2340 708 2364 »
731 2325 788 2367 Et
805 2321 981 2367 revelati
1001 2332 1102 2367 sunt
1124 2326 1368 2385 Prophetae,
1391 2327 1467 2388 qui

77 2413 169 2442 non
186 2394 564 2453 intelligebantur,
588 2409 717 2453 super
744 2408 853 2454 quos
876 2391 1164 2438 aedificaretur
1195 2395 1310 2440 orbis
1333 2406 1469 2442 terra-

86 2540 91 2542 *
127 2503 135 2519 ¹
155 2494 235 2528 Psal.
255 2505 334 2536 xvn,
353 2491 403 2526 13.
418 2511 456 2515 —
473 2499 486 2515 ²
500 2491 583 2524 lbid.
611 2490 662 2534 14.
678 2508 722 2514 —
738 2488 851 2523 31bid.
884 2488 935 2522 15.
955 2506 997 2513 —
1015 2487 1032 2514 4
1051 2499 1069 2523 2
1083 2493 1156 2524 Cor.
1177 2503 1215 2532 11,
1235 2492 1287 2526 16.
1307 2493 1466 2528 --51›531‚

80 2564 158 2595 xvii,
180 2553 230 2584 10.
248 2548 318 2574 ...6
341 2553 431 2583 Joan.
453 2560 499 2592 iv,
523 2547 576 2591 14.
