1833 3284
339 266 394 306 86
760 273 793 302 s.
831 272 1060 301 Amusrtm
1091 271 1272 301 triscon

337 342 467 387 disset
480 343 491 368 ¹
510 361 518 386 :
538 349 683 384 tamen
697 339 816 401 quod
828 354 915 383 non
928 336 1095 382 dictum
1108 347 1172 382 est
1182 337 1434 398 simpliciter
1445 353 1523 398 per
1538 339 1719 396 nubem,

334 414 425 467 sed,
455 415 569 456 «Per
586 412 807 455 turbinem
828 409 973 463 nubis,
989 426 1008 450 ³>
1026 408 1110 452 boc
1125 409 1353 467 significari
1375 409 1575 465 arbitror,
1601 409 1724 471 quod

334 500 424 529 non
444 499 522 543 per
540 498 689 527 sanam
719 495 894 526 carnem
911 480 1214 537 interrogatus,
1235 481 1319 525 hoc
1340 489 1418 535 est,
1445 489 1637 526 tentatus
1659 491 1724 526 est

335 555 445 609 Job,
489 553 563 597 sed
590 568 668 613 per
703 550 1028 596 tribulationem
1069 551 1531 611 perturbationemque
1563 553 1718 597 carnis.

338 645 360 668 «
394 625 500 678 Quis
518 633 581 668 est
605 623 681 683 qui
697 621 810 666 celat
831 635 899 664 me
922 618 1174 676 consilium,
1195 622 1420 666 continens
1442 637 1660 667 sermones
1677 624 1724 669 in

336 713 357 737 »
393 694 523 739 corde
538 729 548 748 ,
574 702 618 737 et
635 707 703 736 me
718 699 845 751 putat
861 690 965 735 dare
976 694 1008 734 ¹².
1038 709 1057 732 »
1079 692 1215 735 Nemo
1238 700 1302 736 est
1323 707 1448 751 ergo,
1474 693 1551 753 qui
1573 708 1618 737 se
1638 693 1723 738 im-

334 766 539 810 meritum
566 763 655 823 pati
680 760 846 822 aliquid
874 776 1073 821 asperum
1101 761 1243 820 dicat,
1270 763 1372 823 quia
1405 763 1439 806 si
1461 778 1551 807 non
1573 762 1720 819 factis,

333 835 486 880 saltem
502 834 645 878 verbis
659 842 886 893 peccatur,
906 841 950 876 et
971 832 1004 876 si
1020 848 1109 876 non
1130 833 1272 877 verbis
1291 868 1302 888 ,
1328 833 1479 877 saltem
1497 834 1725 879 temeraria

333 905 676 967 praesumptione
704 905 820 948 intus
854 903 900 947 in
932 902 1087 957 corde,
1113 900 1183 947 vel
1203 904 1472 948 sermonibus
1494 905 1725 963 cogitatio-

334 993 469 1022 num:
493 985 535 1019 et
557 975 763 1036 quoniam
785 977 922 1018 Deum
947 989 1034 1017 non
1056 972 1216 1028 latent,
1241 989 1370 1018 nemo
1395 974 1638 1033 flagellatus
1656 974 1726 1019 di-

333 1057 403 1094 cat
425 1047 605 1106 indigne
630 1061 673 1090 se
696 1046 889 1105 accipere
916 1042 1187 1104 disciplinam
1204 1079 1215 1098 ,
1241 1045 1365 1104 quasi
1386 1044 1500 1089 ultra
1522 1061 1610 1090 non
1641 1047 1722 1102 sit,

333 1135 423 1181 quo
442 1134 517 1178 per
533 1116 650 1161 illam
671 1116 883 1176 proficiat.
912 1114 1144 1160 Sciendum
1169 1122 1233 1158 est
1259 1115 1397 1170 enim,
1423 1115 1482 1159 sic
1505 1116 1548 1159 in
1565 1117 1727 1175 princi-

332 1190 406 1251 pio
429 1189 530 1233 libri
553 1189 682 1248 hujus
708 1186 885 1231 diabolo
913 1185 1140 1230 laudatum
1165 1186 1250 1229 Job
1281 1187 1532 1232 testimonio
1555 1188 1631 1232 Dei
1647 1223 1658 1243 ,
1683 1197 1728 1233 et

334 1262 381 1306 in
402 1263 488 1305 {ine
511 1260 652 1303 tribus
675 1259 820 1302 amicis
842 1259 948 1318 ejus,
974 1266 1024 1301 ut
1043 1267 1188 1301 tamen
1212 1267 1356 1301 nosset
1379 1261 1493 1302 Deus
1510 1268 1727 1319 quantum

331 1333 371 1377 ei
393 1331 559 1375 deesset
592 1329 646 1374 ad
675 1328 988 1390 perfectionem
1006 1365 1016 1383 ,
1042 1345 1131 1388 quo
1161 1329 1289 1372 etiam
1312 1328 1553 1374 laudabiles
1575 1345 1728 1375 secun-

332 1403 439 1464 dum
474 1402 587 1445 banc
610 1401 744 1444 vitam
773 1401 912 1453 viros,
948 1409 991 1443 ct
1026 1403 1114 1443 Deo
1143 1400 1232 1459 jam
1265 1399 1512 1459 placentes,
1546 1410 1727 1461 paterna

332 1471 503 1531 flagella
522 1470 772 1531 perducunt
788 1492 799 1527 ς
819 1486 919 1530 quae
933 1469 1074 1514 noluit
1091 1469 1147 1513 ab
1170 1471 1379 1529 Apostolo
1396 1486 1634 1527 removere,
1655 1471 1726 1517 di-

332 1558 433 1588 cens
460 1561 469 1586 :
500 1561 518 1583 «
535 1541 703 1585 Sufficit
725 1541 801 1584 tibi
824 1542 959 1598 gratia
980 1555 1098 1595 mea,
1131 1555 1232 1584 narn
1251 1541 1388 1585 virtus
1407 1541 1452 1584 in
1475 1541 1728 1587 infirmitate

332 1633 353 1656 ³>
393 1613 658 1673 perficitur-3.
675 1631 694 1653 »
717 1612 984 1669 «Accingere
997 1620 1206 1671 tanquam
1221 1611 1285 1655 vir
1299 1611 1502 1656 lumbum
1516 1621 1643 1657 tuum
1655 1615 1686 1658 4.
1701 1632 1722 1656 »

334 1685 555 1743 Significat
579 1683 633 1728 ad
653 1684 736 1728 hoc
752 1683 841 1743 pati
859 1683 968 1727 dura
991 1692 1034 1727 et
1054 1699 1197 1727 amara
1215 1684 1292 1727 Dei
1308 1699 1452 1728 servos
1474 1685 1520 1727 in
1543 1685 1626 1729 hoe
1643 1701 1726 1729 sae-

330 1755 431 1801 culo
446 1791 456 1810 ,
482 1764 531 1798 ut
561 1770 710 1799 omnes
734 1754 986 1798 affectiones
1009 1769 1106 1798 suas
1129 1770 1151 1797 a
1172 1763 1444 1798 terrenarum
1469 1753 1726 1800 delectatio-

331 1843 441 1873 num
471 1828 586 1871 ssexu
619 1825 828 1885 colligant
848 1861 858 1880 ,
891 1835 1023 1886 atque
1045 1826 1363 1885 constringant.
1395 1844 1415 1868 «
1442 1828 1730 1886 lutei-rogabo

334 1916 356 1940 »
392 1908 457 1953 te,
483 1907 533 1941 tu
565 1906 712 1941 autem
740 1896 955 1956 responde
983 1896 1105 1940 mihi.
1148 1896 1231 1940 Ubi
1258 1912 1350 1940 eras
1378 1912 1480 1941 cum
1498 1896 1731 1943 fundarem

335 1988 356 2012 n
393 1970 608 2012 terram⁵P
629 1986 650 2008 »
689 1968 802 2011 Hinc
817 1968 909 2027 jam
939 1966 1247 2011 commendare
1275 1967 1427 2027 incipit
1448 1969 1731 2013 eminentiam

333 2040 511 2086 Domini
531 2040 666 2083 nostri
681 2042 783 2083 Jesu
801 2038 981 2092 Christi,
1011 2038 1113 2098 quia
1135 2038 1181 2081 in
1198 2038 1292 2098 ipso
1309 2047 1374 2082 est
1395 2037 1510 2083 salus
1532 2039 1731 2084 omnium

333 2125 637 2172 percussorum
672 2118 886 2153 venenata
920 2109 1118 2153 suasione
1146 2110 1381 2168 serpentis,
1414 2125 1469 2154 ne
1501 2110 1547 2154 in
1573 2126 1618 2155 se
1649 2111 1731 2156 sibi

334 2182 521 2242 quisque
543 2180 727 2224 salutem
745 2189 886 2239 putet..
914 2180 994 2224 Ille
1017 2180 1133 2223 enim
1157 2182 1292 2235 Deus,
1319 2196 1409 2224 non
1432 2180 1544 2225 sicut
1561 2179 1730 2226 dictum

335 2262 420 2306 cst,
451 2251 555 2295 «Dii
578 2252 676 2294 estis
693 2287 703 2306 ,
727 2260 769 2295 et
786 2250 863 2294 filii
887 2250 1116 2294 Altissimi⁶
1141 2270 1149 2295 :
1174 2269 1193 2291 »
1220 2250 1295 2295 sed
1309 2252 1380 2295 cui
1397 2246 1655 2311 rapinziffion
1676 2253 1731 2296 sit

332 2338 421 2367 esse
435 2321 649 2383 aequalem
675 2322 814 2366 Patii⁷
835 2330 904 2366 :et
925 2322 1059 2366 Filius
1081 2322 1285 2377 hominis,
1307 2338 1397 2366 non
1420 2322 1531 2367 sicut
1547 2322 1625 2366 filii
1648 2323 1730 2368 ho-

332 2394 502 2437 minum
522 2394 565 2436 in
579 2393 740 2453 quibus
755 2409 843 2437 non
855 2401 918 2437 est
933 2392 1046 2436 salus
1064 2414 1075 2450 3
1093 2393 1168 2437 scd
1183 2409 1272 2452 prae
1289 2393 1572 2452 participibus
1591 2393 1676 2438 suis
1691 2395 1723 2438 ⁸.

331 2467 430 2510 Non
459 2466 575 2508 enim
599 2466 743 2524 justus
768 2474 960 2520 tantum,
993 2464 1105 2508 sicut
1125 2464 1233 2519 Job,
1260 2464 1374 2508 sicut
1397 2463 1585 2520 Paulus,
1614 2465 1727 2510 sicut

384 2565 393 2582 ¹
418 2560 529 2591 Matlb.
548 2570 630 2601 xvii,
651 2572 678 2591 1.
695 2555 760 2583 ¹——2
781 2560 1046 2600 ‚101›.xx·zvm,2.
1070 2557 1247 2591 —32Cor.
1261 2571 1364 2602 κως).
1379 2558 1525 2592 —4J0b.
1545 2571 1676 2603 xxxvm,
1691 2562 1721 2594 3.

340 2630 381 2637 ·-
404 2613 515 2647 51bid.
538 2614 567 2656 lg.
587 2633 627 2637 —m
647 2613 661 2636 6
679 2615 757 2647 l‘sal.
778 2626 884 2655 xxxxi,
899 2616 930 2647 6.
953 2632 993 2637 —-
1010 2622 1023 2647 7
1041 2614 1156 2656 Philip.
1177 2616 1259 2655 11,(3¹
1282 2632 1320 2637 -—
1339 2615 1353 2635 3
1373 2616 1451 2648 psal.
1476 2627 1562 2657 xmv,
1582 2616 1614 2647 8.
