1833 3284
341 227 585 258 ENARRATIO
616 232 649 258 11
682 232 727 258 IN
760 228 966 259 PSALMUM
1001 230 1126 257 XVIII.
1351 218 1432 258 271

49 297 197 342 tiare1.
230 294 344 341 Ecce
367 298 502 342 «Non
521 305 624 341 sunt
640 295 829 357 loquelae
847 331 858 352 ,
886 310 1030 356 neque
1050 307 1292 350 sermones,
1323 300 1437 356 quoss

53 387 74 410 »
108 383 206 413 rum
228 384 319 413 non
340 368 574 413 audiantur
590 384 716 414 voces
733 384 900 414 eorum.
919 386 939 409 »
959 366 1045 413 Sed
1062 377 1151 411 non
1166 365 1228 410 ibi
1244 375 1435 423 tantum,

50 439 129 483 ubi
165 438 334 500 impleti
360 448 482 496 sunt,
520 448 776 484 sonuerunt.
813 441 911 483 «In
936 452 1114 483 omnem
1145 446 1306 481 terram
1337 437 1440 483 exiit

0 516 2 544 ὲ
52 529 74 553 »
110 526 240 556 sonus
267 526 439 567 eorum,
471 520 516 555 et
535 511 582 554 in
605 511 711 555 fines
733 511 848 555 orbis
876 519 1002 554 terrae
1028 509 1163 554 verba
1191 513 1386 554 eorum2.
1415 526 1436 552 »

51 580 158 626 Ideo
186 590 230 625 et
258 597 337 626 nos
359 581 430 626 hic
451 580 689 642 loquimur.
718 584 858 626 Sonus
880 581 996 625 enim
1021 579 1094 624 ille
1122 579 1177 625 ad
1201 595 1280 624 nos
1301 595 1441 640 usque

50 651 273 712 pervenit⁷
300 667 430 698 sonus
452 652 529 712 qui
556 653 601 696 in
624 667 800 697 omnem
817 661 977 696 terram
997 651 1098 695 exiit
1112 686 1123 707 ,
1148 659 1192 694 et
1213 650 1442 695 haereticus

51 722 288 768 Ecclesiam
309 738 399 768 non
417 722 564 767 intrat.
592 723 698 767 Ideo
720 738 850 767 sonus
867 722 914 766 in
935 737 1111 767 omnem
1134 730 1293 766 terram
1315 720 1438 777 exiit,

51 805 103 840 ut
118 804 167 840 tu
187 795 234 839 in
250 793 411 839 coelum
435 795 584 839 intres.
609 796 646 839 Ο
669 793 960 855 pestilentiose
977 829 987 849 ,
1005 793 1214 851 litigiose,
1238 792 1439 852 pessime,

53 875 97 911 et
118 865 262 911 adhuc
284 881 426 910 errare
441 865 618 911 volens!
640 882 665 910 o
683 865 869 924 superbe
891 863 952 908 fili
966 899 976 919 ,
1008 863 1110 907 audi
1134 871 1443 908 testamentum

52 937 185 999 patris
202 938 281 982 tui.
302 941 432 993 Ecce,
457 936 565 998 quid
587 936 757 997 planius
769 972 779 991 ,
798 933 906 996 quid
928 934 1146 994 apertius?
1163 954 1182 976 «
1198 937 1250 978 In
1267 948 1443 979 omnem

50 1028 70 1051 υ
106 1018 266 1053 terram
291 1008 392 1053 exiit
414 1024 545 1053 sonus
568 1023 721 1052 eorum
737 1043 747 1062 ‚
766 1016 809 1051 et
826 1006 873 1049 in
894 1007 1001 1049 fines
1019 1005 1136 1049 orbis
1159 1014 1286 1049 terrae
1308 1004 1442 1049 verba

50 1097 72 1122 »
107 1095 274 1124 eorum.
300 1098 320 1121 n
337 1079 565 1140 Numquid
582 1078 824 1138 expositore
847 1091 955 1137 opus
974 1077 1068 1120 est?
1087 1074 1205 1128 Quid
1226 1084 1379 1120 contra
1400 1084 1443 1119 te

48 1144 248 1197 conaris?
280 1155 454 1196 Partem
485 1151 548 1195 vis
580 1151 627 1194 in
656 1149 733 1194 lite
756 1149 963 1203 retinere,
991 1147 1067 1208 qui
1087 1155 1210 1207 potes
1232 1155 1377 1191 totum
1398 1145 1444 1190 in

48 1221 282 1268 concordia
304 1223 521 1266 retinere?

108 1297 184 1339 VI.
211 1313 231 1336 α
258 1297 310 1338 In
328 1293 416 1338 sole
438 1292 586 1353 posuit
608 1290 942 1337 tabernaculum
963 1292 1119 1334 suum3
1145 1308 1154 1334 2
1181 1307 1200 1331 »
1226 1288 1272 1332 in
1303 1288 1459 1336 mani-A

49 1364 279 1411 festatione
300 1363 542 1409 Ecclesiam
565 1378 688 1407 suam
704 1397 715 1416 ,
741 1377 831 1406 non
848 1361 893 1404 in
918 1360 1092 1405 occulto
1107 1395 1117 1415 ,
1145 1375 1236 1404 non
1257 1375 1356 1419 quae
1380 1358 1446 1405 la«-

51 1447 140 1483 teat
157 1473 167 1493 ‚
193 1453 282 1482 non
306 1433 430 1482 Velut
456 1445 678 1496 opertam:
705 1449 759 1478 ne
782 1432 895 1478 forte
917 1434 992 1477 fiat
1013 1432 1123 1476 sicut
1145 1441 1295 1491 operta
1317 1446 1447 1491 super

52 1525 202 1569 greges
231 1508 583 1553 haereticorum4.
610 1507 784 1551 Dictum
803 1515 868 1549 cst
891 1514 934 1549 ct
955 1504 1130 1558 cuidam
1152 1503 1199 1547 in
1224 1504 1446 1563 Scriptura

52 1590 199 1626 sancta
217 1600 225 1626 :
245 1580 499 1635 «Quoniam
517 1588 566 1622 tu
586 1579 631 1622 in
645 1577 820 1622 occulto
837 1576 993 1631 fecisti,
1013 1574 1189 1636 patieris
1204 1576 1249 1619 in
1267 1574 1381 1620 sole⁵
1398 1592 1441 1619 z»

51 1653 137 1698 hoc
158 1662 245 1709 est,
271 1650 441 1697 occulte
456 1648 620 1694 malum
645 1648 797 1702 fecisti,
824 1663 976 1707 poenas
994 1647 1164 1707 patieris
1181 1646 1227 1690 in
1249 1646 1446 1691 omnium

52 1722 418 1768 manifestatione.
441 1740 461 1762 «
477 1722 529 1764 In
542 1718 630 1764 sole
642 1734 745 1778 ergo
758 1719 903 1778 posuit
923 1716 1255 1762 tabernaculum
1269 1732 1444 1761 suum.»

54 1794 171 1849 Quid
192 1804 258 1850 tu,
282 1793 501 1848 haeretice,
526 1791 697 1850 fugisin
709 1790 939 1835 tenebras?
956 1789 1228 1834 Christianus
1251 1791 1320 1833 es?
1344 1788 1447 1832 audi

53 1867 290 1912 Christum.
329 1867 485 1909 Servus
507 1865 584 1907 es?
607 1861 709 1907 audi
730 1862 981 1906 Dominum.
1004 1860 1140 1904 Filius
1156 1861 1226 1904 es?
1244 1859 1346 1903 audi
1369 1874 1447 1919 pa-

53 1946 192 1982 trem:
218 1934 451 1980 emendare
467 1970 477 1989 ,
502 1933 723 1977 revivisce.
745 1932 947 1977 Dicamus
963 1941 1006 1976 et
1028 1930 1082 1974 de
1100 1940 1142 1974 te
1168 1950 1176 1975 :
1202 1950 1222 1972 «
1248 1934 1448 1974 Mortuus

57 2027 79 2051 ³)
113 2016 206 2052 erat
223 2043 233 2062 ,
254 2016 298 2050 et
318 2005 497 2063 revixit,
523 2003 736 2064 perierat,
763 2012 805 2046 et
825 2003 1030 2046 inventus
1051 2003 1158 2045 est0.
1180 2019 1200 2043 ³>
1222 2003 1319 2046 Non
1340 2000 1449 2044 mihi

55 2078 198 2123 dicas.
224 2079 281 2122 Ut
302 2076 411 2137 quid
434 2091 501 2118 me
523 2074 702 2135 quaeris,
728 2073 761 2118 si
783 2073 924 2133 perii?
947 2071 1052 2116 Ideo
1075 2072 1192 2116 enim
1215 2080 1257 2115 te
1279 2086 1445 2132 quaero,

55 2151 159 2212 quia
186 2148 364 2209 periisti.
399 2146 520 2202 Noli,
552 2146 718 2206 inquit,
754 2160 823 2189 me
851 2160 1060 2204 quaerere.
1093 2147 1188 2188 Hoc
1219 2158 1321 2187 sane
1353 2142 1450 2188 vult

55 2221 288 2282 iniquitas,
320 2236 407 2280 qua
433 2218 558 2262 divisi
580 2232 729 2262 sumus
759 2232 767 2258 :
798 2216 874 2260 sed
897 2231 986 2260 non
1009 2214 1105 2260 vult
1125 2215 1310 2259 charitas
1325 2249 1336 2269 ,
1362 2230 1449 2273 qua

57 2290 211 2336 iratres
228 2305 392 2336 sumus.
416 2288 648 2348 Improbus
669 2303 759 2332 non
777 2302 911 2331 essem
929 2322 939 2341 ,
965 2286 998 2330 si
1015 2300 1254 2346 quaererem
1277 2299 1451 2329 servum

58 2379 229 2422 mcum,
247 2372 290 2407 et
310 2360 537 2422 improbus
551 2359 688 2414 dicor,
707 2359 806 2419 quia
822 2373 972 2419 quaero
985 2357 1165 2402 fratrem
1184 2358 1359 2401 meum?
1383 2355 1451 2401 Sic

59 2435 194 2495 sapiat
217 2434 264 2478 in
284 2448 372 2494 quo
397 2431 589 2477 fraterna
611 2430 798 2475 charitas
821 2445 910 2473 non
927 2437 1013 2484 est,
1039 2444 1120 2487 ego
1136 2437 1284 2472 tamen
1301 2441 1452 2487 quaero

110 2539 118 2555 ¹
141 2534 214 2565 Act.
234 2543 269 2573 u,
287 2529 319 2573 4.
335 2547 378 2552 —
405 2536 418 2552 2
438 2528 518 2561 Psal.
534 2539 639 2569 xvm,
659 2526 690 2559 5.
711 2544 754 2550 —
774 2525 883 2559 ³1bid.
905 2528 937 2559 6.
961 2543 1003 2548 —
1018 2523 1035 2551 4
1051 2527 1144 2560 cant.
1164 2536 1194 2567 1,
1212 2524 1248 2567 6,
1263 2525 1358 2567 juxta
1374 2534 1449 2556 Lxx.

62 2604 104 2611 —
122 2585 137 2611 5
155 2596 175 2620 2
188 2590 265 2630 Reg.
281 2598 340 2629 ιιι,
361 2594 411 2619 12.
429 2602 471 2608 —-
488 2582 504 2608 6
523 2586 600 2618 Luc.
618 2594 675 2625 xv,
699 2582 752 2616 32.
