1833 3284
330 317 413 357 538
754 327 787 356 s.
825 327 1056 357 Anatis-nm
1088 328 1271 357 Emscom

326 396 435 439 Nam
474 393 544 438 hic
569 392 649 437 tibi
669 385 822 453 pacem
843 392 945 437 facit
965 393 1088 452 panis
1115 412 1124 438 ε
1151 393 1322 437 subduc
1347 406 1528 452 panem,
1552 401 1595 436 et
1616 391 1716 435 vide

327 463 457 524 quale
491 462 656 508 bellum
687 464 769 507 erit
792 464 906 507 intra
934 464 1095 508 viscera
1122 473 1212 507 tua.
1247 464 1333 523 Ipsi
1356 464 1461 523 justi
1494 460 1716 523 quomodo

329 544 509 594 gemunt
528 535 616 590 hic,
643 534 820 579 fratres?
840 544 889 580 ut
901 535 1043 579 sciatis
1065 535 1168 595 quia
1193 535 1428 595 quaerimus
1450 535 1520 578 hic
1539 547 1713 593 pacem,

326 621 645 666 consequemur
668 615 815 650 autem
839 606 885 650 in
908 607 1009 649 fine.
1039 606 1124 651 Sed
1145 621 1195 649 ex
1218 615 1340 665 parte
1361 606 1432 650 hic
1452 605 1714 658 habeamus,

326 685 378 720 ut
394 692 445 720 ex
466 685 558 720 toto
571 675 658 721 illic
676 677 836 720 habere
854 691 1113 720 mereamur.
1135 676 1252 729 Quid
1265 685 1349 730 est,
1369 691 1419 720 ex
1435 677 1584 735 parte?
1600 676 1720 719 Con-

326 748 478 792 cordes
501 747 634 791 simus
649 746 735 802 hic,
759 746 990 806 diligamus
1011 747 1257 806 proximum
1281 748 1504 807 quomodo
1527 761 1619 790 nos.
1651 745 1719 791 Sic

327 818 459 878 dilige
482 817 660 862 fratrem
681 819 905 879 quomodo
928 828 970 863 te
992 819 1134 879 ipsum
1154 854 1164 873 ‚
1191 818 1306 862 habe
1328 833 1429 862 cum
1450 817 1525 862 illo
1547 831 1716 878 pacem.

329 889 416 934 Sed
438 905 527 934 non
543 898 726 949 possunt
745 889 826 933 nisi.
843 890 1023 934 existere
1041 889 1144 933 rixae
1167 889 1342 950 aliquae,
1363 889 1589 950 quomodo
1609 889 1722 932 inter

326 958 480 1005 fratres
495 969 540 1004 et
563 961 676 1004 inter
693 969 862 1005 sanctos
880 962 1130 1016 extiterunt,
1150 961 1262 1005 inter
1284 961 1529 1006 Barnaham
1546 969 1590 1004 et
1608 963 1722 1004 Pau-

327 1032 421 1077 lum
436 1034 449 1058 ¹
477 1050 486 1077 ε
508 1031 584 1076 sed
600 1047 689 1077 non
706 1048 807 1093 quae
829 1032 1077 1078 occiderent
1096 1032 1397 1090 concordiam3
1423 1048 1512 1077 non
1536 1047 1635 1092 quae
1652 1032 1722 1075 in·-

329 1103 584 1148 terimerent
606 1103 878 1148 charitatem.
904 1106 1076 1162 Namsset
1089 1104 1168 1148 tibi
1186 1103 1267 1163 ipsi
1286 1103 1443 1147 resistis
1466 1100 1719 1163 aliquando,

328 1183 372 1220 et
393 1184 541 1219 tamen
563 1190 652 1219 non
671 1183 712 1218 te
724 1174 867 1219 odisti.
886 1175 1038 1220 Omnis
1055 1176 1170 1219 enim
1185 1189 1317 1235 quem
1335 1175 1523 1234 poenitet
1535 1173 1718 1234 aliquid,

328 1246 495 1290 rixatur
517 1261 681 1290 secum.
709 1247 932 1301 Peccavit,
970 1246 1108 1302 redit,
1138 1246 1335 1290 irascitur
1363 1245 1617 1304 sibimetipsi
1639 1244 1723 1288 hoc

329 1316 501 1373 fecisse,
537 1317 647 1362 illud
681 1317 958 1362 commisisse.
984 1319 1137 1362 Rixam
1162 1331 1264 1375 ergo
1291 1332 1439 1360 secum
1461 1315 1616 1370 habet,
1648 1313 1723 1359 sed

327 1390 408 1434 ista
426 1389 512 1433 rixa
530 1388 585 1433 ad
607 1386 884 1433 concordiam
906 1388 1061 1433 tendit.
1074 1388 1184 1433 Vide
1201 1387 1426 1448 quomodo
1448 1402 1594 1431 secum
1612 1386 1724 1430 rixe-

326 1469 415 1514 tur,
450 1468 494 1503 et
527 1458 643 1504 dicat
675 1458 857 1520 quidam
875 1462 1023 1503 Justus
1059 1479 1067 1503 :
1103 1461 1281 1512 «Quare
1310 1458 1440 1502 tristis
1467 1472 1540 1512 es,
1580 1457 1724 1501 anima

330 1548 351 1571 »
386 1544 482 1574 mea
495 1565 506 1585 ‚
526 1538 569 1573 et
591 1545 726 1590 quare
744 1530 980 1574 conturbas
1002 1530 1097 1573 me?
1113 1531 1245 1588 Spera
1266 1530 1311 1572 in
1330 1528 1724 1588 Dominum2quo-

330 1618 353 1642 ³)
387 1601 505 1644 niam
526 1599 672 1645 adhuc
694 1600 940 1645 confitebor
961 1599 1066 1643 illi2.
1097 1617 1116 1640 »
1151 1602 1265 1644 Cum
1290 1599 1398 1643 dicit
1422 1599 1577 1642 animae
1602 1614 1692 1643 suae
1708 1633 1719 1653 ‚

332 1691 354 1714 «
388 1674 532 1725 Quare
561 1672 799 1716 conturbas
830 1686 928 1726 me,
957 1690 977 1712 η
1004 1672 1158 1732 utique
1181 1671 1390 1715 turbabat
1420 1669 1563 1714 illum.
1591 1670 1724 1715 Vole-

328 1742 406 1787 bat
428 1741 541 1786 forte
558 1743 650 1802 ipse
673 1743 763 1802 pati
783 1758 863 1802 pro
887 1743 1060 1787 Christo
1076 1778 1086 1797 ‚
1111 1751 1155 1786 et
1177 1742 1321 1786 anima
1345 1742 1477 1801 ipsius
1491 1741 1722 1786 contrista—

327 1813 472 1857 batur.
491 1812 629 1858 Etille
637 1815 713 1873 qui
725 1814 887 1858 sciebat
900 1823 942 1857 et
954 1813 1126 1857 dicebat
1140 1833 1148 1857 :
1167 1816 1345 1866 «Quare
1360 1814 1490 1857 tristis
1503 1829 1563 1868 es,
1580 1814 1723 1857 anima

329 1902 350 1925 »
386 1899 481 1927 mea
495 1918 505 1937 ,
527 1892 569 1927 et
586 1899 720 1943 quare
735 1884 971 1928 conturbas
990 1899 1075 1938 me,
1098 1902 1117 1924 n
1139 1899 1292 1943 pacem
1311 1884 1455 1928 adhuc
1469 1899 1614 1927 secum
1634 1900 1723 1928 non

326 1953 520 1998 habebat
541 1972 549 1998 :
575 1953 650 1997 sed
667 1969 717 1997 ex
739 1964 884 1997 mente
906 1954 1101 1997 haerebat
1119 1955 1313 2007 Christo,
1341 1964 1389 1998 ut
1402 1963 1658 2014 sequeretur
1676 1954 1724 1998 il-

326 2023 422 2069 lum
444 2025 587 2069 anima
615 2026 727 2085 ejus,
754 2033 797 2069 et
814 2041 903 2069 non
921 2023 1046 2068 illum
1068 2026 1368 2069 conturbaret.
1396 2029 1512 2085 Ergo
1540 2026 1724 2086 quaerite

326 2110 502 2155 pacem,
524 2094 693 2139 fratres.
716 2096 926 2140 Dominus
946 2095 1077 2140 dixit:
1104 2116 1124 2138 «
1142 2099 1245 2140 Haec
1267 2095 1424 2157 loquor
1442 2092 1588 2150 vobis,
1613 2098 1725 2141 utin

331 2183 352 2205 >›
366 2180 434 2208 me
448 2165 643 2210 habeatis
657 2181 822 2225 pacem.
841 2170 994 2210 Pacem
1009 2167 1055 2210 in
1071 2177 1183 2211 terra
1198 2168 1321 2211 vobis
1332 2184 1421 2211 non
1436 2169 1686 2227 promitt03.
1697 2187 1716 2209 υ

330 2238 383 2279 In
407 2235 485 2279 ista
503 2237 589 2280 vita
607 2252 690 2296 pax
719 2252 819 2280 vera
840 2253 928 2281 non
954 2246 1016 2281 est
1032 2273 1042 2291 ‚
1070 2253 1149 2281 nec
1173 2238 1481 2298 tranquillitas.
1504 2238 1722 2282 Gaudium

329 2305 687 2362 immortalitatis,
708 2308 887 2352 societas
906 2308 1173 2366 Angelorum
1199 2310 1482 2367 promittitur.
1505 2310 1587 2354 Sed
1612 2310 1724 2369 quis-

328 2378 425 2438 quis
448 2394 537 2421 non
564 2378 682 2422 illam
715 2395 815 2423 cum
838 2379 908 2424 hic
931 2389 995 2423 est
1016 2380 1259 2440 quaesierit,
1286 2396 1375 2425 non
1397 2380 1516 2424 illam
1543 2380 1724 2424 habebit

330 2464 431 2493 cum
453 2459 638 2493 venerit.

388 2522 486 2563 XX.
528 2539 547 2561 «
572 2520 699 2564 Oculi
719 2522 891 2565 Domini
913 2537 1042 2581 super
1057 2523 1196 2582 justos
1211 2523 1242 2565 4.
1273 2540 1293 2562 »
1313 2522 1526 2580 Noliergo
1546 2523 1694 2566 timere
1711 2558 1721 2575 ‚

326 2590 476 2634 labora.
509 2610 516 2635 ε
547 2590 662 2635 oculi
693 2592 863 2636 Domini
892 2608 1023 2652 super
1053 2602 1095 2636 te
1123 2602 1239 2637 sunt.
1273 2612 1292 2634 «
1332 2597 1386 2637 Et
1409 2608 1532 2637 aures
1555 2594 1646 2651 ejus
1671 2593 1726 2636 ad

377 2682 385 2698 ¹
403 2679 476 2708 Act.
497 2688 549 2719 xv,
571 2677 623 2719 39.
646 2695 686 2701 --
703 2686 716 2700 ²
742 2679 820 2710 Psal.
843 2690 911 2720 un,
932 2679 962 2710 5.
981 2677 1051 2702 ...3
1072 2683 1165 2712 Joan.
1186 2691 1251 2720 xvi,
1272 2680 1324 2712 33.
1346 2678 1414 2709 -4
1434 2680 1516 2713 Psal.
1538 2691 1649 2722 xxxin,
1666 2680 1718 2712 16,
