1833 3284
212 271 456 301 mlum-rm
489 273 521 300 11
554 274 599 300 m
632 273 835 301 PsALMUM
867 272 969 312 xxii,
1003 271 1130 300 SERM.
1167 273 1232 300 111.
1335 258 1443 310 425,

31 346 75 382 et
95 338 141 381 in
162 347 434 398 contemptu.
460 337 593 383 Modo
615 338 731 382 enim
754 337 908 383 dicunt
932 337 1058 382 nobis
1077 357 1084 383 :
1109 337 1193 383 Ubi
1220 345 1283 381 est
1304 339 1419 382 Deus

30 410 201 452 vester?
222 408 339 462 Quid
360 407 530 453 colitis?
554 408 671 461 Quid
691 407 878 452 videtis?
900 407 1087 452 Creditis
1120 417 1163 451 et
1182 406 1416 465 laboratis3

29 487 199 522 certum
227 487 292 522 est
318 478 440 539 quod
460 474 666 523 laboratis
699 498 708 524 ι
739 478 955 522 incertum
988 487 1052 521 est
1079 477 1198 538 quod
1221 477 1414 537 speratis.

29 548 217 602 Quando
239 549 408 593 venerit
430 557 598 594 certum
617 547 739 610 quod
760 563 1005 609 speramus,
1030 557 1153 593 muta
1175 548 1421 592 efficientur

27 617 143 663 labia
164 617 330 664 dolosa.

87 702 164 744 vl.
191 698 379 745 Proinde
401 698 502 745 vide
522 700 630 761 quid
657 701 855 761 sequitur
871 736 882 755 ,
908 700 1011 761 quia
1033 710 1155 745 muta
1173 700 1420 745 efficientur

27 768 143 814 labia
165 769 330 826 dolosa,
347 786 446 831 quae
468 770 714 831 loquuntur
727 770 929 815 adversus
941 773 1108 832 justum
1124 771 1416 832 iniquitatem,

27 841 74 886 in
107 842 308 902 superbia
342 852 386 887 et
423 851 696 903 contemptu,
737 842 938 887 Attendit
962 843 1040 887 iste
1062 843 1138 903 qui
1161 843 1219 887 sic
1256 843 1415 902 gemit,

27 911 137 956 vidit
170 913 284 957 bona
305 913 384 958 Dei
417 913 533 958 intus
566 913 612 957 in
644 913 820 972 spiritu,
840 912 950 957 vidit
978 914 1072 957 haec
1104 913 1219 957 bona
1241 929 1340 973 quae
1373 913 1418 957 in

27 981 201 1027 occulto
225 983 432 1028 videntur
447 1018 459 1039 ,
494 982 570 1028 sed
607 982 663 1027 ad
682 983 822 1042 impiis
846 998 935 1027 non
958 983 1176 1028 videntur.
1204 982 1325 1027 Vidit
1347 998 1419 1027 eos

26 1062 256 1113 propterea
279 1053 401 1115 loqui
424 1054 627 1098 adversus
644 1055 811 1114 justum
842 1053 1120 1114 iniquitatem
1142 1053 1188 1096 in
1216 1053 1418 1113 superbia

27 1132 358 1184 ebcontemptu,
378 1124 481 1184 quia
506 1124 621 1168 bona
636 1124 708 1183 huj
717 1139 764 1167 us
782 1123 929 1167 saeculi
946 1124 1093 1167 videre
1105 1133 1284 1178 norunt,
1302 1124 1418 1168 bona

28 1203 171 1238 autem
197 1193 334 1239 futuri
356 1193 503 1239 saeculi
524 1210 604 1238 nec
626 1194 817 1253 cogitare
838 1195 995 1238 sciunt.
1020 1194 1105 1239 Sed
1125 1204 1175 1238 ut
1192 1210 1420 1239 commen-

0 1250 2 1289 l
28 1265 151 1310 daret
176 1266 268 1326 ipsa
289 1266 407 1311 hona
429 1264 567 1310 futuri
588 1264 735 1310 saeculi
757 1266 1008 1310 hominibus
1027 1301 1037 1320 ,
1064 1282 1173 1326 quos
1197 1266 1326 1326 jubet
1350 1275 1418 1310 to-

0 1335 190 1393 'lerare,
228 1353 318 1382 non
354 1353 499 1382 amare
543 1336 801 1397 praese'ntia,
836 1337 1091 1381 exclamavit
1127 1346 1170 1381 et
1203 1336 1373 1381 addidit
1405 1357 1413 1381 :

29 1426 50 1450 ›>
81 1411 223 1462 Quam
250 1409 388 1453 multa
417 1407 654 1453 multitudo
677 1407 920 1452 dulcedinis
945 1417 1050 1463 tuae,
1077 1408 1309 1452 Domine1!
1338 1408 1419 1452 Hic

25 1479 159 1524 homo
181 1479 340 1538 impius
367 1479 401 1523 si
423 1478 541 1524 dicat
567 1499 575 1523 :
602 1479 687 1523 Ubi
709 1478 865 1522 estista
886 1477 1125 1522 multitudo
1150 1477 1419 1522 dulcedinis?

28 1550 323 1609 Respondebo
340 1569 349 1595 :
365 1549 598 1603 Quomodo
612 1549 690 1593 tibi
704 1547 930 1593 ostendam
944 1548 1275 1592 multitudinem
1288 1549 1361 1609 huj
1369 1565 1418 1593 us

27 1618 296 1676 dulcedinis,
322 1620 399 1681 qui
435 1619 630 1680 palatum
653 1618 707 1663 de
738 1618 859 1662 febre
896 1618 1137 1679 iniquitatis
1159 1617 1419 1678 perdidisti?

24 1689 113 1734 Mel
132 1690 165 1734 si
188 1706 279 1735 non
301 1705 467 1745 nosses,
493 1706 625 1751 quam
648 1689 761 1733 bene
783 1698 951 1748 saperet
972 1705 1061 1734 nou
1084 1689 1313 1743 clamares,
1337 1690 1418 1733 nisi

24 1770 249 1819 gustasses.
288 1761 487 1806 Palatum
522 1761 663 1806 cordis
689 1776 777 1805 non
808 1761 941 1804 habes
969 1761 1024 1805 ad
1052 1762 1146 1804 haec
1175 1760 1290 1805 bona
1317 1777 1418 1820 gus-

23 1831 180 1890 tanda,
200 1831 307 1893 quid
326 1832 400 1876 tibi
414 1831 599 1877 faciam?
616 1830 847 1885 Quomodo
870 1830 1125 1876 ostendam?
1146 1833 1243 1875 Non
1266 1840 1328 1874 est
1346 1832 1417 1875 cui

23 1902 192 1947 dicere'2
208 1923 216 1949 :
238 1923 258 1945 (ι
278 1905 474 1958 Gustate,
493 1913 537 1947 et
552 1903 696 1947 videte
710 1903 919 1963 quoniam
935 1903 1075 1946 suavis
1091 1911 1154 1945 est
1166 1902 1412 1947 Dominus3.

26 1991 46 2015 »
68 1975 209 2026 Quam
233 1973 372 2018 multa
399 1973 638 2018 multitudo
660 1972 904 2018 dulcedinis
932 1982 1036 2027 tute,
1058 1973 1258 2027 Domine,
1284 1988 1416 2032 quam

26 2061 46 2084 »
73 2043 334 2088 abscondisti
355 2044 610 2088 timentibus
632 2053 674 2087 te
689 2045 703 2069 ‘²
724 2044 732 2087 Ξ
754 2043 909 2096 »Quid
923 2052 986 2086 est
1012 2042 1269 2087 abscondita
1302 2042 1418 2087 illis?

25 2114 210 2158 Servasti
238 2113 346 2171 illis,
379 2131 467 2159 non
491 2115 678 2174 negasti,
716 2124 766 2158 ut
803 2114 880 2158 soli
915 2114 968 2158 ad
1002 2130 1097 2158 eam
1134 2114 1412 2174 perveniant3

22 2183 191 2228 honum
233 2195 296 2230 est
329 2186 447 2230 enim
483 2186 603 2247 quod
629 2186 755 2246 justis
790 2196 833 2229 et
863 2186 1006 2244 impiis
1033 2201 1122 2229 non
1147 2194 1292 2245 potest
1326 2201 1416 2229 csse

22 2269 280 2313 commune,
321 2265 371 2300 ut
386 2255 581 2300 timendo
609 2255 879 2316 perveniant.
899 2254 1105 2308 Quandiu
1127 2255 1243 2298 enim
1271 2254 1415 2299 adhuc

21 2324 193 2380 timent,
208 2325 407 2371 nondum
430 2335 474 2370 et
494 2326 574 2386 ipsi
596 2334 889 2386 pervenerunt
911 2345 919 2370 :
945 2325 1020 2369 sed
1041 2326 1228 2369 credunt
1249 2341 1293 2369 se
1312 2340 1414 2384 per-

22 2405 248 2452 venturos,
273 2407 317 2442 et
338 2413 361 2442 a
391 2397 546 2442 timore
575 2397 805 2458 incipiunt.
842 2394 958 2443 Nihil
986 2398 1102 2440 enim
1140 2396 1311 2441 dulcius
1350 2406 1415 2440 est

70 2509 78 2525 ¹
109 2503 190 2536 Psal.
213 2515 298 2547 xxx,
319 2514 372 2538 20.
401 2523 441 2528 --
462 2513 474 2529 ²
499 2506 636 2539 subaudi
663 2506 802 2550 possim.
834 2522 875 2528 —-
906 2503 918 2527 3
937 2505 1017 2538 Psal.
1040 2516 1136 2537 xxxin
1153 2531 1162 2547 ‚
1192 2508 1223 2537 8.
1250 2523 1292 2528 —
1319 2504 1334 2534 l,
1360 2505 1406 2536 Id.

21 2568 84 2591 xxx
102 2583 110 2599 ,
129 2567 183 2591 20.
