1833 3284
401 288 484 326 502
831 301 863 328 s.
902 297 1132 328 Avons'mm
1165 301 1349 329 Emscom

404 367 517 407 Deus
548 363 628 419 sit,
668 362 879 409 fortitudo
911 373 982 408 tua
1006 368 1120 409 Deus
1142 365 1223 420 sit,
1258 365 1435 410 firmitas
1464 374 1540 410 tua
1561 368 1676 410 Deus
1708 363 1791 418 sit,

404 435 596 479 exoratio
621 444 693 478 tua
716 435 806 494 ipse
829 436 906 490 sit,
937 434 1030 479 laus
1057 444 1129 479 tua
1164 436 1254 494 ipse
1286 437 1363 492 sit,
1401 436 1499 480 finis
1533 436 1578 480 in
1605 450 1694 496 quo
1724 449 1795 478 re-

401 506 597 566 quiescas
634 508 725 566 ipse
747 507 821 562 sit,
859 506 1127 568 adjutorium
1150 523 1252 551 cum
1272 507 1443 553 laboras
1463 508 1555 568 ipse
1591 508 1659 552 sit.
1681 504 1798 552 Audi

401 578 630 623 veritatem
656 598 665 623 ι
695 598 716 620 «
748 581 845 623 Non.
873 578 1016 623 salvus
1044 579 1120 622 fiet
1146 594 1221 623 rex
1249 595 1327 639 per
1355 578 1686 624 multitudinem
1711 577 1800 635 vir-

405 666 426 691 11
443 650 548 694 tutis
562 666 650 695 sure
668 670 676 695 :
692 666 772 694 nec
789 651 908 709 gigas
920 650 1062 696 salvus
1078 651 1160 695 erit
1174 651 1219 695 in
1235 651 1518 696 multitudine
1531 648 1800 696 fortitudinis

404 738 426 761 »
453 723 586 766 suae¹.
616 739 636 762 »
663 722 791 779 Gigas
815 722 1028 781 superbus
1050 721 1204 782 aliquis
1225 731 1288 767 est
1303 758 1315 778 ,
1352 722 1562 768 extollens
1577 737 1622 766 se
1645 720 1800 767 adver-

403 807 474 836 sus
499 796 660 847 Deum,
686 793 809 837 velut
825 794 928 854 quia
950 803 1014 838 est
1034 794 1125 853 ipse
1141 792 1339 854 aliquid
1328 810 1375 839 m
1395 810 1439 839 se
1464 803 1509 839 et
1527 809 1604 854 per
1625 808 1685 838 se.
1702 794 1802 840 Non

403 865 453 909 fit
473 865 553 909 iste
574 864 747 909 salvus
737 881 782 918 111
807 865 1092 910 multitudine
1107 866 1279 911 virtutis
1299 882 1405 911 suae.

464 939 630 982 XXIV.
656 937 741 981 Sed
763 953 925 998 equum
947 938 1080 982 habet
1102 954 1341 997 maoffnum
1368 937 1550 993 fortem,
1575 907 1798 992 validum,

405 1007 623 1063 velocem,
649 1017 807 1068 potest,
823 1025 857 1052 51
871 1008 1058 1070 ahquid
1051 1019 1280 1069 1n01ue11t
1297 1019 1384 1054 cito
1398 1009 1526 1053 11111111
1542 1006 1803 1069 depericulo

405 1078 619 1123 liberare?
636 1082 733 1125 Non
760 1078 960 1135 fallatur,
995 1080 1144 1126 audiat
1163 1080 1283 1142 quod
1306 1081 1504 1141 sequitur
1530 1099 1539 1124 ε
1571 1098 1590 1122 «
1614 1078 1803 1126 'Mendax

408 1169 429 1193 »
456 1166 596 1212 equus
626 1149 682 1195 ad
720 1151 904 1195 salutem
920 1155 952 1196 ⁸2.
1002 1171 1021 1193 »
1060 1152 1336 1197 Intellexistis
1375 1152 1484 1213 quid
1518 1150 1687 1196 dictum
1724 1150 1801 1207 sit,

411 1242 432 1264 «
451 1222 640 1267 Mendax
663 1238 800 1282 equus
835 1221 890 1266 ad
908 1222 1125 1268 salutem?
1141 1242 1161 1265 »
1185 1226 1283 1269 Non
1310 1223 1392 1267 tibi
1417 1223 1644 1283 promittat
1665 1236 1804 1282 equus

408 1304 511 1339 tuus
534 1293 717 1338 salutem
741 1314 749 1338 :
770 1294 804 1338 si
827 1294 906 1337 tibi
928 1295 1195 1354 promiserit,
1223 1295 1475 1339 mentietur.
1495 1294 1536 1339 Si
1560 1293 1675 1338 enim
1689 1296 1806 1338 Deus

405 1364 610 1418 voluerit,
636 1364 889 1408 liberaberis
913 1382 920 1406 ε
947 1366 980 1409 si
994 1369 1108 1410 Deus
1123 1365 1329 1421 noluerit,
1346 1366 1530 1411 cadente
1548 1381 1663 1425 equo
1677 1364 1806 1409 altius

408 1435 548 1481 cades.
575 1438 673 1481 Non
696 1450 797 1493 ergo
821 1437 983 1495 putetis
1009 1436 1175 1481 dictum
1191 1472 1202 1492 ,
1228 1456 1247 1479 «
1273 1437 1465 1482 Mendax
1487 1452 1626 1498 equus
1656 1436 1712 1480 ad
1740 1452 1808 1480 sa-

410 1526 430 1550 11
457 1507 597 1552 lutem
618 1528 625 1552 :
656 1526 676 1548 11
703 1508 826 1568 quasi
850 1507 1036 1553 mendax
1053 1510 1196 1569 justus
1214 1508 1282 1553 ad.
1303 1508 1509 1564 salutem,
1544 1508 1667 1569 quod
1686 1506 1809 1552 velut

402 1579 510 1640 justi
553 1580 608 1623 ad
652 1578 836 1623 salutem
880 1580 1164 1625 mentiantur.
1196 1583 1295 1626 Non
1337 1590 1401 1625 est
1443 1580 1560 1624 enim
1597 1579 1809 1639 scriptum

417 1670 438 1693 «
458 1654 645 1711 AEquus,
677 1669 696 1692 »
723 1650 844 1711 quod
868 1652 923 1695 ab
936 1651 1143 1711 aequitate
1160 1651 1347 1709 dicitur3
1367 1651 1442 1695 sed
1462 1654 1648 1711 «Equus
1673 1667 1693 1691 »
1719 1648 1810 1694 ani-

399 1722 499 1766 mal
527 1722 792 1783 quadrupes.
831 1726 925 1768 Hoc
952 1739 1117 1781 graecus
1150 1723 1287 1768 codex
1324 1723 1535 1778 indicat³‚
1571 1725 1628 1767 Et
1657 1721 1808 1771 redar-

411 1803 609 1853 guuntur
629 1794 742 1838 mala
764 1795 981 1854 jumenta,
1008 1796 1230 1849 homines,
1256 1795 1332 1855 qui
1355 1795 1434 1839 sibi
1450 1803 1658 1855 quaerunt
1679 1809 1808 1838 occa-

409 1866 550 1910 siones
571 1865 930 1911 mendaciorum:
967 1882 1069 1911 cum
1087 1867 1308 1926 Scriptura
1345 1866 1493 1910 dicat:
1535 1884 1555 1907 «
1586 1867 1644 1910 Os
1687 1865 1810 1926 quod

413 1956 433 1979 »
456 1938 689 1992 mentitur⁷
711 1937 873 1981 occidit
894 1937 1109 1981 animam4
1135 1957 1144 1982 :
1169 1956 1188 1978 »
1224 1947 1268 1981 et
1284 1973 1295 1992 ‚
1330 1956 1350 1980 «
1376 1936 1535 1981 Perdes
1557 1952 1708 1981 omnes
1732 1936 1809 1997 qui

411 2027 432 2051 11
454 2008 701 2069 loquuntur
719 2008 1065 2053 mendacium'o.»
1084 2009 1202 2063 Quid
1221 2018 1284 2053 est
1304 2024 1407 2067 crgo
1430 2009 1654 2054 «Mendax
1671 2023 1809 2068 equus

410 2098 431 2121 »
457 2080 513 2124 ad
530 2079 746 2124 salutem?
772 2099 791 2121 »
818 2080 1032 2125 Mentitur
1049 2081 1129 2123 tibi
1149 2096 1288 2140 equus
1304 2079 1482 2140 quando
1502 2079 1718 2138 promittit
1739 2095 1809 2123 sa-

408 2151 562 2196 lutem.
590 2152 814 2211 Numquid
839 2167 977 2211 equus
1000 2151 1129 2196 alicui
1162 2151 1362 2212 loquitur
1378 2187 1389 2206 ‚
1426 2159 1470 2194 et
1504 2151 1719 2210 promittit
1738 2166 1809 2195 53-

407 2222 579 2267 lutern?
605 2223 689 2268 Sed
715 2238 815 2267 cum
839 2231 888 2266 tu
909 2221 1030 2266 vides
1055 2238 1218 2282 equum
1243 2222 1355 2266 bene
1387 2221 1624 2266 formatum
1640 2257 1651 2276 ,
1685 2221 1810 2266 bonis

407 2294 573 2339 viribus
590 2331 601 2349 ,
622 2311 781 2353 magno
796 2310 926 2339 cursu
944 2294 1177 2354 praeditum
1190 2330 1200 2347 ‚
1222 2295 1300 2338 ista
1323 2295 1468 2338 omnia
1488 2293 1610 2338 velut
1623 2294 1810 2353 promit-

411 2376 508 2411 tunt
524 2367 600 2410 tibi
618 2366 672 2410 de
694 2366 770 2410 illo
792 2366 977 2410 salutem
1005 2386 1012 2411 :
1035 2367 1111 2411 sed
1133 2365 1316 2419 fallunt,
1336 2366 1370 2410 si
1393 2369 1509 2410 Deus
1527 2381 1617 2410 non
1642 2374 1805 2420 tuetur,

410 2437 512 2497 quia
540 2456 559 2479 «
585 2436 774 2481 Mendax
793 2453 930 2497 equus
954 2437 1009 2481 ad
1026 2436 1227 2481 salutem.
1256 2455 1276 2478 »
1306 2440 1483 2497 Equum
1508 2436 1809 2495 accipe‘etiam

408 2511 593 2568 figurate
616 2509 863 2568 quamlibet
895 2508 1233 2567 amplitudinem
1255 2509 1403 2552 saeculi
1435 2509 1565 2567 hujus
1583 2542 1593 2561 ‚
1617 2505 1807 2567 quemli-

468 2611 478 2627 1
510 2603 591 2635 l‘sal.
622 2614 727 2643 xxxn,
764 2604 812 2635 16<
845 2620 887 2626 —-
916 2610 929 2626 2
957 2603 1037 2635 Ibid.
1077 2614 1127 2645 17.
1152 2620 1194 2625 —-
1225 2602 1237 2626 3
1266 2602 1369 2640 ἵππος.
1398 2621 1440 2626 —-
1470 2601 1488 2633 4
1511 2604 1585 2645 Sap.
1620 2614 1649 2644 1,
1680 2613 1730 2634 11.
1765 2618 1807 2625 --

414 2659 430 2683 5
447 2662 529 2693 Psal.
557 2674 589 2699 ν,
610 2673 641 2704 7.
