1833 3284
332 235 416 274 378
771 240 805 271 s.
843 244 1075 272 AUGUSTIM
1109 245 1293 273 EPISCOPI

390 312 517 355 XIII.
558 328 578 351 «
598 309 804 364 Domine,
829 307 1035 353 reduxisti
1058 309 1113 353 ab
1135 308 1284 354 inferis
1306 310 1494 354 animam
1516 323 1673 355 meam.
1704 330 1724 352 »

331 385 430 428 Non
452 396 561 441 opus
583 390 648 425 est
666 390 715 424 ut
733 390 989 440 exponatur.
1018 401 1037 423 «
1057 380 1233 426 Salvum
1249 381 1388 426 fecisti
1411 397 1434 426 a
1458 397 1527 426 me
1548 383 1730 428 descen-

334 472 355 495 »
390 452 597 497 dentibus
620 452 665 495 in
697 450 841 496 lacum
858 454 888 495 ¹.
918 471 937 493 »
965 452 1050 506 Qui
1074 461 1177 496 sunt
1197 453 1273 512 qui
1296 452 1570 498 descendunt
1595 454 1640 498 in
1663 453 1729 498 la-

332 525 465 570 cum?
487 525 650 568 Omnes
670 532 919 582 peccatores
938 533 1184 583 mergentes
1207 524 1252 568 in
1278 524 1567 584 profundum.
1592 528 1732 570 Lacus

331 606 396 642 est
417 596 534 640 enim
557 593 831 655 profunditas
849 595 1012 639 saeeuli.
1041 598 1150 649 Quae
1173 605 1238 640 est
1258 596 1337 640 ista
1362 595 1639 657 profunditas
1659 613 1733 642 sae-

331 668 420 713 culi
432 670 449 710 Ῡ
462 666 745 712 Abundantia
760 665 946 710 luxuriae
960 676 1003 711 et
1020 667 1244 727 nequitiae.
1264 668 1349 722 Qui
1362 683 1464 728 ergo
1475 667 1733 713 libidinibus

331 755 422 785 sese
449 740 719 799 immergunt
740 749 783 784 et
805 740 987 784 terrenis
1009 739 1233 784 desideriis
1248 777 1259 795 ‚
1287 738 1563 786 descendunt
1596 741 1641 785 in
1670 740 1736 785 la-

331 826 450 856 cum.
474 809 596 854 Tales
617 810 841 855 Christum
854 810 1069 870 persecuti
1086 820 1203 855 sunt.
1224 811 1308 856 Sed
1324 811 1433 872 quid
1453 811 1583 857 dicit?
1605 832 1625 854 «
1641 811 1736 859 Sal-

335 885 356 927 ii
391 897 497 927 vum
521 881 660 927 fecisti
684 896 755 927 me
777 892 800 927 a
824 881 1195 927 descendentibus
1209 883 1254 927 in
1266 882 1438 928 lacum?
1449 903 1467 924 »

393 956 515 999 XIV.
555 973 576 997 «
602 949 779 998 Psallite
796 954 984 999 Domino
1007 954 1144 1000 sancti
1167 956 1258 1016 ejus
1272 958 1305 999 ².
1329 973 1350 997 »
1375 955 1488 1009 Quia
1505 955 1738 1000 resurrexit

334 1033 468 1086 caput
489 1033 708 1081 vestrum,
727 1024 812 1069 hoc
834 1034 1004 1085 sperate
1021 1025 1217 1070 membra
1237 1035 1393 1071 caetera
1406 1062 1417 1081 ‚
1436 1025 1558 1086 quod
1580 1024 1738 1070 videtis

334 1098 381 1142 in
401 1097 543 1157 capite
573 1116 582 1142 :
608 1097 692 1141 hoc
714 1106 883 1156 sperate
911 1096 1109 1142 membra
1125 1132 1137 1153 ‚
1163 1097 1283 1158 quod
1313 1096 1556 1143 credidistis
1589 1097 1636 1141 iu
1666 1113 1740 1142 ca·-

335 1167 440 1230 pite.
484 1167 770 1212 Proverbium
797 1177 861 1212 est
886 1169 1115 1229 antiquum
1152 1177 1195 1212 et
1216 1184 1369 1214 verum
1388 1205 1398 1222 ,
1426 1169 1511 1214 Ubi
1537 1177 1670 1229 eaput
1697 1177 1741 1214 et

335 1249 491 1285 caetera
513 1240 724 1284 membra.
753 1240 951 1285 Christus
971 1240 1012 1283 in
1032 1239 1194 1285 coelum
1226 1241 1441 1296 ascendit,
1467 1257 1558 1301 quo
1581 1256 1659 1286 nos
1673 1256 1741 1285 se-

336 1311 482 1356 cuturi
497 1326 661 1355 sumus.
689 1313 787 1356 Non
806 1312 1010 1356 remansit
1032 1312 1152 1371 apud
1169 1311 1358 1368 inferos,
1381 1313 1635 1367 resurrexit,
1650 1314 1742 1373 jam

336 1398 428 1446 non
444 1382 631 1427 moritur
649 1402 657 1428 :
673 1398 775 1427 cum
799 1384 1157 1428 resurrexerimus
1181 1392 1224 1428 et
1245 1400 1339 1439 nos,
1359 1385 1449 1445 jam
1468 1400 1559 1429 non
1576 1384 1743 1428 morie-

336 1469 450 1498 mur.
478 1456 564 1498 Has
586 1469 690 1513 ergo
714 1454 1018 1514 promissiones
1041 1455 1254 1500 habentes
1277 1475 1286 1500 ε
1317 1474 1337 1497 «
1356 1454 1532 1500 Psallite
1555 1455 1744 1500 Domino

340 1546 359 1568 »
395 1526 532 1570 sancti
556 1527 648 1587 ejus
668 1545 676 1571 :
695 1535 738 1570 et
752 1526 1021 1570 confitemini
1046 1526 1268 1570 memoriae
1291 1526 1532 1571 sanctitatis
1555 1527 1690 1587 ejus³.
1716 1545 1738 1568 »

337 1592 572 1652 Quid‘est‚
614 1597 933 1642 «Confitemini
969 1598 1220 1642 memoriae?
1246 1616 1266 1640 >›
1299 1597 1436 1643 Obliti
1465 1598 1583 1642 enim
1612 1598 1742 1643 eratis

337 1683 439 1712 eum
453 1704 463 1722 ‚
490 1667 566 1713 sed
588 1669 679 1728 ipse
699 1684 776 1713 vos
795 1684 884 1713 non
906 1678 970 1713 est
993 1668 1176 1713 oblitus.

395 1741 492 1783 XV.
534 1758 554 1781 «
579 1741 795 1794 Quoniam
812 1740 873 1783 ira
896 1740 942 1783 in
965 1739 1266 1799 indignatione
1289 1741 1380 1800 ejus
1397 1776 1407 1795 ‚
1430 1747 1472 1783 et
1491 1739 1644 1784 vitain
1666 1755 1737 1784 vo-

339 1829 360 1852 »
395 1810 565 1855 luntate
596 1812 730 1871 ejus⁴.
750 1829 771 1852 »
809 1814 877 1855 Ira
903 1811 948 1855 in
979 1810 1283 1870 indignatione
1306 1810 1525 1870 peccatori
1562 1830 1571 1855 ε
1604 1830 1624 1852 α
1645 1813 1743 1864 Qua

341 1900 361 1923 »
398 1880 469 1926 die
500 1882 701 1937 ederitis,
738 1892 878 1927 morte
909 1882 1155 1927 moriemini
1173 1884 1204 1926 ⁵.
1233 1902 1250 1923 »
1279 1881 1557 1940 Tetigerunt‚
1584 1882 1745 1927 mortui

338 1962 458 2008 sunt,
484 1953 646 1998 dimissi
662 1953 717 1997 de
731 1952 948 2014 paradiso,
972 1952 1074 2014 quia
1095 1971 1114 1994 «
1129 1956 1195 1997 Ira
1210 1952 1572 2012 inindignatione
1595 1955 1686 2014 ejus
1703 1972 1742 1998 :»

341 2024 417 2068 sed
431 2039 520 2068 non
538 2025 630 2068 sine
647 2040 722 2085 spe
736 2060 746 2077 ‚
765 2025 868 2085 quia
895 2043 914 2066 «
932 2025 1030 2068 Vita
1049 2024 1094 2068 in
1111 2023 1339 2069 voluntate
1358 2025 1464 2085 ejus.
1486 2043 1506 2065 »
1529 2025 1644 2078 Quid
1663 2034 1742 2080 est,

348 2114 368 2137 «
405 2098 456 2139 In
474 2094 702 2140 voluntate
715 2096 834 2156 ejus?
848 2116 864 2136 »
883 2098 980 2140 Non
1002 2095 1048 2138 in
1070 2095 1234 2139 viribus
1253 2097 1424 2151 nostris,
1447 2096 1596 2141 nonin
1614 2095 1748 2140 meri-

344 2166 399 2209 tis
443 2166 599 2210 nostris
627 2186 634 2211 :
661 2167 736 2211 sed
759 2167 860 2227 quia
882 2165 1043 2220 voluit,
1070 2165 1210 2210 salvos
1245 2182 1322 2210 nos
1359 2165 1488 2225 fecit3
1526 2183 1615 2212 non
1644 2167 1747 2227 quia

343 2236 466 2296 digni
488 2253 674 2282 eramus.
701 2240 800 2292 Quo
819 2247 882 2282 est
900 2239 1017 2281 enim
1036 2246 1238 2297 peccator
1259 2237 1415 2296 dignus
1432 2274 1442 2293 ‚
1472 2238 1553 2282 nisi
1577 2238 1747 2299 suppli-

345 2308 412 2352 cio
429 2310 446 2351 Ρ
463 2308 609 2353 Vitam
631 2307 766 2353 dedit.
795 2312 851 2353 Et
869 2308 902 2352 si
925 2308 1065 2368 impiis
1082 2309 1220 2353 vitam
1242 2308 1449 2366 donavit,
1474 2309 1582 2371 quid
1605 2319 1748 2355 servat

349 2378 553 2424 fidelibus
566 2382 584 2424 Ρ

406 2452 526 2494 XVI.
557 2470 577 2493 «
605 2454 793 2512 Vespere
822 2451 1126 2496 demorabitur
1148 2452 1319 2498 fletus⁶.
1358 2472 1378 2495 »
1403 2452 1548 2498 Nolite
1575 2453 1745 2508 timere‚

347 2521 448 2581 quia
472 2522 637 2567 dixerat
668 2523 795 2568 nobis
819 2543 827 2568 z
858 2544 878 2566 «
905 2522 1110 2581 Psallite3
1142 2544 1159 2565 »
1197 2533 1240 2567 et
1270 2524 1341 2568 hic
1374 2525 1560 2583 gemitus
1582 2533 1647 2569 est
1670 2544 1679 2570 :
1704 2524 1753 2568 in

399 2606 506 2639 ¹1‘sat.
528 2608 726 2650 xx1‹,2—
742 2615 755 2631 ²
779 2609 859 2641 Ibid.
878 2609 908 2641 33.
925 2607 993 2632 -3
1012 2608 1092 2640 Psal.
1122 2619 1213 2647 xxix,
1238 2608 1269 2640 5.
1297 2625 1338 2631 —-
1362 2607 1377 2639 l»
1399 2609 1483 2642 Ibid.
1507 2609 1539 2641 6.
1567 2626 1608 2633 --
1636 2607 1651 2632 ⁵
1669 2611 1749 2641 Gen.

351 2673 539 2704 11,17.—-
564 2661 579 2685 ‘5
602 2665 684 2697 Psal.
707 2675 792 2701 xxix,
818 2664 850 2696 6.
