1833 3284
205 270 448 300 ENAnnATro
482 274 513 299 11
547 274 590 300 nv
623 272 827 300 PsALMmt
861 274 979 312 xxx,
1015 271 1140 299 sunu.
1178 274 1244 299 111.
1332 259 1414 299 427
1455 309 1460 312 ‚

0 352 2 358 “
31 357 109 387 nec
123 357 219 397 ore,
255 357 336 387 nec
354 341 477 386 factis
494 342 715 387 Christum
736 344 984 403 negaveris,
1008 359 1130 403 spera
1167 343 1246 387 tibi
1267 342 1415 403 perfici

29 412 304 458 dulcedinem
317 413 411 457 Dei.

25 497 27 507 ²
83 486 206 528 V111.
224 484 342 537 Quid
354 484 577 544 sequitur?
591 503 611 527 «
626 484 878 530 Abscondes
899 500 972 529 eos
992 485 1037 528 in
1051 482 1308 529 abscondito
1321 481 1415 528 vul-

28 572 50 597 »
69 563 139 599 tus
161 555 226 598 tui
241 557 270 598 ¹.
298 554 486 608 »Qualis
503 564 567 600 est
582 555 704 600 locus
720 555 932 601 istePNon
949 555 1058 599 dixit
1084 574 1092 599 :
1116 574 1136 597 «
1159 553 1414 599 Abscondes

29 643 50 666 »
74 640 147 669 eos
168 625 212 669 in
236 624 350 670 coelo
372 633 450 669 tuo
470 646 482 670 ι
509 643 529 666 n
556 642 645 670 non
662 625 790 680 dixit,
815 645 835 668 «
859 625 1109 670 Abscondes
1131 641 1203 670 eos
1217 625 1262 668 in
1284 640 1414 684 para-

27 712 48 737 »
74 695 167 740 diso
194 715 203 740 :
226 714 246 737 n
279 712 368 739 non
396 695 525 751 dixit,
550 715 570 738 «
592 695 845 741 Abscondes
866 712 938 741 eos
952 697 998 741 in
1026 697 1124 740 sinu
1154 696 1358 740 Abrahae.
1388 713 1409 736 n

25 765 173 811 Multis
193 766 307 810 enirn
328 765 560 811 fidelibus²
577 766 671 811 loca
689 766 834 811 futura
852 777 1100 811 sanctorum
1119 767 1163 810 in
1184 766 1415 825 Scripturis

24 838 179 882 sanctis
195 838 331 898 posita
349 848 467 883 sunt.
483 837 672 883 Vilescat
689 847 831 882 totum
854 837 1073 899 quidquid
1093 847 1251 897 praeter
1272 840 1413 881 Deum

23 918 100 953 est.
126 910 210 963 Qui
227 925 305 954 nos
328 918 473 953 tuetur
489 910 533 953 in
555 909 653 955 loco
668 910 771 954 vitae
792 910 951 970 hujus,
970 910 1059 969 ipse
1083 918 1181 969 post
1201 909 1323 953 istam
1348 909 1414 953 vi-

22 988 111 1025 tam
140 980 194 1025 sit
214 980 337 1025 locus
359 990 505 1025 noster
526 1000 535 1025 :
560 981 661 1041 quia
684 990 728 1025 et
748 981 830 1025 iste'
865 980 1059 1025 Psalmus
1087 981 1170 1024 hoc
1193 980 1230 1023 ei
1253 979 1312 1023 ait
1336 994 1413 1023 su-

22 1051 165 1110 perius
190 1070 200 1096 :
229 1069 249 1093 «
274 1054 378 1095 Esto
391 1051 499 1094 mihi
521 1051 567 1094 in
590 1055 729 1096 Deum
752 1061 1068 1110 protectorem,
1095 1060 1138 1095 et
1160 1050 1205 1093 in
1228 1049 1412 1094 domum

22 1138 44 1163 »
62 1119 287 1181 refugiiss.»
305 1125 422 1181 Ergo
434 1122 595 1166 erimus
607 1122 650 1165 in
665 1122 791 1166 vultu
805 1122 880 1166 Dei
897 1120 1156 1166 absconditi.
1175 1120 1280 1174 Quis
1293 1120 1412 1165 sinus

20 1200 83 1236 est
95 1192 140 1237 in
158 1191 266 1237 facie
279 1192 373 1248 Dei,
388 1209 412 1236 a
427 1208 495 1236 me
508 1193 741 1252 expectatis
758 1192 936 1236 audire?
951 1195 1137 1251 Purgate
1151 1207 1242 1247 cor,
1259 1200 1308 1235 ut
1320 1191 1412 1251 ipse

19 1260 259 1319 illuminet,
279 1273 323 1308 et
343 1279 476 1324 quem
507 1263 716 1308 invocatis
743 1263 890 1307 intret.
920 1265 1026 1306 Esto
1052 1263 1208 1306 domus
1236 1263 1347 1322 ejus,
1368 1271 1412 1306 et

17 1333 99 1379 erit
119 1333 276 1378 domus
305 1343 380 1379 tua
406 1355 415 1379 ε
447 1335 617 1378 habitet
646 1334 691 1378 in
716 1344 758 1379 te
774 1369 785 1389 ,
822 1343 865 1377 et
899 1343 948 1378 tu
970 1333 1185 1377 habitabis
1206 1333 1251 1377 in
1273 1348 1340 1377 eo.
1367 1332 1410 1377 Si

16 1419 117 1448 eum
135 1404 181 1448 in
199 1405 285 1450 hoc
304 1405 467 1450 saeculo
489 1405 707 1465 exceperis
725 1405 960 1459 cordetuo,
978 1404 1050 1448 ille.
1067 1404 1261 1464 posthoc
1279 1418 1410 1447 seecu-

16 1473 109 1520 lum
132 1476 319 1537 excipiet
339 1485 383 1521 te
403 1476 533 1521 vultu
557 1490 681 1521 suo.«
696 1475 964 1530 Abscondes,
981 1476 1140 1536 inquit,
1157 1491 1229 1519 eos
1263 1493 1282 1515 >³
1297 1474 1409 1518 Ubi?

20 1565 40 1590 α
63 1550 114 1591 In
137 1547 395 1592 abscondito
422 1546 571 1591 vultus
599 1547 678 1591 tui.
705 1550 742 1591 A
764 1547 1099 1591 conturbatione
1130 1545 1405 1590 hominum.»

18 1617 86 1662 Ibi
100 1618 214 1662 enim
231 1634 321 1663 non
334 1618 672 1672 conturbantur,
689 1633 787 1662 cum
803 1617 1134 1662 absconduntur
1150 1617 1217 1661 :in
1229 1616 1409 1660 abscon·

16 1687 109 1734 dito
130 1688 280 1734 vultus
297 1690 361 1733 tui
383 1705 471 1734 non
493 1689 828 1734 conturbantur.
856 1692 987 1732 Putas
1009 1698 1072 1732 est
1094 1688 1325 1748 quisquam
1348 1688 1408 1731 ita

15 1758 117 1806 felix
128 1762 174 1805 in
195 1762 279 1806 hoc
296 1760 484 1817 mundo,
509 1771 560 1806 ut
576 1777 677 1806 cum
702 1761 884 1820 coeperit
899 1759 1049 1804 audire
1073 1759 1305 1819 opprobria
1324 1759 1408 1803 ho-

15 1831 216 1893 minum,⁴
233 1841 463 1891 >propterea
493 1831 613 1892 quod
641 1831 814 1876 Christo
836 1830 994 1885 servit,
1021 1829 1161 1890 fugiat
1191 1828 1246 1873 ad
1270 1832 1409 1873 Deum

15 1901 162 1957 corde,
188 1911 232 1947 et
259 1902 439 1962 incipiat
459 1918 580 1962 spem
610 1902 770 1946 habere
798 1902 845 1945 in
875 1901 1106 1945 dulcedine
1128 1901 1277 1961 ipsius,
1313 1909 1357 1944 et
1383 1916 1408 1945 a

14 1973 347 2018 conturbatione
368 1973 614 2028 hominum,
632 1990 655 2017 a
678 1973 838 2033 quibus
857 1973 979 2017 audit
1004 1972 1252 2033 opprobria,
1274 1973 1408 2016 intret

13 2043 58 2088 in
79 2042 254 2088 vultum
279 2043 355 2087 Dei
377 2059 477 2088 cum
502 2043 763 2088 conscientia
787 2045 895 2087 sua?
926 2045 1064 2087 Intrat
1091 2043 1243 2103 plane,
1269 2043 1343 2086 sed
1371 2043 1405 2086 si

12 2113 173 2158 habeat
203 2129 304 2158 cum
326 2129 415 2174 quo
449 2114 610 2169 intret,
645 2113 691 2157 id
711 2123 800 2168 est,
839 2113 871 2157 si
908 2129 997 2158 non
1025 2114 1079 2157 sit
1112 2128 1292 2157 onerosa
1316 2112 1407 2172 ipsa

14 2185 294 2239 conscientia,
320 2184 354 2229 si
377 2200 465 2229 non
480 2183 543 2228 illi
562 2182 690 2228 faciat
712 2185 921 2228 sarcinam
937 2183 1161 2242 grandem,
1178 2182 1233 2227 ad
1246 2199 1407 2242 angus-

14 2262 120 2309 tam,
131 2255 327 2315 januam.
338 2255 616 2299 «Abscondes
628 2270 731 2314 ergo
743 2270 815 2299 eos
828 2254 872 2297 in
888 2253 1144 2304 abscondito
1152 2253 1300 2297 vultus
1315 2253 1402 2308 tui,

0 2339 38 2388 ρ»
63 2341 86 2369 a
102 2324 440 2369 conturbatione
466 2325 709 2369 hominum.
734 2328 938 2383 Proteges
961 2340 1033 2368 eos
1055 2325 1099 2367 in
1120 2322 1405 2368 tabernaculo

17 2413 38 2438 »
58 2404 151 2450 tuo,
168 2411 191 2439 a
210 2395 553 2440 contradictione
564 2395 879 2455 linguarum.»
897 2394 1144 2455 Aliquando
1159 2395 1405 2440 abscondes

13 2481 86 2510 eos
118 2465 164 2509 in
189 2466 447 2511 abscondito
469 2466 616 2510 vultus
631 2467 716 2523 tui,
743 2484 765 2511 a
789 2467 1122 2511 conturbatione
1143 2467 1401 2524 hominum,

11 2545 63 2581 ut
82 2551 257 2596 prorsus
279 2536 324 2580 in
350 2537 410 2581 eis
438 2537 717 2582 conturbatio
740 2538 931 2582 humana
961 2537 1166 2597 deinceps
1194 2552 1282 2581 esse
1312 2552 1403 2581 non

59 2624 69 2642 ¹
86 2620 169 2652 ῬῆηΙ.
190 2631 252 2655 xxx
267 2645 277 2663 ,
295 2629 348 2654 21.
376 2638 418 2644 —
438 2628 451 2644 ²
471 2623 566 2654 Forte
587 2622 787 2655 nominibus.
813 2639 853 2645 -—
877 2620 890 2645 3
910 2621 988 2653 Psal.
1010 2633 1086 2664 xxx,
1102 2623 1131 2654 3.
1152 2639 1195 2646 --
1210 2620 1226 2651 4
1245 2621 1324 2653 Ibid.
1343 2629 1398 2652 ⁴21.
