1833 3284
337 280 420 317 536
772 295 803 319 s.
843 292 863 318 Λ
872 292 1071 319 υουετῐΝι
1104 292 1285 318 EPISCOPI

336 357 527 416 aliquem
540 359 709 417 justum
727 372 943 418 quaereres
967 358 1009 400 in
1033 372 1080 399 ca
1098 357 1260 416 patria,
1284 357 1359 400 ubi
1377 372 1465 401 non
1486 356 1721 412 habitaret,

335 428 553 472 diceretur
569 429 645 472 libi
663 449 670 473 ;
689 431 859 473 Bonum
872 429 1014 472 virum
1030 428 1203 488 quaeris,
1220 443 1426 486 magnum
1448 427 1589 471 virum
1608 442 1732 487 quae-

335 500 412 554 ris,
439 515 585 559 quaerc
612 498 750 555 illum,
777 501 847 544 sed
874 498 963 544 noli
984 499 1076 554 hic,
1098 499 1319 558 superfluo
1343 499 1413 543 hic
1431 515 1532 543 eum
1554 499 1727 558 quaeris,

335 587 563 631 nunquam
581 587 681 615 eum
702 572 958 616 inventurus
976 587 1034 615 es.
1055 572 1151 615 Dies
1167 572 1304 616 bonos
1315 571 1490 631 quaeris,
1506 570 1636 615 simul
1659 586 1732 615 eos

333 658 582 702 quaeramus
598 678 608 697 ,
630 641 766 686 nolito
790 642 874 687 hic.
906 642 989 687 Sed
1013 642 1263 686 habuerunt
1287 640 1383 686 illos
1405 651 1546 702 patres
1577 642 1728 686 nostri.

334 716 366 757 F
373 712 555 757 allimini
584 733 592 757 :
612 728 760 758 omnes
783 713 853 757 hic
869 712 1195 757 laboraverunt.
1217 714 1368 771 Legite
1392 713 1633 772 Scripturas
1654 712 1732 771 :fiid

334 799 385 828 eo
398 783 539 828 voluit
554 787 666 827 Deus
683 793 734 828 ut
748 784 1057 838 scriberentur,
1079 793 1129 828 ut
1146 799 1223 828 nos
1238 782 1578 828 consolaremur.
1601 786 1732 827 Tem-

332 855 514 914 poribus
537 854 645 899 Eliae
669 854 753 899 fuit
775 854 924 910 fames,
940 856 1053 915 passi
1069 864 1170 899 sunt
1192 870 1287 899 eam
1306 864 1448 914 patres
1469 855 1619 899 nostri.
1646 856 1731 899 Ca-

330 927 419 986 pita
423 943 438 986 J
446 935 724 970 umentorum
741 936 1013 971 mortuorum
1024 942 1129 970 auro
1142 925 1462 980 vendebantur,
1475 924 1732 970 occiderunt

332 1014 446 1051 ¹suos,
473 1007 516 1041 et
533 997 820 1042 comederunt
842 1014 913 1042 eos
936 1017 944 1043 :
962 1007 1005 1042 et
1017 997 1116 1042 duae
1130 997 1330 1042 mulieres
1348 1006 1596 1041 statuerunt
1616 997 1731 1041 inter

331 1083 375 1112 sc
401 1078 450 1112 ut
473 1068 722 1113 occiderent
744 1068 854 1113 filios
877 1084 977 1113 suos
995 1105 1005 1124 ,
1032 1078 1076 1113 et
1092 1068 1437 1125 manducarent,
1468 1068 1625 1113 occidit
1642 1084 1731 1112 una

331 1138 473 1183 filium
494 1156 623 1184 suum
637 1176 647 1194 ,
675 1150 719 1184 et
735 1141 1113 1185 manducaverunt
1134 1156 1235 1184 eum
1253 1139 1394 1183 ambae
1413 1161 1423 1197 3
1449 1139 1530 1184 alia
1552 1138 1732 1184 nolebat

332 1210 531 1255 occidere
550 1210 687 1255 silium
712 1227 841 1256 suum
854 1247 864 1266 ,
885 1221 928 1256 et
948 1210 1149 1270 exigebat
1171 1210 1242 1254 illa
1262 1227 1361 1271 quse
1378 1211 1496 1270 prior
1513 1209 1732 1254 occiderat

329 1282 471 1326 filium
495 1299 620 1327 suum
643 1305 653 1340 3
679 1293 722 1326 et
750 1283 846 1327 >talis
871 1283 959 1327 rixa
987 1283 1107 1328 venit
1129 1293 1230 1327 ante
1258 1298 1403 1341 regem
1421 1319 1431 1337 ,
1454 1281 1732 1327 adduxerunt

330 1368 374 1397 se
397 1362 497 1397 ante
522 1369 668 1412 regem
689 1389 700 1408 ,
735 1354 1052 1398 contendentes
1076 1353 1130 1398 de
1158 1352 1462 1397 intersectione
1488 1353 1678 1397 filiorum
1697 1355 1727 1397 1.

331 1427 395 1468 De
420 1423 576 1468 talibus
609 1424 717 1468 cibis
746 1434 911 1469 avertat
943 1428 1058 1468 Deus
1095 1440 1144 1467 ea
1176 1440 1276 1484 quae
1317 1423 1517 1483 legimus.
1554 1426 1733 1483 Semper

332 1494 423 1538 dies
448 1494 551 1538 mali
569 1495 614 1538 in
637 1495 819 1550 saeculo,
847 1495 922 1539 sed
939 1510 1108 1554 semper
1130 1494 1221 1538 dies
1245 1494 1350 1539 boni
1367 1494 1413 1538 in
1438 1497 1543 1539 Deo.
1567 1495 1732 1539 Habuit

331 1565 423 1609 (lies
447 1566 585 1610 bonos
600 1566 839 1621 Abraham,
866 1565 940 1609 sed
963 1565 1080 1609 intus
1102 1565 1146 1610 in
1165 1565 1295 1610 eorde
1316 1585 1323 1610 :
1345 1565 1500 1609 habuit
1522 1565 1614 1609 dies
1635 1581 1731 1609 ma-

330 1636 394 1681 los
411 1672 421 1691 ,
457 1636 636 1696 (plaudo
669 1653 690 1680 a
724 1636 840 1680 'tame
868 1638 1055 1681 mutavit
1080 1637 1301 1696 regionem
1318 1672 1329 1691 ,
1355 1646 1398 1680 et
1421 1636 1649 1696 quaerebat
1671 1636 1732 1681 ci-

338 1708 442 1751 bum
454 1711 487 1751 ¹2.
517 1708 584 1752 Sic
609 1723 758 1752 omncs
782 1707 1065 1767 quaesierunt.
1095 1706 1256 1751 Paulus
1279 1707 1434 1750 habuit
1455 1707 1544 1751 dies
1567 1707 1728 1763 bonos,

333 1780 408 1839 qui
432 1779 560 1834 dicit,
590 1799 609 1820 α
628 1782 677 1822 ln
697 1777 809 1822 fame
832 1788 875 1822 et
893 1779 984 1832 siti,
1009 1779 1053 1822 in
1076 1777 1236 1837 frigore
1253 1788 1296 1822 ct
1318 1777 1616 1822 11i1ditat02?»
1646 1778 1732 1823 Sed

335 1867 425 1894 non
450 1851 691 1894 irascantur
709 1851 818 1893 servi
842 1870 849 1894 :
868 1850 958 1909 ipse
979 1851 1189 1893 Dominus
1207 1865 1297 1893 non
1316 1849 1470 1892 habuit
1483 1848 1573 1893 dies
1593 1849 1731 1893 bonos

334 1922 380 1965 in
412 1923 495 1965 hoc
526 1920 709 1975 saeculo,
741 1921 1048 1975 contumelias,
1073 1920 1271 1979 injurias,
1299 1934 1501 1976 crucem,
1537 1929 1581 1963 et
1610 1929 1732 1965 tanta

334 1992 446 2035 mala
468 1992 732 2051 patiebatur.

390 2065 560 2107 XVIII.
597 2065 695 2107 Non
718 2078 820 2121 ergo
843 2062 1111 2107 Christianus
1140 2071 1384 2106 murmuret
1399 2097 1410 2116 ,
1434 2061 1581 2106 videat
1606 2063 1730 2122 cujus

333 2134 511 2192 vestigia
531 2143 754 2194 sequatur.
784 2134 868 2179 Sed
889 2134 923 2177 si
941 2133 1030 2178 dies
1053 2134 1190 2177 bonos
1214 2143 1355 2189 amat,
1383 2133 1531 2177 audiat
1563 2133 1730 2178 docen-

333 2215 421 2249 tem
445 2215 486 2249 ct
504 2206 723 2249 dicentem
745 2221 753 2246 t
781 2206 994 2260 «Venite,
1021 2204 1115 2259 filii,
1142 2206 1288 2248 audite
1305 2221 1397 2259 me,
1425 2205 1625 2249 timorem
1648 2208 1729 2249 Do-

334 2294 354 2316 »
371 2276 479 2319 mini
497 2274 666 2320 docebo
688 2291 778 2320 vos.
800 2294 818 2317 >›
845 2276 963 2328 Quid
980 2276 1072 2320 vis?
1092 2275 1232 2319 Vitam
1257 2285 1298 2319 et
1313 2274 1403 2319 dies
1422 2276 1573 2319 bonos.
1593 2274 1725 2331 Audi,

334 2356 377 2390 et
400 2346 492 2390 fac:
523 2347 741 2391 «Contine
754 2345 949 2405 linguam
967 2356 1088 2390 tuam
1106 2347 1325 2391 amalo‘¹.»
1348 2350 1434 2391 Fac
1449 2345 1574 2390 illud.
1597 2345 1725 2401 Nolo,

332 2417 436 2461 dicit
456 2419 586 2462 homo
601 2418 728 2461 miser
745 2438 752 2462 ;
770 2427 812 2461 et
827 2417 1024 2476 linguam
1036 2433 1177 2460 meam
1197 2417 1299 2461 nolo
1313 2418 1536 2462 continere
1554 2433 1576 2460 a
1593 2416 1724 2472 malo,

329 2498 372 2533 et
393 2490 528 2533 vitam
550 2489 650 2534 volo
667 2525 677 2545 ,
700 2498 742 2533 et
764 2489 855 2533 dies
877 2489 1030 2534 bonos.
1055 2489 1097 2534 Si
1116 2490 1336 2549 operarius
1354 2489 1433 2533 tibi
1452 2488 1640 2533 diceret:
1668 2491 1724 2532 Et

377 2594 386 2610 ¹
408 2586 424 2628 fg
443 2589 519 2627 lteg.
541 2598 585 2627 vi,
610 2587 727 2621 26-30.
760 2604 801 2610 -—-
821 2594 833 2609 2
862 2589 941 2620 Gen.
962 2598 1015 2627 xii,
1038 2593 1232 2629 10‚etxxV1,
1258 2599 1285 2620 1.
1310 2604 1353 2609 --
1375 2585 1387 2609 3
1407 2589 1513 2619 2Cor.
1538 2597 1569 2618 u
1585 2612 1593 2621 ,
1610 2595 1664 2628 27.
1683 2603 1724 2608 -

333 2642 446 2675 apqs„
464 2654 575 2676 xuni,
597 2643 645 2685 ily.

1824 176 1830 311 i

1830 335 1832 365 1

1830 371 1833 392 ι
