1833 3284
341 235 425 276 314
771 250 805 276 s.
842 247 1074 275 Anatis-nm
1106 248 1288 276 Emscom

398 316 521 358 VIII.
553 332 572 354 «
602 312 749 358 Dulcis
775 322 818 357 et
840 323 983 358 rectus
1005 314 1256 358 Dominus².
1281 332 1300 355 »
1322 313 1467 359 Dulcis
1486 323 1550 358 est
1577 313 1728 358 Domi-

338 400 443 439 nus,
468 383 828 444 quandoquidcm
851 394 894 428 et
915 394 1142 444 peccantes
1174 394 1217 428 et
1237 385 1391 445 impios
1421 385 1481 428 ita
1503 384 1729 428 miseratus

339 465 419 510 est,
446 464 496 499 ut
515 455 661 499 omnia
689 456 834 515 priora
857 456 1031 500 donarit
1052 474 1061 500 2
1084 455 1160 500 sed
1179 456 1306 500 etiam
1336 465 1479 501 rectus
1501 465 1565 500 est
1586 454 1730 500 Domi-

339 541 437 581 nus,
459 527 534 587 qui
553 535 650 586 post
666 525 1003 571 misericordiam
1024 526 1262 571 vocationis
1285 536 1328 571 et
1350 527 1511 582 veniae,
1533 542 1633 587 quae
1656 526 1732 570 ha-

340 598 417 643 bet
441 598 623 658 gratiam
642 599 734 643 sine
756 598 940 653 meritis,
966 599 1098 657 digna
1119 598 1276 643 ultimo
1293 598 1459 660 judicio
1489 599 1642 642 merita
1668 613 1733 641 re-

341 669 501 729 quiret.
545 688 564 710 «
601 673 784 728 Propter
818 669 902 713 hoc
934 668 1076 728 legem
1104 678 1264 714 statuet
1297 669 1652 730 delinquentibus
1686 667 1733 712 in

344 759 365 783 »
401 740 511 785 via'2.
548 758 569 782 »
595 741 707 794 Quia
740 740 1081 785 misericordiam
1111 742 1369 802 praerogavit
1398 751 1449 786 ut
1475 740 1734 801 perduceret

342 827 388 856 ln
408 826 539 856 vlam.

403 885 481 929 IX.
518 902 538 926 «
570 883 736 943 Diriget
765 884 890 928 mites
919 884 964 927 in
986 883 1195 945 judicio3.
1231 902 1251 926 »
1283 883 1450 943 Diriget
1476 883 1624 938 mites,
1654 897 1736 927 nec

341 955 621 1016 perturbabit
642 955 688 999 in
699 955 865 1016 judicio
887 971 959 1000 eos
976 955 1052 1016 qui
1069 965 1316 1017 sequuntur
1336 955 1610 1000 voluntatem
1627 955 1734 1015 ejus,

343 1043 424 1072 nec
451 1028 490 1072 ei
519 1027 759 1072 resistendo
781 1037 1047 1089 praeponunt
1068 1044 1206 1073 suam.
1237 1047 1258 1071 «
1285 1028 1469 1073 Docebit
1489 1036 1738 1072 mansuetos

347 1116 368 1141 η
403 1099 493 1144 vias
520 1115 633 1144 suas.
664 1118 683 1141 »
710 1100 894 1144 Docebit
914 1100 1002 1144 vias
1025 1115 1142 1155 StlaS,
1169 1115 1259 1145 non
1279 1115 1351 1144 eos
1373 1099 1450 1160 qui
1471 1113 1739 1159 praecurrere

344 1169 522 1225 volunt,
543 1171 666 1231 quasi
689 1186 733 1214 se
750 1171 864 1231 ipsos
893 1170 1048 1216 melius
1077 1186 1225 1229 regere
1247 1171 1413 1231 possint
1438 1190 1446 1215 :
1472 1171 1549 1215 sed
1570 1185 1643 1214 eos
1664 1169 1740 1230 qui

345 1257 435 1286 non
457 1242 630 1300 erigunt
651 1241 885 1298 cervicem,
907 1258 1050 1303 neque
1072 1242 1363 1298 recalcitrant,
1384 1258 1484 1287 cum
1508 1242 1566 1286 eis
1580 1243 1739 1302 jugum

346 1312 444 1356 lene
466 1312 707 1372 imponitur
728 1322 772 1356 et
793 1313 960 1357 sarcina
980 1312 1127 1357 levis⁴.

404 1385 460 1427 X.
492 1402 512 1425 (ι
540 1383 758 1428 Universae
785 1383 866 1428 viae
894 1385 1068 1429 Domini
1100 1384 1394 1429 misericordia
1425 1393 1469 1428 et
1493 1383 1692 1428 veritas⁵.
1716 1400 1737 1424 »

346 1457 464 1508 Quas
483 1464 629 1499 autem
659 1456 746 1500 vias
764 1455 941 1500 docebit
965 1472 1053 1511 eos,
1078 1456 1159 1500 nisi
1179 1455 1519 1501 misericordiam
1541 1471 1627 1516 qua
1644 1454 1741 1515 pla-

346 1525 518 1581 cabilis,
538 1535 581 1570 et
597 1527 826 1571 veritatem
849 1543 935 1588 qua
957 1527 1235 1587 incorruptus
1255 1529 1351 1571 cst?
1379 1530 1578 1581 Quorum
1603 1541 1738 1571 unum

347 1597 538 1656 praebuit
568 1596 776 1642 donando
798 1608 998 1658 peccata,
1019 1597 1207 1642 alterum
1236 1597 1388 1641 merita
1404 1595 1660 1657 judicando.
1686 1599 1744 1640 Et

346 1666 445 1713 idco
468 1668 681 1713 universa}
708 1670 790 1714 viae
813 1670 1007 1724 Domini,
1035 1669 1125 1714 duo
1145 1669 1359 1713 adventus
1382 1668 1480 1713 Filii
1502 1669 1603 1723 Dei,
1629 1683 1744 1711 unus

347 1730 612 1796 miserantis,
635 1740 743 1785 alter
756 1741 1008 1801 judicantis.
1038 1741 1240 1785 Pervenit
1262 1755 1363 1798 ergo
1386 1740 1441 1784 ad
1469 1755 1570 1783 eum
1591 1749 1744 1783 tenens

349 1811 439 1855 vias
461 1813 572 1871 ejus,
592 1813 667 1872 qui
689 1811 820 1856 nullis
848 1812 1010 1856 meritis
1033 1812 1120 1856 suis
1143 1828 1186 1855 se
1209 1811 1447 1855 liberatum
1468 1809 1643 1866 videns,
1663 1809 1743 1854 de-

348 1882 475 1942 ponit
491 1883 766 1942 superbiam,
791 1892 834 1926 et
857 1882 1061 1943 deinceps
1084 1891 1208 1927 cavet
1235 1882 1521 1926 examinantis
1537 1881 1743 1926 severita-

353 1964 461 2010 tem,
488 1955 564 2015 qui
585 1954 862 1999 clementiam
884 1955 1181 1999 subvenientis
1203 1963 1404 2014 expertus
1426 1963 1504 1998 est.
1531 1972 1550 1995 «
1578 1953 1742 2013 Requi-

353 2045 373 2068 »
410 2027 608 2071 rentibus
627 2036 937 2071 testamentum
959 2028 1052 2087 ejus
1070 2036 1113 2071 et
1134 2026 1381 2071 testimonia
1402 2027 1508 2086 ejus.
1531 2043 1551 2066 »
1576 2024 1745 2069 Intelli-

351 2107 460 2156 gunt
501 2098 615 2142 enim
649 2098 886 2142 Dominum
922 2097 1247 2142 misericordem
1277 2098 1419 2156 primo
1452 2097 1667 2151 adventu,
1701 2105 1744 2140 et

350 2169 545 2213 secundo
562 2169 777 2229 judicem⁷
808 2169 885 2229 qui
906 2168 1030 2213 mites
1053 2178 1096 2212 et
1116 2168 1332 2212 mansueti
1359 2167 1589 2228 requirunt
1611 2175 1745 2211 testa-

351 2250 550 2285 mentum
585 2241 699 2301 ejus,
732 2257 833 2285 cum
865 2240 1076 2300 sanguine
1113 2256 1192 2285 suo
1230 2255 1308 2284 nos
1340 2240 1386 2283 in
1420 2255 1578 2284 novam
1609 2239 1745 2282 vitam

353 2311 538 2355 redemit
565 2331 573 2356 z
606 2321 649 2356 et
678 2313 723 2355 in
759 2312 985 2372 Prophetis
1017 2321 1148 2371 atque
1185 2309 1470 2370 Evangeiistis
1500 2309 1745 2355 testimonia

353 2397 462 2441 ejus.

412 2454 491 2495 xl.
517 2471 537 2494 «
559 2455 741 2513 Propter
758 2468 919 2498 nomen
937 2462 1085 2507 tuum,
1104 2452 1303 2507 Domine,
1320 2451 1624 2511 propitiaberis
1648 2466 1747 2510 pec-

402 2555 412 2571 ¹
433 2549 513 2580 Psal.
534 2559 622 2591 xxiv,
641 2550 673 2582 8.
701 2567 743 2573 —
765 2557 777 2573 ²
805 2550 886 2582 Ibid.
915 2567 956 2573 —
984 2548 997 2573 3
1017 2549 1098 2583 lbid.
1117 2560 1149 2591 9.
1172 2548 1245 2578 -4
1263 2549 1379 2581 Matth.
1402 2560 1457 2590 xi,
1483 2549 1537 2582 30.
1563 2565 1605 2572 -·
1627 2547 1644 2571 5
1663 2548 1742 2580 Psal.

356 2616 451 2646 xxiv,
470 2617 519 2638 10.
