1833 3284
0 518 5 548 t

363 313 605 342 ENAnnAno
638 316 670 341 11
703 316 747 341 IN
780 314 982 342 PsALMUM
1015 315 1138 341 xxlx.
1368 301 1453 340 379

66 379 294 442 psallendo
327 379 556 435 exultatio,
585 380 630 424 in
663 380 829 425 orando
853 380 1051 439 gemitus.
1085 380 1218 423 Geme
1251 377 1307 423 de
1336 394 1452 439 prae-

65 448 432 510 sentibus‚;psalle
447 449 502 494 de
519 449 676 494 futuris
695 470 703 495 :
726 466 800 495 ora
816 449 871 494 de
888 465 948 505 re,
966 449 1102 509 psalle
1123 449 1179 493 de
1200 465 1289 510 spe.
1311 468 1328 490 «
1349 452 1451 494 Ves-

68 540 89 563 »
123 537 227 581 pere
247 519 546 567 demorabitur
568 520 711 565 fletus.
738 541 756 562 »
782 519 898 574 Quid
926 529 1008 574 est,
1039 538 1057 560 «
1089 522 1277 579 Vespere
1300 519 1453 564 demo-

68 609 89 634 »
123 583 292 636 rabitur
308 591 463 636 fletus?
484 593 706 651 »Vespera
726 593 791 646 fit,
810 591 987 651 quando
1004 589 1068 635 sol
1086 590 1260 634 occidit.
1282 589 1454 636 Occidit

65 662 130 708 sol
160 663 214 708 ab
244 663 442 718 homine,
468 662 514 707 id
541 672 627 718 est,
658 662 734 707 lux
764 662 836 706 illa
866 662 1067 723 justitiae,
1090 662 1322 721 praesentia
1358 663 1452 707 Dei.

66 733 172 778 Ideo
192 733 372 794 quando
395 733 597 793 expulsus
625 743 689 778 est
711 733 876 789 Adam,
901 732 1010 794 quid
1029 732 1196 777 dietum
1219 742 1281 777 est
1303 733 1348 777 in
1371 735 1458 778 Ge-

65 804 187 848 nesi?
214 806 326 849 Cum
354 804 658 848 deambularet
690 808 805 849 Deus
825 804 871 848 in
896 804 1096 864 paradiso
1124 823 1133 848 :
1159 805 1215 849 ad
1232 819 1457 864 vesperam

65 874 379 920 deambulabat
398 878 527 919 Deus.
555 878 652 919 Jam
674 874 748 919 ille
763 884 971 934 peccator
991 884 1156 919 texerat
1179 891 1223 919 se
1244 876 1357 919 intra
1378 874 1459 935 lig-

64 961 189 1002 num,
213 945 391 992 nolebat
412 945 559 990 videre
586 944 742 990 faciem
772 946 891 1000 Dei1,
919 944 975 989 ad
996 960 1127 1006 quam
1147 944 1337 1006 gaudere
1359 961 1459 990 con-

64 1027 277 1066 sueverat.
319 1017 552 1064 Occiderat
589 1017 653 1062 illi
679 1017 752 1064 Sol
784 1018 990 1075 justitiae,
1024 1033 1114 1063 non
1149 1018 1371 1077 gaudebat
1403 1017 1460 1063 ad

62 1090 337 1149 praesentiam
362 1089 455 1134 Dei.
478 1089 588 1133 Inde
609 1089 812 1133 inchoata
837 1097 902 1133 est
927 1089 1068 1133 omnis
1090 1089 1178 1133 vita
1196 1089 1273 1134 ista
1290 1098 1458 1134 morta-

63 1158 128 1204 lis.
167 1179 187 1202 «
220 1162 409 1220 Vespere
442 1158 742 1204 demorabitur
775 1159 918 1203 fletus.
950 1180 967 1201 »
994 1159 1079 1204 Diu
1107 1159 1189 1203 eris
1212 1160 1256 1203 in
1280 1160 1410 1216 fletu,
1431 1176 1459 1205 o

65 1247 200 1290 genus
220 1231 465 1275 humanum
490 1250 498 1275 :
519 1230 705 1275 nasceris
727 1231 843 1274 enim
866 1229 920 1274 de
942 1229 1106 1286 Adam,
1127 1240 1170 1275 et
1191 1231 1249 1275 sic
1279 1240 1342 1275 est
1363 1229 1457 1276 fac-

63 1311 158 1347 tum
177 1323 188 1360 3
207 1310 251 1347 et
270 1317 349 1346 nos
369 1317 421 1345 ex
441 1300 581 1346 Adam
606 1316 754 1345 sumus
767 1336 777 1355 ‚
804 1310 848 1345 et
869 1311 1088 1362 quotquot
1104 1311 1308 1347 crearunt
1324 1301 1452 1358 filios,

63 1381 107 1418 et
128 1372 316 1418 creaturi
332 1381 450 1428 sunt,
471 1388 522 1416 ex
539 1372 680 1416 Adam
702 1381 820 1427 sunt,
839 1388 889 1416 cx
911 1388 1000 1432 quo
1022 1383 1065 1417 et
1087 1373 1167 1432 ipsi
1184 1373 1317 1417 creati
1334 1381 1450 1418 sunt.

67 1462 88 1486 «
120 1446 310 1503 Vespere
342 1442 642 1488 demorabitur
665 1443 792 1486 fletus
819 1462 827 1486 :
860 1452 902 1487 et
925 1443 971 1486 in
994 1443 1261 1487 matutinum
1283 1442 1454 1488 exulta-

66 1533 88 1556 »
122 1515 198 1559 tio.
221 1534 238 1556 »
258 1514 446 1568 Quando
467 1514 651 1574 coeperit
671 1510 774 1558 oriri
796 1513 999 1558 fidelibus
1015 1513 1106 1570 luiz,
1120 1531 1219 1575 quae
1236 1513 1455 1560 occiderat

62 1585 378 1646 peccatoribus.
415 1587 523 1633 Nam
557 1584 656 1629 ideo
689 1594 733 1628 et
765 1585 976 1629 Dominus
1013 1587 1137 1630 Jesus
1178 1586 1375 1630 Christus
1408 1588 1456 1630 in

63 1656 280 1701 matutino
313 1655 544 1700 resurrexit
570 1654 625 1699 de
647 1654 897 1715 sepulcro²,
935 1665 985 1700 ut
1011 1656 1132 1716 quod
1163 1655 1381 1701 dedicavit
1406 1657 1454 1702 in

58 1726 369 1781 fundamento,
394 1727 478 1771 hoc
502 1727 778 1786 promitteret
812 1725 978 1771 domui.
1013 1730 1064 1771 In
1096 1728 1282 1772 Domino
1304 1737 1453 1773 nostro

58 1813 233 1858 vespera
253 1797 355 1853 fuit,
381 1814 468 1859 qua
491 1797 688 1857 sepultus
719 1806 810 1855 est3
830 1807 873 1842 et
894 1798 1180 1854 matutinum,
1203 1815 1292 1860 quo
1310 1815 1454 1844 resur-

57 1869 188 1924 rexit,
213 1869 343 1916 tertio
369 1867 442 1914 die
464 1888 472 1913 :
502 1867 698 1928 sepultus
731 1878 794 1913 est
825 1878 939 1913 et³t11
959 1885 1136 1929 vespere
1159 1869 1204 1913 in
1227 1869 1448 1929 paradiso,

59 1949 103 1985 et
124 1941 390 1985 resurrexisti
410 1940 538 1985 tertio
555 1940 640 1985 die.
660 1942 892 1995 Quomodo
910 1943 1038 1986 tertio
1060 1940 1161 1986 die?
1181 1942 1224 1987 Si
1241 1942 1451 1987 saeculum

58 2012 243 2070 cogites,
268 2027 382 2056 unus
405 2011 494 2055 dies
524 2021 586 2056 est
607 2021 708 2056 ante
739 2016 922 2072 Legem,
947 2012 1163 2057 secundus
1195 2014 1279 2057 sub
1308 2016 1446 2073 Lege,

58 2082 211 2127 tertius
233 2083 315 2127 sub
338 2081 486 2140 gratia.
513 2081 642 2136 Quod
666 2082 812 2128 triduo
836 2083 912 2128 illo
937 2082 1127 2128 ostendit
1148 2095 1281 2143 caput
1301 2093 1445 2141 tuum,

56 2154 142 2199 hoc
164 2153 312 2199 triduo
337 2153 485 2198 saeculi
503 2155 747 2199 ostenditur
768 2155 813 2199 in
836 2164 894 2199 te.
916 2156 1134 2209 Quando?
1158 2159 1208 2200 In
1232 2157 1449 2202 matutino

58 2224 322 2285 sperandum
340 2235 420 2280 est,
436 2224 676 2271 laetandum
694 2236 779 2285 est,
799 2225 875 2271 sed
892 2226 1201 2287 perferendum
1218 2237 1282 2273 est
1295 2228 1444 2284 modo,

59 2305 103 2340 et
125 2295 405 2354 gemendum.

116 2369 260 2411 XVII.
290 2386 308 2408 (ι.
342 2370 436 2426 Ego
456 2377 602 2412 autem
623 2367 710 2413 dixi
733 2368 777 2412 in
798 2384 895 2413 mea
919 2368 1210 2431 abundantia:
1234 2372 1334 2415 Non
1357 2385 1449 2414 mo-

63 2455 83 2478 »
117 2437 253 2482 vebor
275 2437 320 2482 in
341 2441 594 2483 aeternum'v'.
625 2458 644 2481 n
680 2443 731 2484 In
752 2456 838 2500 qua
860 2440 1129 2485 abundantia
1157 2441 1266 2486 dixit
1286 2443 1444 2488 homo:

66 2527 85 2550 «
118 2511 216 2554 Non
246 2510 457 2554 movebor
496 2511 541 2554 in
572 2513 817 2555 aeternum?
854 2533 870 2553 »
895 2511 1229 2571 intelligimus,
1265 2511 1443 2569 fratres,

60 2594 288 2639 personam
308 2580 485 2625 humilis
507 2581 708 2626 hominis.
730 2582 835 2636 Quis
857 2582 928 2626 hic
949 2583 1084 2627 habet
1100 2583 1449 2629 abundantiam?

112 2671 119 2685 ¹
141 2666 218 2697 Gen.
238 2675 287 2706 111,
302 2665 332 2697 8.
359 2683 400 2688 -
421 2673 433 2688 ²
459 2667 572 2697 Mntth.
595 2677 706 2707 xxvm,
725 2679 751 2698 1.
771 2684 812 2689 -
834 2665 846 2689 3
866 2667 944 2698 Psat.
965 2679 1055 2708 xxix,
1083 2679 1112 2709 7.
