1833 3284
468 255 709 286 ENARRATIO
740 260 787 287 IN
817 257 1019 288 rsALMUM
1051 261 1100 287 11.
1393 249 1475 287 117

98 343 121 366 »
154 332 353 369 exustum
373 321 528 378 fuerit,
555 322 869 369 detrimentum
884 325 1096 385 patietur,
1120 325 1210 384 ipse
1231 333 1377 369 autem
1394 323 1478 369 sal-

97 413 118 436 »
152 410 232 438 vus
252 395 354 448 erit,
377 394 438 438 sic
459 401 604 437 tamen
625 395 748 453 quasi
768 410 847 454 per
865 395 1052 454 ignem1.
1077 413 1097 436 »

152 468 228 511 VI.
249 485 270 509 «
288 465 508 519 Quoniam
520 465 642 510 novit
654 466 864 510 Dominus
877 466 990 510 viam
998 467 1260 526 justorum2.
1279 483 1300 507 »
1317 467 1478 519 Quem-

92 535 333 582 admodum
347 535 533 580 dicitur:
556 536 721 582 «Novit
740 535 924 581 salutem
944 534 1160 580 medicina
1176 570 1187 590 ‚
1206 535 1381 580 morbos
1400 551 1480 580 au-

91 618 181 653 tem
201 624 292 653 non
322 608 471 663 novit,
499 627 517 649 »
554 616 599 651 et
629 616 772 651 tamen
793 607 923 652 etiam
953 606 1097 651 morbi
1123 615 1214 650 arte
1250 605 1480 650 medicinae

91 687 390 738 agnoscuntur
424 697 432 722 :
458 677 517 722 sic
533 676 619 722 dici
640 686 782 737 potest
802 692 926 722 nosse
945 676 1185 721 Dominum
1204 676 1319 720 viam
1335 676 1479 736 justo-

88 765 185 794 rum
200 784 211 805 ‚
235 749 352 794 viam
381 763 484 792 vero
504 748 739 807 impiorum
770 763 860 793 non
891 763 1014 792 nosse
1037 767 1046 792 :
1072 763 1162 792 non
1183 747 1286 808 quia
1307 744 1474 807 aliquid

91 820 301 864 'Dominus
323 819 481 873 nescit,
504 827 711 863 ettamen
732 818 837 863 dicit
857 818 1161 878 peccatoribus
1186 837 1195 862 z
1227 836 1244 857 «
1261 820 1359 863 Non
1376 816 1480 861 novi

95 910 121 940 ‘t
147 892 266 935 vos3.
293 892 382 934 Iter
403 898 548 933 autem
577 889 812 949 impiorum
833 889 1014 949 peribit,
1048 909 1066 930 »
1096 903 1176 947 pro
1211 903 1262 931 eo
1287 887 1480 947 positum

88 970 168 1017 est,
194 976 243 1006 ac
262 960 294 1005 si
317 960 534 1005 diceretur
559 979 568 1005 :
594 979 611 1000 «
631 963 719 1004 Iter
740 969 886 1004 autem
903 959 1138 1019 impiorum
1156 974 1246 1003 non
1259 958 1381 1003 novit
1393 961 1482 1002 Do-

88 1032 247 1076 minus.
269 1051 287 1072 »
316 1030 402 1077 Sed
426 1030 598 1091 planius
620 1030 786 1075 dictum
805 1039 890 1085 est,
915 1039 966 1073 ut
986 1030 1070 1074 hoc
1093 1030 1147 1073 sit
1163 1028 1320 1073 nesciri
1344 1044 1367 1072 a
1388 1031 1478 1072 Do-

87 1104 208 1148 mino
225 1138 237 1158 ,
262 1102 384 1164 quod
401 1112 465 1147 est
481 1102 637 1162 perire,
658 1111 702 1147 et
719 1103 805 1147 hoc
826 1102 881 1146 sit
896 1101 1031 1146 sciria
1047 1101 1251 1154 Domino,
1272 1098 1394 1160 quod
1415 1108 1480 1143 est

89 1189 263 1218 manere
286 1193 295 1218 :
327 1183 379 1218 ut
401 1174 457 1218 ad
478 1174 702 1218 scientiam
724 1173 802 1217 Dei
824 1188 913 1216 esse
928 1172 1168 1231 pertineat,
1195 1170 1251 1215 ad
1271 1172 1481 1230 ignoran-

88 1246 192 1290 tiam
212 1260 316 1291 vero
342 1260 433 1289 non
461 1260 566 1289 esse.
593 1245 702 1298 Quia
727 1244 938 1288 Dominus
960 1244 1065 1289 dicit
1091 1264 1099 1289 :
1129 1262 1146 1283 «
1168 1247 1262 1302 Ego
1283 1258 1378 1286 sum
1402 1241 1480 1302 qui

90 1335 110 1358 »
130 1331 227 1361 sum
248 1335 257 1362 :
278 1336 295 1358 »
318 1325 378 1372 et,
403 1334 421 1356 «
439 1316 524 1370 Qui
542 1324 630 1371 est,
650 1315 768 1359 misit
788 1330 859 1359 me
869 1316 900 1358 4.
918 1334 936 1356 »

86 1446 1483 1469 WWMMWWMMWMMMMMWMWMMMMMWWWWUMQ

596 1547 980 1596 ENARRATIO

518 1674 578 1713 IN
624 1672 928 1714 PSALMUM
971 1672 1032 1711 11.

144 1798 180 1839 Ι.
221 1814 242 1838 «
278 1797 343 1839 UT
366 1793 475 1855 quid
508 1793 783 1839 fremuerunt
817 1802 995 1853 gentes,
1032 1801 1076 1837 et
1107 1790 1260 1852 populi
1284 1788 1479 1834 meditati

88 1885 108 1908 »
142 1875 245 1910 sunt
276 1866 453 1910 inania?
473 1866 718 1910 Astiterunt
751 1879 868 1922 reges
892 1874 1018 1908 terrae
1033 1899 1044 1919 ,
1070 1873 1113 1907 et
1134 1863 1350 1923 principes
1369 1876 1479 1905 con-

87 1955 107 1979 »
142 1945 358 1981 venerunt
398 1936 445 1980 in
479 1951 620 1979 unum
651 1935 855 1979 adversus
891 1935 1128 1979 Dominum
1144 1969 1155 1988 ,
1195 1943 1238 1977 et
1271 1932 1478 1976 adversus

88 2025 108 2048 »
143 2006 364 2050 Christum
391 2007 544 2065 ejus⁵P
568 2023 588 2046 »
614 2009 698 2049 Pro
721 2020 772 2049 eo
796 2005 964 2048 <lictum
987 2013 1071 2058 est,
1103 2023 1122 2045 «
1148 2006 1205 2047 Ut
1226 2002 1355 2062 quid,
1382 2019 1401 2042 »
1429 2015 1478 2044 ac

83 2077 119 2121 si
139 2076 372 2131 diceretur,
397 2074 573 2120 frustra.
606 2078 704 2121 Non
727 2075 842 2119 enim
865 2074 1161 2133 impleverunt
1182 2073 1303 2134 quod
1323 2071 1479 2116 volue—

83 2156 209 2203 runt,
235 2156 286 2191 ut
306 2147 503 2192 Christus
523 2146 874 2204 extingueretur,
895 2145 1055 2189 dicitur
1075 2146 1161 2190 hoc
1179 2146 1296 2188 enim
1315 2143 1370 2188 de
1385 2158 1481 2202 per-

83 2218 354 2263 secutoribus
370 2217 566 2273 Domini,
589 2217 666 2278 qui
688 2217 794 2262 etin
813 2217 997 2261 Actibus
1012 2215 1323 2277 Apostolorum
1354 2231 1480 2260 com-

84 2296 385 2333 memorantur
398 2289 431 2331 6.

146 2360 204 2400 ΙΙ.
231 2358 588 2415 «Disrumpamus
604 2355 780 2400 vincula
797 2371 967 2411 eorum,
983 2365 1026 2400 ct
1042 2355 1298 2415 abjiciamus
1312 2370 1335 2399 a
1351 2355 1481 2400 nobis

87 2445 108 2467 »
134 2427 294 2486 jugum
312 2426 549 2485 ipsorum⁷.
572 2443 592 2466 »
619 2428 882 2484 Quanquam
902 2435 944 2468 et
964 2426 1098 2484 possit
1122 2425 1245 2469 aliter
1263 2425 1446 2484 intelligi
1461 2460 1474 2482 ,

133 2527 144 2543 ¹
163 2532 175 2552 1
200 2522 273 2552 Cor.
288 2531 335 2562 iu,
361 2519 471 2551 13-15.
493 2536 534 2541 —
554 2525 567 2541 ²
587 2519 671 2551 Psal.
686 2530 709 2556 1,
728 2519 814 2550 6.—-
830 2517 843 2542 3
863 2518 1055 2561 Matth.v11,
1070 2520 1178 2553 23.—
1195 2519 1211 2549 l,
1233 2520 1332 2553 Exod.
1352 2531 1401 2561 ιιῐ,
1418 2519 1472 2560 14.

88 2574 156 2598 ——5
174 2576 250 2608 Psal.
269 2587 306 2614 11,
326 2587 356 2617 ι,
376 2584 408 2608 2.
428 2592 470 2597 -
487 2572 502 2596 63
521 2576 594 2607 Act.
613 2586 660 2616 iv,
678 2576 792 2606 201—
807 2581 820 2606 7
841 2575 920 2606 Psal.
938 2586 974 2615 11,
998 2574 1028 2607 3.
