1833 3284
398 277 477 316 130
827 285 859 313 S.
899 286 1128 313 Auocsnni
1164 288 1343 315 El‘lscol‘l

387 361 430 396 et
453 350 742 396 misericordia
756 351 852 395 talis
870 359 947 395 est.
967 370 987 392 «
1002 353 1058 394 Et
1071 351 1261 395 exaltans
1273 361 1405 411 caput
1414 366 1606 396 meum.»
1630 355 1780 412 Ipsum

386 422 548 468 scilicet
581 423 658 484 qui
679 422 996 482 primogenitus
1024 438 1047 466 a
1074 423 1257 467 mortuis
1287 421 1480 468 ascendit
1523 423 1569 467 in
1590 422 1775 480 coelum,

391 515 412 538 «
447 497 564 539 Voce
597 509 693 539 mea
721 493 778 539 ad
799 494 1035 539 Dominum
1068 493 1271 549 clamavi,
1308 504 1352 539 et
1378 492 1600 539 exaudivit
1620 510 1690 539 me
1723 494 1779 540 de

389 584 408 607 »
444 575 593 611 monte
607 575 757 611 saneto
771 581 848 610 suo
863 568 893 609 ¹.
912 584 932 606 »
951 567 1054 609 Haec
1067 574 1130 609 est
1147 565 1284 610 oratio
1298 566 1494 610 omnium
1508 574 1775 621 sanctorum,

384 636 493 682 odor
522 637 743 683 suavitatis
760 673 770 691 ,
803 636 879 698 qui
908 636 1100 681 ascendit
1128 636 1173 680 in
1196 647 1432 697 conspeetu
1462 637 1652 682 Domini.
1679 640 1776 682 Jam

381 709 497 753 enim
523 707 751 753 exauditur
764 707 956 752 Ecclesia
974 708 1028 752 de
1045 708 1138 768 ipso
1156 718 1326 765 monte,
1352 709 1475 770 quod
1496 708 1627 753 etiam
1644 717 1778 769 caput

381 781 471 840 ejus
494 789 558 824 est
583 797 594 824 .·
618 778 688 824 vel
712 779 766 823 de
789 778 862 823 illa
879 779 1046 839 justitia
1068 780 1168 833 Dei,
1194 796 1279 840 qua
1312 789 1355 824 et
1378 779 1621 824 liberantur
1649 779 1776 824 electi

377 851 483 911 ejus,
511 860 555 895 et
575 859 872 911 persecutores
894 866 1046 895 eorum
1069 851 1469 911 puniuntur.Dicat
1486 849 1676 911 populns
1698 851 1777 895 Dei

378 922 508 966 etiam
523 921 659 978 illud,
684 925 810 982 «Ego
828 922 1030 977 dormivi,
1052 931 1095 966 et
1115 938 1318 967 somnum
1340 923 1458 982 cepi3
1478 932 1522 967 et
1559 922 1772 978 exurrexi,

377 1011 398 1035 »
419 994 629 1055 quoniam
648 994 858 1038 Dominus
872 993 1075 1053 suscipiet
1097 997 1185 1037 1110Ιὶ
1207 1013 1216 1038 ;
1239 1012 1260 1035 »
1288 1003 1338 1038 ut
1359 993 1624 1054 adjungatur
1645 1003 1689 1038 et
1705 1009 1776 1039 eo-

375 1065 537 1110 haereat
559 1066 690 1125 capiti
711 1082 805 1111 suo.
833 1065 946 1110 Huic
968 1065 1084 1109 enim
1105 1065 1271 1126 populo
1287 1064 1457 1110 dictum
1475 1074 1539 1110 est
1566 1085 1575 1110 z
1603 1068 1774 1124 «Surge

377 1154 398 1178 »
434 1137 510 1198 qui
527 1136 704 1193 dormis,
730 1147 773 1182 et
796 1152 954 1196 exurge
972 1153 994 1181 a
1015 1137 1216 1192 mortuis,
1240 1147 1284 1181 ct
1301 1138 1529 1195 continget
1546 1146 1588 1182 te
1624 1137 1774 1182 Chris-

376 1226 397 1249 »
433 1210 545 1253 tusss.
576 1227 596 1250 »
634 1208 849 1262 Quoniam
877 1207 932 1252 de
961 1208 1263 1268 peccatoribus
1296 1218 1543 1268 assumptus
1576 1217 1640 1252 est
1673 1227 1682 1252 :
1717 1207 1772 1252 de

373 1279 532 1341 quibus
567 1279 825 1340 generaliter
852 1279 1019 1324 dietum
1052 1289 1116 1324 est
1146 1300 1154 1324 :
1201 1280 1326 1332 «Qui
1349 1289 1495 1324 autem
1521 1279 1768 1334 dormiunt,

375 1369 395 1393 n
431 1360 560 1395 nocte
584 1350 850 1395 dormiunt&
881 1369 901 1392 »
939 1351 1060 1395 Dicat
1094 1350 1252 1406 etiam,
1285 1352 1415 1395 «Non
1439 1350 1602 1394 timebo
1634 1349 1772 1395 millia

372 1439 394 1462 »
430 1420 581 1482 populi
610 1421 920 1466 circumdantis
947 1436 1016 1465 me
1037 1423 1051 1447 ⁵
1071 1440 1080 1465 2
1101 1440 1120 1462 »
1153 1420 1581 1466 circumvallantium
1605 1420 1772 1465 scilicet

369 1493 583 1553 gentium,
601 1493 657 1537 ad
674 1492 1020 1552 extinguendum
1035 1508 1212 1547 nomen,
1233 1494 1266 1537 si
1284 1501 1475 1552 possent,
1500 1491 1771 1553 ubicumque

371 1564 670 1609 christianum.
721 1563 805 1609 Sed
842 1563 1066 1625 quomodo
1099 1563 1375 1619 timerentur,
1408 1579 1510 1608 cum
1560 1572 1771 1624 tanquam

368 1636 464 1682 oleo
479 1637 687 1696 sanguine
705 1640 951 1694 Martyrum
964 1636 1010 1681 in
1030 1636 1204 1683 Christo
1224 1635 1354 1681 ardor
1367 1635 1588 1680 charitatis
1602 1635 1770 1680 inflam-

367 1710 580 1752 maretur?
598 1711 816 1766 «Exurge,
841 1708 1040 1763 Domine,
1057 1707 1226 1752 salvum
1244 1722 1314 1750 me
1328 1706 1412 1761 fac,
1429 1710 1545 1751 Deus
1562 1707 1724 1750 meus⁶.
1747 1726 1765 1748 »

367 1782 514 1824 Potest
545 1779 629 1824 hoc
660 1779 741 1839 ipsi
765 1778 896 1839 capiti
917 1795 996 1824 suo
1019 1794 1176 1839 corpus
1199 1777 1358 1822 dicere.
1388 1777 1472 1822 Illo
1496 1777 1615 1821 enim
1638 1792 1766 1821 exur-
1832 1826 1833 1832 ¹

330 1893 334 1896 ,
368 1860 512 1910 gente,
550 1849 719 1896 salvum
748 1850 913 1894 factum
937 1859 1025 1905 est,
1052 1850 1128 1911 qui
1155 1848 1351 1894 ascendit
1374 1849 1418 1893 in
1447 1849 1607 1904 altum,
1637 1849 1765 1909 capti-

366 1936 467 1966 vam
486 1921 575 1981 egit
591 1921 882 1981 captivitatem
896 1957 906 1976 ,
932 1920 1055 1964 dedit
1076 1920 1191 1965 dona
1213 1920 1464 1965 hominibus
1478 1922 1508 1963 ⁷.
1531 1922 1628 1964 Hoc
1650 1919 1766 1963 enim

366 1992 412 2035 in
435 1991 818 2053 praedestinatione
842 2008 865 2036 a
895 1992 1114 2051 Propheta
1136 1992 1312 2046 dicitur,
1340 2006 1571 2052 quousque
1600 1991 1657 2034 ad
1680 1999 1768 2035 ter-

367 2079 433 2108 ras
455 2064 693 2108 Dominum
712 2072 909 2108 nostrum
927 2098 937 2118 ,
970 2061 1044 2107 illa
1070 2062 1232 2123 dequa
1256 2063 1301 2106 in
1327 2061 1565 2120 Evangelio
1586 2061 1762 2118 dicitur,

365 2135 512 2179 messis
538 2144 708 2179 matura
730 2133 976 2194 deposuitss,
1003 2135 1126 2194 cujus
1153 2133 1268 2177 salus
1291 2143 1355 2178 est
1376 2134 1421 2177 in
1439 2135 1530 2193 ejus
1552 2149 1766 2178 resurrec-

365 2206 499 2261 tione,
517 2206 591 2266 qui
608 2221 685 2265 pro
708 2205 832 2249 nobis
846 2204 1052 2264 dignatus
1076 2213 1140 2248 est
1163 2204 1290 2248 mori.
1321 2204 1572 2258 «Quoniam
1597 2214 1646 2248 tu
1664 2220 1764 2265 per-

368 2299 386 2321 »
422 2278 589 2323 cussisti
611 2294 762 2323 omnes
778 2276 1052 2323 adversantes
1072 2277 1180 2321 mihi
1197 2277 1288 2321 sine
1309 2293 1459 2333 causa,
1486 2277 1639 2321 dentes
1663 2293 1764 2337 pee-

369 2370 386 2391 »
423 2359 619 2394 catorum
642 2348 884 2394 contrivisti
899 2350 930 2391 ⁰.
954 2369 970 2390 »
999 2351 1097 2392 ,Iam
1121 2357 1330 2407 regnante
1357 2346 1572 2404 Ecclesia,
1597 2348 1762 2392 inimici

364 2421 552 2466 nominis
570 2420 794 2466 christiani
816 2418 1074 2465 confusione
1092 2418 1284 2479 percussi
1301 2427 1404 2463 sunt
1418 2454 1429 2474 ,
1457 2427 1501 2464 et
1522 2419 1609 2463 sive
1628 2417 1757 2463 male-

416 2542 425 2559 ¹
443 2536 523 2568 Psal.
552 2547 609 2577 ui,
639 2534 671 2568 5.
693 2552 734 2557 -
756 2510 925 2567 ²11Jid.6.
948 2551 989 2555 -
1018 2531 1031 2556 3
1051 2532 1165 2575 Ephes.
1196 2544 1230 2572 v,
1257 2532 1307 2574 14,
1330 2550 1372 2556 -
1391 2531 1406 2562 4
1430 2545 1441 2565 1
1468 2533 1577 2566 Thess.
1599 2544 1633 2575 v,
1664 2544 1694 2576 7.
1717 2551 1758 2556 —

367 2589 382 2613 ⁵
403 2592 481 2625 Psal.
504 2603 553 2631 ιιι,
575 2602 604 2634 7.
624 2609 665 2614 —
684 2589 795 2623 ⁶1bid.
816 2607 857 2612 ——
876 2597 889 2623 7
910 2589 991 2622 Psal.
1010 2600 1111 2630 uvir,
1135 2600 1185 2632 ¹9-
1206 2606 1247 2611 ·—
1265 2587 1280 2612 8
1295 2589 1407 2622 Matth.
1428 2601 1474 2628 ix,
1494 2589 1546 2631 37.
1575 2605 1616 2611 —-
1634 2596 1650 2621 9
1675 2589 1754 2622 Psat.

364 2660 418 2689 111,
439 2649 470 2680 8.
