<?xml version="1.0" encoding="UTF-8"?>
<!DOCTYPE html PUBLIC "-//W3C//DTD XHTML 1.0 Transitional//EN"
    "http://www.w3.org/TR/xhtml1/DTD/xhtml1-transitional.dtd">
<html xmlns="http://www.w3.org/1999/xhtml" xml:lang="en" lang="en">
 <head>
  <title>
</title>
<meta http-equiv="Content-Type" content="text/html;charset=utf-8" />
  <meta name='ocr-system' content='tesseract 3.04.00' />
  <meta name='ocr-capabilities' content='ocr_page ocr_carea ocr_par ocr_line ocrx_word'/>
</head>
<body>
  <div class='ocr_page' id='page_1' title='image "./operaomniaaccura07auguuoft_0146.png"; bbox 0 0 1833 3284; ppageno 0'>
   <div class='ocr_carea' id='block_1_1' title="bbox 353 264 1765 2543">
    <p class='ocr_par' dir='ltr' id='par_1_1' title="bbox 360 264 1317 304">
     <span class='ocr_line' id='line_1_1' title="bbox 360 264 1317 304; baseline -0.001 0"><span class='ocrx_word' id='word_1_1' title='bbox 360 264 438 304; x_wconf 78' lang='lat'>134</span> <span class='ocrx_word' id='word_1_2' title='bbox 800 279 832 304; x_wconf 85' lang='lat' dir='ltr'>s.</span> <span class='ocrx_word' id='word_1_3' title='bbox 870 276 1100 304; x_wconf 72' lang='lat' dir='ltr'>Ancus-rim</span> <span class='ocrx_word' id='word_1_4' title='bbox 1135 277 1317 304; x_wconf 68' lang='lat' dir='ltr'>mnscom</span> 
     </span>
    </p>

    <p class='ocr_par' dir='ltr' id='par_1_2' title="bbox 353 342 1751 1040">
     <span class='ocr_line' id='line_1_2' title="bbox 356 342 1743 402; baseline 0.004 -18"><span class='ocrx_word' id='word_1_5' title='bbox 356 363 376 385; x_wconf 89' lang='lat'>«</span> <span class='ocrx_word' id='word_1_6' title='bbox 413 342 580 387; x_wconf 81' lang='lat' dir='ltr'>Esurivi</span> <span class='ocrx_word' id='word_1_7' title='bbox 601 378 611 396; x_wconf 83' lang='lat'><strong>‚</strong></span> <span class='ocrx_word' id='word_1_8' title='bbox 648 352 691 386; x_wconf 86' lang='lat' dir='ltr'>et</span> <span class='ocrx_word' id='word_1_9' title='bbox 724 358 811 387; x_wconf 90' lang='lat' dir='ltr'>non</span> <span class='ocrx_word' id='word_1_10' title='bbox 833 342 1004 387; x_wconf 76' lang='lat' dir='ltr'>cibastis</span> <span class='ocrx_word' id='word_1_11' title='bbox 1026 357 1118 400; x_wconf 81' lang='lat' dir='ltr'>me3</span> <span class='ocrx_word' id='word_1_12' title='bbox 1144 343 1279 398; x_wconf 85' lang='lat' dir='ltr'>sitivi,</span> <span class='ocrx_word' id='word_1_13' title='bbox 1305 351 1347 387; x_wconf 87' lang='lat' dir='ltr'>et</span> <span class='ocrx_word' id='word_1_14' title='bbox 1369 352 1523 402; x_wconf 76' lang='lat' dir='ltr'>potum</span> <span class='ocrx_word' id='word_1_15' title='bbox 1545 359 1633 389; x_wconf 84' lang='lat' dir='ltr'>non</span> <span class='ocrx_word' id='word_1_16' title='bbox 1663 345 1743 390; x_wconf 82' lang='lat' dir='ltr'>de—</span> 
     </span>
     <span class='ocr_line' id='line_1_3' title="bbox 357 413 1745 474; baseline 0.005 -21"><span class='ocrx_word' id='word_1_17' title='bbox 357 433 376 455; x_wconf 86' lang='lat'>»</span> <span class='ocrx_word' id='word_1_18' title='bbox 413 413 532 457; x_wconf 84' lang='lat' dir='ltr'>distis</span> <span class='ocrx_word' id='word_1_19' title='bbox 558 413 703 467; x_wconf 66' lang='lat' dir='ltr'>mihil,</span> <span class='ocrx_word' id='word_1_20' title='bbox 724 432 742 454; x_wconf 64' lang='grc' dir='ltr'>η</span> <span class='ocrx_word' id='word_1_21' title='bbox 776 423 819 457; x_wconf 83' lang='lat' dir='ltr'>et</span> <span class='ocrx_word' id='word_1_22' title='bbox 852 422 1022 457; x_wconf 68' lang='lat' dir='ltr'>caetera.</span> <span class='ocrx_word' id='word_1_23' title='bbox 1055 415 1197 466; x_wconf 83' lang='lat' dir='ltr'>Quare</span> <span class='ocrx_word' id='word_1_24' title='bbox 1220 414 1290 458; x_wconf 88' lang='lat' dir='ltr'>hic</span> <span class='ocrx_word' id='word_1_25' title='bbox 1316 429 1492 474; x_wconf 83' lang='lat' dir='ltr'>quoque</span> <span class='ocrx_word' id='word_1_26' title='bbox 1516 423 1657 474; x_wconf 88' lang='lat' dir='ltr'>potest</span> <span class='ocrx_word' id='word_1_27' title='bbox 1678 416 1745 460; x_wconf 89' lang='lat' dir='ltr'>di·-</span> 
     </span>
     <span class='ocr_line' id='line_1_4' title="bbox 354 482 1746 547; baseline 0.001 -18"><span class='ocrx_word' id='word_1_28' title='bbox 354 500 451 529; x_wconf 84' lang='lat' dir='ltr'>cere</span> <span class='ocrx_word' id='word_1_29' title='bbox 462 520 472 539; x_wconf 82' lang='lat'>‚</span> <span class='ocrx_word' id='word_1_30' title='bbox 495 504 515 525; x_wconf 85' lang='lat'>«</span> <span class='ocrx_word' id='word_1_31' title='bbox 532 482 726 528; x_wconf 85' lang='lat' dir='ltr'>Dilatasti</span> <span class='ocrx_word' id='word_1_32' title='bbox 740 484 861 538; x_wconf 75' lang='lat' dir='ltr'>mihi,</span> <span class='ocrx_word' id='word_1_33' title='bbox 872 502 890 525; x_wconf 73' lang='lat' dir='ltr'>n</span> <span class='ocrx_word' id='word_1_34' title='bbox 907 499 986 543; x_wconf 81' lang='lat' dir='ltr'>pro</span> <span class='ocrx_word' id='word_1_35' title='bbox 1004 498 1092 528; x_wconf 87' lang='lat' dir='ltr'>uno</span> <span class='ocrx_word' id='word_1_36' title='bbox 1107 500 1158 527; x_wconf 80' lang='lat' dir='ltr'>cx</span> <span class='ocrx_word' id='word_1_37' title='bbox 1171 485 1358 529; x_wconf 88' lang='lat' dir='ltr'>minimis</span> <span class='ocrx_word' id='word_1_38' title='bbox 1371 485 1457 530; x_wconf 86' lang='lat' dir='ltr'>suis</span> <span class='ocrx_word' id='word_1_39' title='bbox 1467 484 1746 547; x_wconf 79' lang='lat' dir='ltr'>colloquente</span> 
     </span>
     <span class='ocr_line' id='line_1_5' title="bbox 354 553 1748 618; baseline 0.003 -20"><span class='ocrx_word' id='word_1_40' title='bbox 354 571 455 599; x_wconf 88' lang='lat' dir='ltr'>cum</span> <span class='ocrx_word' id='word_1_41' title='bbox 479 558 569 598; x_wconf 92' lang='lat' dir='ltr'>Deo</span> <span class='ocrx_word' id='word_1_42' title='bbox 586 589 596 609; x_wconf 86' lang='lat'>‚</span> <span class='ocrx_word' id='word_1_43' title='bbox 622 555 744 615; x_wconf 84' lang='lat' dir='ltr'>cujus</span> <span class='ocrx_word' id='word_1_44' title='bbox 771 555 1027 598; x_wconf 82' lang='lat' dir='ltr'>charitatem</span> <span class='ocrx_word' id='word_1_45' title='bbox 1049 553 1253 599; x_wconf 83' lang='lat' dir='ltr'>diffusam</span> <span class='ocrx_word' id='word_1_46' title='bbox 1280 555 1415 600; x_wconf 90' lang='lat' dir='ltr'>habet</span> <span class='ocrx_word' id='word_1_47' title='bbox 1439 559 1484 600; x_wconf 90' lang='lat' dir='ltr'>in</span> <span class='ocrx_word' id='word_1_48' title='bbox 1513 556 1644 607; x_wconf 86' lang='lat' dir='ltr'>corde</span> <span class='ocrx_word' id='word_1_49' title='bbox 1668 573 1748 618; x_wconf 85' lang='lat' dir='ltr'>per</span> 
     </span>
     <span class='ocr_line' id='line_1_6' title="bbox 357 624 1749 686; baseline 0.001 -15"><span class='ocrx_word' id='word_1_50' title='bbox 357 625 566 686; x_wconf 87' lang='lat' dir='ltr'>Spiritum</span> <span class='ocrx_word' id='word_1_51' title='bbox 583 634 798 679; x_wconf 79' lang='lat' dir='ltr'>sanctum,</span> <span class='ocrx_word' id='word_1_52' title='bbox 824 624 900 684; x_wconf 86' lang='lat' dir='ltr'>qui</span> <span class='ocrx_word' id='word_1_53' title='bbox 922 624 1049 668; x_wconf 87' lang='lat' dir='ltr'>datus</span> <span class='ocrx_word' id='word_1_54' title='bbox 1064 634 1128 668; x_wconf 88' lang='lat' dir='ltr'>est</span> <span class='ocrx_word' id='word_1_55' title='bbox 1143 625 1284 670; x_wconf 90' lang='lat' dir='ltr'>nohis.</span> <span class='ocrx_word' id='word_1_56' title='bbox 1313 624 1555 671; x_wconf 83' lang='lat' dir='ltr'>«Miserere</span> <span class='ocrx_word' id='word_1_57' title='bbox 1576 628 1678 683; x_wconf 82' lang='lat' dir='ltr'>mei,</span> <span class='ocrx_word' id='word_1_58' title='bbox 1704 639 1749 674; x_wconf 89' lang='lat' dir='ltr'>et</span> 
     </span>
     <span class='ocr_line' id='line_1_7' title="bbox 355 696 1749 760; baseline 0.004 -21"><span class='ocrx_word' id='word_1_59' title='bbox 355 716 376 739; x_wconf 78' lang='lat'>&gt;›</span> <span class='ocrx_word' id='word_1_60' title='bbox 411 696 563 742; x_wconf 80' lang='lat' dir='ltr'>exaudi</span> <span class='ocrx_word' id='word_1_61' title='bbox 584 697 824 741; x_wconf 85' lang='lat' dir='ltr'>orationem</span> <span class='ocrx_word' id='word_1_62' title='bbox 846 700 1028 740; x_wconf 72' lang='lat' dir='ltr'>meam2.</span> <span class='ocrx_word' id='word_1_63' title='bbox 1049 714 1069 738; x_wconf 70' lang='lat'>³&gt;</span> <span class='ocrx_word' id='word_1_64' title='bbox 1096 697 1186 741; x_wconf 91' lang='lat' dir='ltr'>Cur</span> <span class='ocrx_word' id='word_1_65' title='bbox 1198 697 1357 742; x_wconf 83' lang='lat' dir='ltr'>iterum</span> <span class='ocrx_word' id='word_1_66' title='bbox 1376 707 1515 757; x_wconf 80' lang='lat' dir='ltr'>rogat,</span> <span class='ocrx_word' id='word_1_67' title='bbox 1542 714 1644 743; x_wconf 89' lang='lat' dir='ltr'>cum</span> <span class='ocrx_word' id='word_1_68' title='bbox 1656 700 1749 760; x_wconf 84' lang='lat' dir='ltr'>jam</span> 
     </span>
     <span class='ocr_line' id='line_1_8' title="bbox 353 765 1745 829; baseline 0.001 -16"><span class='ocrx_word' id='word_1_69' title='bbox 353 784 397 813; x_wconf 88' lang='lat' dir='ltr'>se</span> <span class='ocrx_word' id='word_1_70' title='bbox 420 767 672 812; x_wconf 75' lang='lat' dir='ltr'>exauditum</span> <span class='ocrx_word' id='word_1_71' title='bbox 698 776 741 811; x_wconf 85' lang='lat' dir='ltr'>et</span> <span class='ocrx_word' id='word_1_72' title='bbox 762 765 993 811; x_wconf 85' lang='lat' dir='ltr'>dilatatum</span> <span class='ocrx_word' id='word_1_73' title='bbox 1018 766 1305 812; x_wconf 74' lang='lat' dir='ltr'>indicaverit?</span> <span class='ocrx_word' id='word_1_74' title='bbox 1333 772 1402 813; x_wconf 87' lang='lat' dir='ltr'>An</span> <span class='ocrx_word' id='word_1_75' title='bbox 1427 778 1605 829; x_wconf 86' lang='lat' dir='ltr'>propter</span> <span class='ocrx_word' id='word_1_76' title='bbox 1639 786 1718 815; x_wconf 86' lang='lat' dir='ltr'>nos</span> <span class='ocrx_word' id='word_1_77' title='bbox 1734 805 1745 827; x_wconf 83' lang='lat'><strong><em>,</em></strong></span> 
     </span>
     <span class='ocr_line' id='line_1_9' title="bbox 355 837 1751 900; baseline 0.001 -17"><span class='ocrx_word' id='word_1_78' title='bbox 355 838 410 883; x_wconf 88' lang='lat' dir='ltr'>de</span> <span class='ocrx_word' id='word_1_79' title='bbox 435 838 594 898; x_wconf 85' lang='lat' dir='ltr'>quibus</span> <span class='ocrx_word' id='word_1_80' title='bbox 615 837 776 883; x_wconf 86' lang='lat' dir='ltr'>dicitur</span> <span class='ocrx_word' id='word_1_81' title='bbox 801 858 809 883; x_wconf 93' lang='lat'>:</span> <span class='ocrx_word' id='word_1_82' title='bbox 842 857 862 880; x_wconf 88' lang='lat'>«</span> <span class='ocrx_word' id='word_1_83' title='bbox 883 839 926 883; x_wconf 85' lang='lat' dir='ltr'>Si</span> <span class='ocrx_word' id='word_1_84' title='bbox 948 846 1094 882; x_wconf 86' lang='lat' dir='ltr'>autem</span> <span class='ocrx_word' id='word_1_85' title='bbox 1113 837 1234 898; x_wconf 91' lang='lat' dir='ltr'>quod</span> <span class='ocrx_word' id='word_1_86' title='bbox 1262 854 1351 883; x_wconf 92' lang='lat' dir='ltr'>non</span> <span class='ocrx_word' id='word_1_87' title='bbox 1377 839 1577 884; x_wconf 81' lang='lat' dir='ltr'>videmus</span> <span class='ocrx_word' id='word_1_88' title='bbox 1604 855 1751 900; x_wconf 88' lang='lat' dir='ltr'>spera—</span> 
     </span>
     <span class='ocr_line' id='line_1_10' title="bbox 359 909 1751 972; baseline 0.004 -21"><span class='ocrx_word' id='word_1_89' title='bbox 359 928 379 952; x_wconf 82' lang='lat'>»</span> <span class='ocrx_word' id='word_1_90' title='bbox 415 925 532 964; x_wconf 82' lang='lat' dir='ltr'>inus,</span> <span class='ocrx_word' id='word_1_91' title='bbox 552 925 630 969; x_wconf 79' lang='lat' dir='ltr'>per</span> <span class='ocrx_word' id='word_1_92' title='bbox 647 909 901 969; x_wconf 86' lang='lat' dir='ltr'>patientiam</span> <span class='ocrx_word' id='word_1_93' title='bbox 919 911 1221 968; x_wconf 75' lang='lat' dir='ltr'>expectamus3</span> <span class='ocrx_word' id='word_1_94' title='bbox 1249 929 1258 954; x_wconf 70' lang='grc' dir='ltr'><strong>ε</strong></span> <span class='ocrx_word' id='word_1_95' title='bbox 1280 929 1300 951; x_wconf 85' lang='grc'>))</span> <span class='ocrx_word' id='word_1_96' title='bbox 1319 920 1395 954; x_wconf 87' lang='lat' dir='ltr'>aut</span> <span class='ocrx_word' id='word_1_97' title='bbox 1411 911 1456 954; x_wconf 90' lang='lat' dir='ltr'>in</span> <span class='ocrx_word' id='word_1_98' title='bbox 1471 910 1547 956; x_wconf 92' lang='lat' dir='ltr'>illo</span> <span class='ocrx_word' id='word_1_99' title='bbox 1562 911 1639 972; x_wconf 91' lang='lat' dir='ltr'>qui</span> <span class='ocrx_word' id='word_1_100' title='bbox 1655 927 1751 957; x_wconf 85' lang='lat' dir='ltr'>ere-</span> 
     </span>
     <span class='ocr_line' id='line_1_11' title="bbox 357 978 1287 1040; baseline -0.001 -16"><span class='ocrx_word' id='word_1_101' title='bbox 357 978 470 1025; x_wconf 80' lang='lat' dir='ltr'>didit</span> <span class='ocrx_word' id='word_1_102' title='bbox 491 980 743 1040; x_wconf 83' lang='lat' dir='ltr'>perficiatur</span> <span class='ocrx_word' id='word_1_103' title='bbox 766 979 890 1040; x_wconf 83' lang='lat' dir='ltr'>quod</span> <span class='ocrx_word' id='word_1_104' title='bbox 909 980 1168 1024; x_wconf 87' lang='lat' dir='ltr'>inchoatum</span> <span class='ocrx_word' id='word_1_105' title='bbox 1191 982 1287 1024; x_wconf 80' lang='lat' dir='ltr'>est?</span> 
     </span>
    </p>

    <p class='ocr_par' dir='ltr' id='par_1_3' title="bbox 356 1050 1764 1972">
     <span class='ocr_line' id='line_1_12' title="bbox 417 1050 1752 1112; baseline 0.001 -16"><span class='ocrx_word' id='word_1_106' title='bbox 417 1053 498 1096; x_wconf 87' lang='lat'><em>111.</em></span> <span class='ocrx_word' id='word_1_107' title='bbox 538 1071 558 1094; x_wconf 91' lang='lat'>«</span> <span class='ocrx_word' id='word_1_108' title='bbox 576 1052 674 1096; x_wconf 85' lang='lat' dir='ltr'>Filii</span> <span class='ocrx_word' id='word_1_109' title='bbox 689 1052 919 1097; x_wconf 89' lang='lat' dir='ltr'>hominum</span> <span class='ocrx_word' id='word_1_110' title='bbox 938 1067 1167 1112; x_wconf 82' lang='lat' dir='ltr'>usquequo</span> <span class='ocrx_word' id='word_1_111' title='bbox 1182 1067 1332 1111; x_wconf 82' lang='lat' dir='ltr'>graves</span> <span class='ocrx_word' id='word_1_112' title='bbox 1350 1050 1482 1096; x_wconf 85' lang='lat' dir='ltr'>corde</span> <span class='ocrx_word' id='word_1_113' title='bbox 1495 1053 1527 1097; x_wconf 82' lang='lat'>4.</span> <span class='ocrx_word' id='word_1_114' title='bbox 1543 1071 1564 1094; x_wconf 85' lang='lat'>»</span> <span class='ocrx_word' id='word_1_115' title='bbox 1589 1052 1752 1098; x_wconf 81' lang='lat' dir='ltr'>Saltem</span> 
     </span>
     <span class='ocr_line' id='line_1_13' title="bbox 356 1121 1753 1183; baseline 0.001 -15"><span class='ocrx_word' id='word_1_116' title='bbox 356 1139 496 1183; x_wconf 85' lang='lat' dir='ltr'>usque</span> <span class='ocrx_word' id='word_1_117' title='bbox 530 1123 577 1167; x_wconf 92' lang='lat' dir='ltr'>in</span> <span class='ocrx_word' id='word_1_118' title='bbox 606 1122 843 1168; x_wconf 84' lang='lat' dir='ltr'>adventum</span> <span class='ocrx_word' id='word_1_119' title='bbox 860 1159 871 1178; x_wconf 79' lang='grc'><strong>,</strong></span> <span class='ocrx_word' id='word_1_120' title='bbox 907 1123 1073 1183; x_wconf 70' lang='lat' dir='ltr'>inquit,</span> <span class='ocrx_word' id='word_1_121' title='bbox 1100 1121 1197 1166; x_wconf 86' lang='lat' dir='ltr'>Filii</span> <span class='ocrx_word' id='word_1_122' title='bbox 1217 1123 1295 1166; x_wconf 90' lang='lat' dir='ltr'>Dei</span> <span class='ocrx_word' id='word_1_123' title='bbox 1315 1132 1457 1167; x_wconf 88' lang='lat' dir='ltr'>vester</span> <span class='ocrx_word' id='word_1_124' title='bbox 1478 1138 1598 1169; x_wconf 79' lang='lat' dir='ltr'>error</span> <span class='ocrx_word' id='word_1_125' title='bbox 1620 1123 1753 1169; x_wconf 85' lang='lat' dir='ltr'>dura-</span> 
     </span>
     <span class='ocr_line' id='line_1_14' title="bbox 356 1192 1753 1255; baseline 0 -15"><span class='ocrx_word' id='word_1_126' title='bbox 356 1195 468 1240; x_wconf 83' lang='lat' dir='ltr'>verit</span> <span class='ocrx_word' id='word_1_127' title='bbox 494 1214 501 1239; x_wconf 90' lang='lat'>:</span> <span class='ocrx_word' id='word_1_128' title='bbox 528 1194 636 1255; x_wconf 88' lang='lat' dir='ltr'>quid</span> <span class='ocrx_word' id='word_1_129' title='bbox 657 1210 758 1253; x_wconf 85' lang='lat' dir='ltr'>ergo</span> <span class='ocrx_word' id='word_1_130' title='bbox 789 1193 905 1239; x_wconf 82' lang='lat' dir='ltr'>ultra</span> <span class='ocrx_word' id='word_1_131' title='bbox 927 1209 1076 1253; x_wconf 86' lang='lat' dir='ltr'>graves</span> <span class='ocrx_word' id='word_1_132' title='bbox 1103 1192 1234 1238; x_wconf 87' lang='lat' dir='ltr'>corde</span> <span class='ocrx_word' id='word_1_133' title='bbox 1258 1194 1386 1238; x_wconf 75' lang='lat' dir='ltr'>estis?</span> <span class='ocrx_word' id='word_1_134' title='bbox 1407 1194 1595 1248; x_wconf 86' lang='lat' dir='ltr'>Quando</span> <span class='ocrx_word' id='word_1_135' title='bbox 1623 1196 1753 1240; x_wconf 89' lang='lat' dir='ltr'>habi-</span> 
     </span>
     <span class='ocr_line' id='line_1_15' title="bbox 357 1266 1754 1326; baseline 0.002 -16"><span class='ocrx_word' id='word_1_136' title='bbox 357 1267 445 1311; x_wconf 86' lang='lat' dir='ltr'>turi</span> <span class='ocrx_word' id='word_1_137' title='bbox 468 1267 600 1311; x_wconf 87' lang='lat' dir='ltr'>finem</span> <span class='ocrx_word' id='word_1_138' title='bbox 624 1266 894 1311; x_wconf 77' lang='lat' dir='ltr'>fallaciarum</span> <span class='ocrx_word' id='word_1_139' title='bbox 910 1303 920 1321; x_wconf 89' lang='lat'>‚</span> <span class='ocrx_word' id='word_1_140' title='bbox 946 1267 980 1310; x_wconf 87' lang='lat' dir='ltr'>si</span> <span class='ocrx_word' id='word_1_141' title='bbox 1001 1266 1182 1311; x_wconf 86' lang='lat' dir='ltr'>veritate</span> <span class='ocrx_word' id='word_1_142' title='bbox 1203 1276 1418 1326; x_wconf 71' lang='lat' dir='ltr'>praesente</span> <span class='ocrx_word' id='word_1_143' title='bbox 1449 1283 1537 1312; x_wconf 91' lang='lat' dir='ltr'>non</span> <span class='ocrx_word' id='word_1_144' title='bbox 1557 1268 1754 1313; x_wconf 76' lang='lat' dir='ltr'>habetis?</span> 
     </span>
     <span class='ocr_line' id='line_1_16' title="bbox 362 1337 1750 1399; baseline -0.001 -17"><span class='ocrx_word' id='word_1_145' title='bbox 362 1341 458 1384; x_wconf 86' lang='lat' dir='ltr'>«Ut</span> <span class='ocrx_word' id='word_1_146' title='bbox 479 1337 589 1399; x_wconf 84' lang='lat' dir='ltr'>quid</span> <span class='ocrx_word' id='word_1_147' title='bbox 606 1337 784 1397; x_wconf 81' lang='lat' dir='ltr'>diligitis</span> <span class='ocrx_word' id='word_1_148' title='bbox 810 1338 1063 1393; x_wconf 84' lang='lat' dir='ltr'>vanitatem,</span> <span class='ocrx_word' id='word_1_149' title='bbox 1093 1348 1137 1382; x_wconf 87' lang='lat' dir='ltr'>et</span> <span class='ocrx_word' id='word_1_150' title='bbox 1168 1339 1367 1398; x_wconf 60' lang='lat' dir='ltr'>quaeritis.</span> <span class='ocrx_word' id='word_1_151' title='bbox 1383 1339 1750 1384; x_wconf 72' lang='lat' dir='ltr'>mendacium59»</span> 
     </span>
     <span class='ocr_line' id='line_1_17' title="bbox 360 1410 1757 1471; baseline 0.001 -15"><span class='ocrx_word' id='word_1_152' title='bbox 360 1414 419 1456; x_wconf 88' lang='lat' dir='ltr'>Ut</span> <span class='ocrx_word' id='word_1_153' title='bbox 440 1410 548 1471; x_wconf 85' lang='lat' dir='ltr'>quid</span> <span class='ocrx_word' id='word_1_154' title='bbox 569 1410 700 1455; x_wconf 88' lang='lat' dir='ltr'>vultis</span> <span class='ocrx_word' id='word_1_155' title='bbox 722 1411 838 1455; x_wconf 83' lang='lat' dir='ltr'>beati</span> <span class='ocrx_word' id='word_1_156' title='bbox 857 1426 946 1455; x_wconf 87' lang='lat' dir='ltr'>esse</span> <span class='ocrx_word' id='word_1_157' title='bbox 961 1411 1015 1455; x_wconf 88' lang='lat' dir='ltr'>de</span> <span class='ocrx_word' id='word_1_158' title='bbox 1027 1411 1214 1455; x_wconf 75' lang='lat' dir='ltr'>infimis?</span> <span class='ocrx_word' id='word_1_159' title='bbox 1241 1410 1340 1455; x_wconf 88' lang='lat' dir='ltr'>Sola</span> <span class='ocrx_word' id='word_1_160' title='bbox 1352 1412 1509 1456; x_wconf 76' lang='lat' dir='ltr'>veritas</span> <span class='ocrx_word' id='word_1_161' title='bbox 1529 1411 1635 1457; x_wconf 85' lang='lat' dir='ltr'>facit</span> <span class='ocrx_word' id='word_1_162' title='bbox 1651 1412 1757 1457; x_wconf 82' lang='lat' dir='ltr'>bea-</span> 
     </span>
     <span class='ocr_line' id='line_1_18' title="bbox 360 1482 1756 1543; baseline 0.001 -16"><span class='ocrx_word' id='word_1_163' title='bbox 360 1492 427 1528; x_wconf 87' lang='lat' dir='ltr'>tos</span> <span class='ocrx_word' id='word_1_164' title='bbox 442 1518 453 1537; x_wconf 57' lang='lat'><em>9</em></span> <span class='ocrx_word' id='word_1_165' title='bbox 481 1498 531 1526; x_wconf 86' lang='lat' dir='ltr'>ex</span> <span class='ocrx_word' id='word_1_166' title='bbox 553 1499 640 1543; x_wconf 87' lang='lat' dir='ltr'>qua</span> <span class='ocrx_word' id='word_1_167' title='bbox 669 1497 770 1527; x_wconf 89' lang='lat' dir='ltr'>vera</span> <span class='ocrx_word' id='word_1_168' title='bbox 795 1492 898 1527; x_wconf 91' lang='lat' dir='ltr'>sunt</span> <span class='ocrx_word' id='word_1_169' title='bbox 919 1482 1079 1527; x_wconf 85' lang='lat' dir='ltr'>omnia.</span> <span class='ocrx_word' id='word_1_170' title='bbox 1110 1485 1251 1527; x_wconf 84' lang='lat' dir='ltr'>«Nam</span> <span class='ocrx_word' id='word_1_171' title='bbox 1279 1483 1447 1528; x_wconf 78' lang='lat' dir='ltr'>vanitas</span> <span class='ocrx_word' id='word_1_172' title='bbox 1468 1493 1532 1528; x_wconf 87' lang='lat' dir='ltr'>est</span> <span class='ocrx_word' id='word_1_173' title='bbox 1555 1485 1756 1529; x_wconf 85' lang='lat' dir='ltr'>vanitan-</span> 
     </span>
     <span class='ocr_line' id='line_1_19' title="bbox 362 1553 1757 1608; baseline 0.003 -13"><span class='ocrx_word' id='word_1_174' title='bbox 362 1571 384 1595; x_wconf 80' lang='lat'>&gt;›</span> <span class='ocrx_word' id='word_1_175' title='bbox 418 1553 555 1608; x_wconf 81' lang='lat' dir='ltr'>tium,</span> <span class='ocrx_word' id='word_1_176' title='bbox 605 1562 648 1597; x_wconf 90' lang='lat' dir='ltr'>et</span> <span class='ocrx_word' id='word_1_177' title='bbox 680 1553 826 1598; x_wconf 87' lang='lat' dir='ltr'>omnia</span> <span class='ocrx_word' id='word_1_178' title='bbox 852 1554 1036 1598; x_wconf 85' lang='lat' dir='ltr'>vanitas.</span> <span class='ocrx_word' id='word_1_179' title='bbox 1070 1555 1178 1606; x_wconf 78' lang='lat' dir='ltr'>Quae</span> <span class='ocrx_word' id='word_1_180' title='bbox 1212 1553 1483 1599; x_wconf 85' lang='lat' dir='ltr'>abundantia</span> <span class='ocrx_word' id='word_1_181' title='bbox 1515 1555 1684 1599; x_wconf 88' lang='lat' dir='ltr'>homini</span> <span class='ocrx_word' id='word_1_182' title='bbox 1710 1556 1757 1600; x_wconf 90' lang='lat' dir='ltr'>in</span> 
     </span>
     <span class='ocr_line' id='line_1_20' title="bbox 362 1625 1758 1688; baseline 0.004 -21"><span class='ocrx_word' id='word_1_183' title='bbox 362 1644 384 1668; x_wconf 81' lang='lat'>&gt;›</span> <span class='ocrx_word' id='word_1_184' title='bbox 421 1626 539 1670; x_wconf 90' lang='lat' dir='ltr'>omni</span> <span class='ocrx_word' id='word_1_185' title='bbox 557 1625 707 1669; x_wconf 85' lang='lat' dir='ltr'>labore</span> <span class='ocrx_word' id='word_1_186' title='bbox 729 1641 824 1681; x_wconf 74' lang='lat' dir='ltr'>suo,</span> <span class='ocrx_word' id='word_1_187' title='bbox 847 1642 936 1686; x_wconf 87' lang='lat' dir='ltr'>quo</span> <span class='ocrx_word' id='word_1_188' title='bbox 958 1626 1048 1685; x_wconf 85' lang='lat' dir='ltr'>ipse</span> <span class='ocrx_word' id='word_1_189' title='bbox 1066 1625 1236 1670; x_wconf 86' lang='lat' dir='ltr'>laborat</span> <span class='ocrx_word' id='word_1_190' title='bbox 1259 1626 1341 1670; x_wconf 89' lang='lat' dir='ltr'>sub</span> <span class='ocrx_word' id='word_1_191' title='bbox 1364 1626 1505 1671; x_wconf 65' lang='lat' dir='ltr'>soless?</span> <span class='ocrx_word' id='word_1_192' title='bbox 1526 1644 1545 1667; x_wconf 83' lang='lat'>»</span> <span class='ocrx_word' id='word_1_193' title='bbox 1574 1629 1631 1672; x_wconf 87' lang='lat' dir='ltr'>Ut</span> <span class='ocrx_word' id='word_1_194' title='bbox 1648 1627 1758 1688; x_wconf 91' lang='lat' dir='ltr'>quid</span> 
     </span>
     <span class='ocr_line' id='line_1_21' title="bbox 361 1697 1762 1760; baseline 0.001 -18"><span class='ocrx_word' id='word_1_195' title='bbox 361 1713 465 1756; x_wconf 79' lang='lat' dir='ltr'>ergo</span> <span class='ocrx_word' id='word_1_196' title='bbox 487 1697 794 1757; x_wconf 78' lang='lat' dir='ltr'>temporalium</span> <span class='ocrx_word' id='word_1_197' title='bbox 818 1713 964 1742; x_wconf 89' lang='lat' dir='ltr'>rerum</span> <span class='ocrx_word' id='word_1_198' title='bbox 988 1713 1134 1742; x_wconf 85' lang='lat' dir='ltr'>amore</span> <span class='ocrx_word' id='word_1_199' title='bbox 1156 1698 1428 1742; x_wconf 86' lang='lat' dir='ltr'>detinemini.</span> <span class='ocrx_word' id='word_1_200' title='bbox 1456 1701 1513 1743; x_wconf 92' lang='lat' dir='ltr'>Ut</span> <span class='ocrx_word' id='word_1_201' title='bbox 1535 1699 1645 1760; x_wconf 86' lang='lat' dir='ltr'>quid</span> <span class='ocrx_word' id='word_1_202' title='bbox 1662 1709 1762 1744; x_wconf 85' lang='lat' dir='ltr'>tan-</span> 
     </span>
     <span class='ocr_line' id='line_1_22' title="bbox 363 1768 1764 1829; baseline 0.001 -16"><span class='ocrx_word' id='word_1_203' title='bbox 363 1784 497 1829; x_wconf 83' lang='lat' dir='ltr'>quam</span> <span class='ocrx_word' id='word_1_204' title='bbox 516 1769 670 1828; x_wconf 83' lang='lat' dir='ltr'>prima‚</span> <span class='ocrx_word' id='word_1_205' title='bbox 697 1777 886 1813; x_wconf 82' lang='lat' dir='ltr'>extrema</span> <span class='ocrx_word' id='word_1_206' title='bbox 905 1768 1143 1824; x_wconf 80' lang='lat' dir='ltr'>sectamini,</span> <span class='ocrx_word' id='word_1_207' title='bbox 1169 1768 1291 1829; x_wconf 86' lang='lat' dir='ltr'>quod</span> <span class='ocrx_word' id='word_1_208' title='bbox 1314 1778 1379 1813; x_wconf 83' lang='lat' dir='ltr'>est</span> <span class='ocrx_word' id='word_1_209' title='bbox 1394 1770 1562 1814; x_wconf 85' lang='lat' dir='ltr'>vanitas</span> <span class='ocrx_word' id='word_1_210' title='bbox 1586 1779 1629 1814; x_wconf 82' lang='lat' dir='ltr'>et</span> <span class='ocrx_word' id='word_1_211' title='bbox 1643 1785 1764 1815; x_wconf 87' lang='lat' dir='ltr'>men-</span> 
     </span>
     <span class='ocr_line' id='line_1_23' title="bbox 363 1839 1763 1902; baseline 0.001 -18"><span class='ocrx_word' id='word_1_212' title='bbox 363 1840 565 1884; x_wconf 72' lang='lat' dir='ltr'>dacium?</span> <span class='ocrx_word' id='word_1_213' title='bbox 587 1839 756 1899; x_wconf 87' lang='lat' dir='ltr'>Cupitis</span> <span class='ocrx_word' id='word_1_214' title='bbox 786 1840 902 1884; x_wconf 88' lang='lat' dir='ltr'>enim</span> <span class='ocrx_word' id='word_1_215' title='bbox 925 1855 1181 1900; x_wconf 84' lang='lat' dir='ltr'>permanere</span> <span class='ocrx_word' id='word_1_216' title='bbox 1203 1840 1432 1885; x_wconf 86' lang='lat' dir='ltr'>vobiscum</span> <span class='ocrx_word' id='word_1_217' title='bbox 1447 1876 1459 1897; x_wconf 82' lang='lat'>‚</span> <span class='ocrx_word' id='word_1_218' title='bbox 1493 1857 1595 1902; x_wconf 82' lang='lat' dir='ltr'>quae</span> <span class='ocrx_word' id='word_1_219' title='bbox 1616 1841 1763 1887; x_wconf 85' lang='lat' dir='ltr'>omnia</span> 
     </span>
     <span class='ocr_line' id='line_1_24' title="bbox 363 1910 1736 1972; baseline 0.001 -16"><span class='ocrx_word' id='word_1_220' title='bbox 363 1920 594 1956; x_wconf 88' lang='lat' dir='ltr'>transeunt</span> <span class='ocrx_word' id='word_1_221' title='bbox 611 1920 823 1972; x_wconf 86' lang='lat' dir='ltr'>tanquam</span> <span class='ocrx_word' id='word_1_222' title='bbox 846 1911 1019 1956; x_wconf 85' lang='lat' dir='ltr'>umbra.</span> <span class='ocrx_word' id='word_1_223' title='bbox 1733 1910 1736 1913; x_wconf 40' lang='lat'>‘</span> 
     </span>
    </p>

    <p class='ocr_par' dir='ltr' id='par_1_4' title="bbox 364 1982 1765 2543">
     <span class='ocr_line' id='line_1_25' title="bbox 424 1982 1764 2044; baseline 0 -16"><span class='ocrx_word' id='word_1_224' title='bbox 424 1985 499 2028; x_wconf 89' lang='lat' dir='ltr'>IV.</span> <span class='ocrx_word' id='word_1_225' title='bbox 540 1985 637 2028; x_wconf 89' lang='lat' dir='ltr'>«Et</span> <span class='ocrx_word' id='word_1_226' title='bbox 664 1983 816 2028; x_wconf 86' lang='lat' dir='ltr'>scitote</span> <span class='ocrx_word' id='word_1_227' title='bbox 851 1984 1061 2044; x_wconf 86' lang='lat' dir='ltr'>quoniam</span> <span class='ocrx_word' id='word_1_228' title='bbox 1087 1982 1388 2028; x_wconf 86' lang='lat' dir='ltr'>admirabilem</span> <span class='ocrx_word' id='word_1_229' title='bbox 1419 1983 1525 2028; x_wconf 87' lang='lat' dir='ltr'>fecit</span> <span class='ocrx_word' id='word_1_230' title='bbox 1550 1984 1764 2029; x_wconf 88' lang='lat' dir='ltr'>Dominus</span> 
     </span>
     <span class='ocr_line' id='line_1_26' title="bbox 366 2054 1764 2115; baseline 0.003 -20"><span class='ocrx_word' id='word_1_231' title='bbox 366 2071 389 2096; x_wconf 81' lang='grc'>»</span> <span class='ocrx_word' id='word_1_232' title='bbox 428 2056 637 2099; x_wconf 82' lang='lat' dir='ltr'>Sanctum</span> <span class='ocrx_word' id='word_1_233' title='bbox 655 2070 783 2098; x_wconf 88' lang='lat' dir='ltr'>suum</span> <span class='ocrx_word' id='word_1_234' title='bbox 799 2055 829 2099; x_wconf 84' lang='lat'>⁷.</span> <span class='ocrx_word' id='word_1_235' title='bbox 860 2073 878 2097; x_wconf 86' lang='lat'>»</span> <span class='ocrx_word' id='word_1_236' title='bbox 901 2057 1065 2109; x_wconf 85' lang='lat' dir='ltr'>Quem,</span> <span class='ocrx_word' id='word_1_237' title='bbox 1084 2054 1165 2098; x_wconf 92' lang='lat' dir='ltr'>nisi</span> <span class='ocrx_word' id='word_1_238' title='bbox 1189 2070 1290 2099; x_wconf 90' lang='lat' dir='ltr'>cum</span> <span class='ocrx_word' id='word_1_239' title='bbox 1310 2070 1444 2115; x_wconf 87' lang='lat' dir='ltr'>quem</span> <span class='ocrx_word' id='word_1_240' title='bbox 1466 2054 1687 2100; x_wconf 86' lang='lat' dir='ltr'>suscitavit</span> <span class='ocrx_word' id='word_1_241' title='bbox 1708 2054 1764 2099; x_wconf 84' lang='lat' dir='ltr'>ab</span> 
     </span>
     <span class='ocr_line' id='line_1_27' title="bbox 365 2122 1764 2188; baseline 0.001 -19"><span class='ocrx_word' id='word_1_242' title='bbox 365 2122 531 2178; x_wconf 75' lang='lat' dir='ltr'>inferis,</span> <span class='ocrx_word' id='word_1_243' title='bbox 552 2133 596 2173; x_wconf 84' lang='lat' dir='ltr'>et</span> <span class='ocrx_word' id='word_1_244' title='bbox 610 2125 657 2168; x_wconf 91' lang='lat' dir='ltr'>in</span> <span class='ocrx_word' id='word_1_245' title='bbox 675 2124 788 2169; x_wconf 86' lang='lat' dir='ltr'>coelo</span> <span class='ocrx_word' id='word_1_246' title='bbox 808 2124 864 2169; x_wconf 88' lang='lat' dir='ltr'>ad</span> <span class='ocrx_word' id='word_1_247' title='bbox 879 2123 1102 2169; x_wconf 78' lang='lat' dir='ltr'>dexteram</span> <span class='ocrx_word' id='word_1_248' title='bbox 1117 2124 1372 2170; x_wconf 80' lang='lat' dir='ltr'>collocavit?</span> <span class='ocrx_word' id='word_1_249' title='bbox 1391 2128 1647 2188; x_wconf 83' lang='lat' dir='ltr'>Increpatur</span> <span class='ocrx_word' id='word_1_250' title='bbox 1661 2141 1764 2185; x_wconf 84' lang='lat' dir='ltr'>ergo</span> 
     </span>
     <span class='ocr_line' id='line_1_28' title="bbox 365 2194 1765 2257; baseline 0.001 -18"><span class='ocrx_word' id='word_1_251' title='bbox 365 2210 501 2254; x_wconf 83' lang='lat' dir='ltr'>genus</span> <span class='ocrx_word' id='word_1_252' title='bbox 524 2196 766 2243; x_wconf 82' lang='lat' dir='ltr'>humanum</span> <span class='ocrx_word' id='word_1_253' title='bbox 782 2232 792 2252; x_wconf 84' lang='lat'><strong>,</strong></span> <span class='ocrx_word' id='word_1_254' title='bbox 818 2205 867 2240; x_wconf 90' lang='lat' dir='ltr'>ut</span> <span class='ocrx_word' id='word_1_255' title='bbox 890 2195 945 2240; x_wconf 89' lang='lat' dir='ltr'>ad</span> <span class='ocrx_word' id='word_1_256' title='bbox 974 2212 1075 2240; x_wconf 87' lang='lat' dir='ltr'>eum</span> <span class='ocrx_word' id='word_1_257' title='bbox 1099 2212 1142 2240; x_wconf 89' lang='lat' dir='ltr'>se</span> <span class='ocrx_word' id='word_1_258' title='bbox 1171 2195 1350 2241; x_wconf 83' lang='lat' dir='ltr'>tandem</span> <span class='ocrx_word' id='word_1_259' title='bbox 1374 2196 1428 2240; x_wconf 84' lang='lat' dir='ltr'>ab</span> <span class='ocrx_word' id='word_1_260' title='bbox 1445 2194 1588 2257; x_wconf 75' lang='lat' dir='ltr'>¹hujus</span> <span class='ocrx_word' id='word_1_261' title='bbox 1609 2196 1765 2241; x_wconf 86' lang='lat' dir='ltr'>mundi</span> 
     </span>
     <span class='ocr_line' id='line_1_29' title="bbox 366 2268 1765 2329; baseline 0.001 -18"><span class='ocrx_word' id='word_1_262' title='bbox 366 2283 513 2312; x_wconf 82' lang='lat' dir='ltr'>amore</span> <span class='ocrx_word' id='word_1_263' title='bbox 546 2278 786 2313; x_wconf 85' lang='lat' dir='ltr'>convertat.</span> <span class='ocrx_word' id='word_1_264' title='bbox 823 2269 908 2314; x_wconf 89' lang='lat' dir='ltr'>Sed</span> <span class='ocrx_word' id='word_1_265' title='bbox 935 2268 969 2312; x_wconf 89' lang='lat' dir='ltr'>si</span> <span class='ocrx_word' id='word_1_266' title='bbox 998 2283 1130 2329; x_wconf 87' lang='lat' dir='ltr'>quem</span> <span class='ocrx_word' id='word_1_267' title='bbox 1157 2278 1303 2313; x_wconf 90' lang='lat' dir='ltr'>movet</span> <span class='ocrx_word' id='word_1_268' title='bbox 1332 2268 1584 2329; x_wconf 88' lang='lat' dir='ltr'>conjunctio</span> <span class='ocrx_word' id='word_1_269' title='bbox 1612 2284 1765 2329; x_wconf 88' lang='lat' dir='ltr'>super-</span> 
     </span>
     <span class='ocr_line' id='line_1_30' title="bbox 366 2338 1764 2400; baseline 0.001 -18"><span class='ocrx_word' id='word_1_270' title='bbox 366 2338 513 2383; x_wconf 87' lang='lat' dir='ltr'>addita</span> <span class='ocrx_word' id='word_1_271' title='bbox 531 2374 541 2394; x_wconf 82' lang='lat'>‚</span> <span class='ocrx_word' id='word_1_272' title='bbox 567 2339 792 2400; x_wconf 81' lang='lat' dir='ltr'>quodait:</span> <span class='ocrx_word' id='word_1_273' title='bbox 825 2342 918 2383; x_wconf 89' lang='lat' dir='ltr'>«Et</span> <span class='ocrx_word' id='word_1_274' title='bbox 940 2340 1119 2395; x_wconf 71' lang='lat' dir='ltr'>scitote,</span> <span class='ocrx_word' id='word_1_275' title='bbox 1147 2357 1168 2381; x_wconf 85' lang='lat'>»</span> <span class='ocrx_word' id='word_1_276' title='bbox 1195 2338 1321 2384; x_wconf 86' lang='lat' dir='ltr'>facile</span> <span class='ocrx_word' id='word_1_277' title='bbox 1343 2349 1408 2384; x_wconf 88' lang='lat' dir='ltr'>est</span> <span class='ocrx_word' id='word_1_278' title='bbox 1428 2348 1479 2384; x_wconf 89' lang='lat' dir='ltr'>ut</span> <span class='ocrx_word' id='word_1_279' title='bbox 1499 2340 1545 2383; x_wconf 90' lang='lat' dir='ltr'>in</span> <span class='ocrx_word' id='word_1_280' title='bbox 1566 2340 1764 2400; x_wconf 84' lang='lat' dir='ltr'>Scriptu-</span> 
     </span>
     <span class='ocr_line' id='line_1_31' title="bbox 364 2409 1762 2471; baseline 0.002 -19"><span class='ocrx_word' id='word_1_281' title='bbox 364 2410 421 2453; x_wconf 88' lang='lat' dir='ltr'>ris</span> <span class='ocrx_word' id='word_1_282' title='bbox 443 2410 760 2454; x_wconf 78' lang='lat' dir='ltr'>animadvertat</span> <span class='ocrx_word' id='word_1_283' title='bbox 782 2411 911 2471; x_wconf 84' lang='lat' dir='ltr'>hujus</span> <span class='ocrx_word' id='word_1_284' title='bbox 934 2410 1165 2455; x_wconf 90' lang='lat' dir='ltr'>locutionis</span> <span class='ocrx_word' id='word_1_285' title='bbox 1190 2425 1327 2470; x_wconf 82' lang='lat' dir='ltr'>genus</span> <span class='ocrx_word' id='word_1_286' title='bbox 1352 2409 1564 2455; x_wconf 86' lang='lat' dir='ltr'>familiare</span> <span class='ocrx_word' id='word_1_287' title='bbox 1587 2426 1677 2455; x_wconf 87' lang='lat' dir='ltr'>esse</span> <span class='ocrx_word' id='word_1_288' title='bbox 1699 2411 1762 2455; x_wconf 91' lang='lat' dir='ltr'>illi</span> 
     </span>
     <span class='ocr_line' id='line_1_32' title="bbox 365 2478 1763 2543; baseline 0.003 -20"><span class='ocrx_word' id='word_1_289' title='bbox 365 2478 529 2539; x_wconf 60' lang='lat' dir='ltr'>linguae</span> <span class='ocrx_word' id='word_1_290' title='bbox 545 2517 556 2533; x_wconf 79' lang='lat'>‚</span> <span class='ocrx_word' id='word_1_291' title='bbox 576 2497 664 2541; x_wconf 81' lang='lat' dir='ltr'>qua</span> <span class='ocrx_word' id='word_1_292' title='bbox 690 2482 922 2542; x_wconf 81' lang='lat' dir='ltr'>Prophetae</span> <span class='ocrx_word' id='word_1_293' title='bbox 943 2481 1077 2527; x_wconf 83' lang='lat' dir='ltr'>locuti</span> <span class='ocrx_word' id='word_1_294' title='bbox 1106 2491 1222 2526; x_wconf 90' lang='lat' dir='ltr'>sunt.</span> <span class='ocrx_word' id='word_1_295' title='bbox 1248 2485 1358 2528; x_wconf 87' lang='lat' dir='ltr'>Nam</span> <span class='ocrx_word' id='word_1_296' title='bbox 1375 2498 1489 2543; x_wconf 82' lang='lat' dir='ltr'>saepe</span> <span class='ocrx_word' id='word_1_297' title='bbox 1514 2483 1680 2527; x_wconf 86' lang='lat' dir='ltr'>invenis</span> <span class='ocrx_word' id='word_1_298' title='bbox 1703 2483 1763 2527; x_wconf 84' lang='lat' dir='ltr'>ita</span> 
     </span>
    </p>
   </div>
   <div class='ocr_carea' id='block_1_2' title="bbox 369 2577 1759 2677">
    <p class='ocr_par' dir='ltr' id='par_1_5' title="bbox 369 2577 1759 2677">
     <span class='ocr_line' id='line_1_33' title="bbox 415 2577 1759 2620; baseline 0.002 -12"><span class='ocrx_word' id='word_1_299' title='bbox 415 2583 424 2599; x_wconf 90' lang='lat'><em>¹</em></span> <span class='ocrx_word' id='word_1_300' title='bbox 440 2578 555 2609; x_wconf 77' lang='lat' dir='ltr'>Matth.</span> <span class='ocrx_word' id='word_1_301' title='bbox 573 2589 646 2619; x_wconf 78' lang='lat' dir='ltr'>xxv,</span> <span class='ocrx_word' id='word_1_302' title='bbox 664 2578 717 2611; x_wconf 85' lang='lat'>35.</span> <span class='ocrx_word' id='word_1_303' title='bbox 738 2596 780 2601; x_wconf 89' lang='grc'>-</span> <span class='ocrx_word' id='word_1_304' title='bbox 800 2586 812 2601; x_wconf 86' lang='lat'>²</span> <span class='ocrx_word' id='word_1_305' title='bbox 829 2579 908 2611; x_wconf 68' lang='lat'>1³:21.</span> <span class='ocrx_word' id='word_1_306' title='bbox 936 2590 978 2620; x_wconf 85' lang='lat' dir='ltr'>iv,</span> <span class='ocrx_word' id='word_1_307' title='bbox 995 2587 1025 2610; x_wconf 73' lang='lat'>2.</span> <span class='ocrx_word' id='word_1_308' title='bbox 1044 2596 1086 2601; x_wconf 84' lang='lat'>—</span> <span class='ocrx_word' id='word_1_309' title='bbox 1105 2577 1118 2601; x_wconf 82' lang='grc'>3</span> <span class='ocrx_word' id='word_1_310' title='bbox 1139 2580 1229 2610; x_wconf 82' lang='lat' dir='ltr'>Rom.</span> <span class='ocrx_word' id='word_1_311' title='bbox 1249 2590 1320 2620; x_wconf 72' lang='lat' dir='ltr'>vni,</span> <span class='ocrx_word' id='word_1_312' title='bbox 1340 2578 1394 2611; x_wconf 70' lang='lat'>223.</span> <span class='ocrx_word' id='word_1_313' title='bbox 1413 2597 1453 2601; x_wconf 83' lang='lat'>—-</span> <span class='ocrx_word' id='word_1_314' title='bbox 1472 2577 1489 2608; x_wconf 78' lang='grc'>4</span> <span class='ocrx_word' id='word_1_315' title='bbox 1514 2579 1593 2612; x_wconf 80' lang='lat' dir='ltr'>Psal.</span> <span class='ocrx_word' id='word_1_316' title='bbox 1616 2590 1658 2620; x_wconf 80' lang='lat' dir='ltr'>iv,</span> <span class='ocrx_word' id='word_1_317' title='bbox 1676 2578 1759 2611; x_wconf 82' lang='lat'>3.—-</span> 
     </span>
     <span class='ocr_line' id='line_1_34' title="bbox 369 2631 1165 2677; baseline 0.004 -13"><span class='ocrx_word' id='word_1_318' title='bbox 369 2631 544 2665; x_wconf 76' lang='lat' dir='ltr'>⁵1bi.1.-</span> <span class='ocrx_word' id='word_1_319' title='bbox 564 2632 578 2656; x_wconf 80' lang='lat'>6</span> <span class='ocrx_word' id='word_1_320' title='bbox 605 2634 908 2676; x_wconf 46' lang='lat' dir='ltr'>Ee(:li.i‚2‚f1.-—*</span> <span class='ocrx_word' id='word_1_321' title='bbox 928 2643 941 2667; x_wconf 81' lang='lat'><strong>7</strong></span> <span class='ocrx_word' id='word_1_322' title='bbox 963 2635 1042 2666; x_wconf 59' lang='lat' dir='ltr'>“sal.</span> <span class='ocrx_word' id='word_1_323' title='bbox 1070 2646 1112 2675; x_wconf 74' lang='lat' dir='ltr'>iv,</span> <span class='ocrx_word' id='word_1_324' title='bbox 1134 2635 1165 2677; x_wconf 72' lang='grc'>4</span> 
     </span>
    </p>
   </div>
  </div>
 </body>
</html>
