<?xml version="1.0" encoding="UTF-8"?>
<!DOCTYPE html PUBLIC "-//W3C//DTD XHTML 1.0 Transitional//EN"
    "http://www.w3.org/TR/xhtml1/DTD/xhtml1-transitional.dtd">
<html xmlns="http://www.w3.org/1999/xhtml" xml:lang="en" lang="en">
 <head>
  <title>
</title>
<meta http-equiv="Content-Type" content="text/html;charset=utf-8" />
  <meta name='ocr-system' content='tesseract 3.04.00' />
  <meta name='ocr-capabilities' content='ocr_page ocr_carea ocr_par ocr_line ocrx_word'/>
</head>
<body>
  <div class='ocr_page' id='page_1' title='image "./operaomniaaccura07auguuoft_0049.png"; bbox 0 0 1833 3284; ppageno 0'>
   <div class='ocr_carea' id='block_1_1' title="bbox 393 210 1451 259">
    <p class='ocr_par' dir='ltr' id='par_1_1' title="bbox 393 210 1451 259">
     <span class='ocr_line' id='line_1_1' title="bbox 393 210 1451 259; baseline 0.001 -11"><span class='ocrx_word' id='word_1_1' title='bbox 393 219 734 248; x_wconf 73' lang='lat' dir='ltr'><strong>ANNOTATIONUM</strong></span> <span class='ocrx_word' id='word_1_2' title='bbox 767 223 812 249; x_wconf 75' lang='lat' dir='ltr'>m</span> <span class='ocrx_word' id='word_1_3' title='bbox 844 222 940 259; x_wconf 73' lang='lat' dir='ltr'>Joss,</span> <span class='ocrx_word' id='word_1_4' title='bbox 977 221 1116 248; x_wconf 72' lang='lat' dir='ltr'>mmm.</span> <span class='ocrx_word' id='word_1_5' title='bbox 1396 210 1451 249; x_wconf 88' lang='lat'>39</span> 
     </span>
    </p>
   </div>
   <div class='ocr_carea' id='block_1_2' title="bbox 59 283 1462 2400">
    <p class='ocr_par' dir='ltr' id='par_1_2' title="bbox 59 283 1462 2400">
     <span class='ocr_line' id='line_1_2' title="bbox 69 283 1451 347; baseline -0.002 -15"><span class='ocrx_word' id='word_1_6' title='bbox 69 301 252 347; x_wconf 86' lang='lat' dir='ltr'>corpus,</span> <span class='ocrx_word' id='word_1_7' title='bbox 278 294 354 333; x_wconf 79' lang='lat' dir='ltr'>aut</span> <span class='ocrx_word' id='word_1_8' title='bbox 385 300 458 330; x_wconf 84' lang='lat' dir='ltr'>eos</span> <span class='ocrx_word' id='word_1_9' title='bbox 484 285 560 345; x_wconf 89' lang='lat' dir='ltr'>qui</span> <span class='ocrx_word' id='word_1_10' title='bbox 584 284 623 329; x_wconf 89' lang='lat' dir='ltr'>ei</span> <span class='ocrx_word' id='word_1_11' title='bbox 655 283 710 329; x_wconf 90' lang='lat' dir='ltr'>ad</span> <span class='ocrx_word' id='word_1_12' title='bbox 743 285 855 329; x_wconf 86' lang='lat' dir='ltr'>mala</span> <span class='ocrx_word' id='word_1_13' title='bbox 887 284 1147 329; x_wconf 76' lang='lat' dir='ltr'>serviebant.</span> <span class='ocrx_word' id='word_1_14' title='bbox 1173 304 1193 327; x_wconf 84' lang='lat'>‹&lt;</span> <span class='ocrx_word' id='word_1_15' title='bbox 1224 287 1282 329; x_wconf 89' lang='lat' dir='ltr'>Os</span> <span class='ocrx_word' id='word_1_16' title='bbox 1303 300 1451 329; x_wconf 86' lang='lat' dir='ltr'>meum</span> 
     </span>
     <span class='ocr_line' id='line_1_3' title="bbox 71 352 1451 418; baseline 0 -18"><span class='ocrx_word' id='word_1_17' title='bbox 71 376 92 401; x_wconf 90' lang='lat'>»</span> <span class='ocrx_word' id='word_1_18' title='bbox 113 357 449 418; x_wconf 69' lang='lat' dir='ltr'>deprecabatur,</span> <span class='ocrx_word' id='word_1_19' title='bbox 483 365 526 399; x_wconf 81' lang='lat' dir='ltr'>et</span> <span class='ocrx_word' id='word_1_20' title='bbox 547 355 755 414; x_wconf 79' lang='lat' dir='ltr'>rogabam</span> <span class='ocrx_word' id='word_1_21' title='bbox 776 371 955 400; x_wconf 81' lang='lat' dir='ltr'>uxorem</span> <span class='ocrx_word' id='word_1_22' title='bbox 978 371 1121 400; x_wconf 85' lang='lat' dir='ltr'>meam</span> <span class='ocrx_word' id='word_1_23' title='bbox 1154 376 1162 400; x_wconf 87' lang='lat'>:</span> <span class='ocrx_word' id='word_1_24' title='bbox 1196 374 1215 397; x_wconf 87' lang='lat'>»</span> <span class='ocrx_word' id='word_1_25' title='bbox 1238 352 1451 417; x_wconf 75' lang='lat' dir='ltr'>tanquam</span> 
     </span>
     <span class='ocr_line' id='line_1_4' title="bbox 67 426 1452 487; baseline -0.001 -13"><span class='ocrx_word' id='word_1_26' title='bbox 67 428 238 484; x_wconf 85' lang='lat' dir='ltr'>dicens,</span> <span class='ocrx_word' id='word_1_27' title='bbox 267 447 288 470; x_wconf 88' lang='lat'>«</span> <span class='ocrx_word' id='word_1_28' title='bbox 311 430 455 481; x_wconf 81' lang='lat' dir='ltr'>Quare</span> <span class='ocrx_word' id='word_1_29' title='bbox 476 426 606 471; x_wconf 86' lang='lat' dir='ltr'>tristis</span> <span class='ocrx_word' id='word_1_30' title='bbox 627 442 670 470; x_wconf 91' lang='lat' dir='ltr'>es</span> <span class='ocrx_word' id='word_1_31' title='bbox 694 429 835 472; x_wconf 87' lang='lat' dir='ltr'>anima</span> <span class='ocrx_word' id='word_1_32' title='bbox 852 442 970 482; x_wconf 84' lang='lat' dir='ltr'>mea,</span> <span class='ocrx_word' id='word_1_33' title='bbox 996 435 1039 471; x_wconf 84' lang='lat' dir='ltr'>et</span> <span class='ocrx_word' id='word_1_34' title='bbox 1060 442 1196 487; x_wconf 86' lang='lat' dir='ltr'>quare</span> <span class='ocrx_word' id='word_1_35' title='bbox 1218 428 1452 472; x_wconf 83' lang='lat' dir='ltr'>conturbas</span> 
     </span>
     <span class='ocr_line' id='line_1_5' title="bbox 70 497 1456 557; baseline 0.001 -16"><span class='ocrx_word' id='word_1_36' title='bbox 70 518 91 542; x_wconf 86' lang='lat'>»</span> <span class='ocrx_word' id='word_1_37' title='bbox 109 501 232 544; x_wconf 55' lang='lat' dir='ltr'>mes?</span> <span class='ocrx_word' id='word_1_38' title='bbox 254 517 274 542; x_wconf 87' lang='lat'>»</span> <span class='ocrx_word' id='word_1_39' title='bbox 296 498 341 543; x_wconf 89' lang='lat' dir='ltr'>id</span> <span class='ocrx_word' id='word_1_40' title='bbox 362 507 447 554; x_wconf 86' lang='lat' dir='ltr'>est,</span> <span class='ocrx_word' id='word_1_41' title='bbox 472 497 650 557; x_wconf 89' lang='lat' dir='ltr'>cupiens</span> <span class='ocrx_word' id='word_1_42' title='bbox 666 507 714 542; x_wconf 92' lang='lat' dir='ltr'>ut</span> <span class='ocrx_word' id='word_1_43' title='bbox 727 498 767 542; x_wconf 90' lang='lat' dir='ltr'>ei</span> <span class='ocrx_word' id='word_1_44' title='bbox 782 497 1037 543; x_wconf 84' lang='lat' dir='ltr'>consentiat.</span> <span class='ocrx_word' id='word_1_45' title='bbox 1063 516 1084 540; x_wconf 78' lang='grc' dir='ltr'><strong><em>κ</em></strong></span> <span class='ocrx_word' id='word_1_46' title='bbox 1108 498 1313 543; x_wconf 88' lang='lat' dir='ltr'>Invocavi</span> <span class='ocrx_word' id='word_1_47' title='bbox 1332 497 1456 543; x_wconf 90' lang='lat' dir='ltr'>blan-</span> 
     </span>
     <span class='ocr_line' id='line_1_6' title="bbox 70 568 1454 629; baseline 0.001 -17"><span class='ocrx_word' id='word_1_48' title='bbox 70 589 91 612; x_wconf 85' lang='lat'>»</span> <span class='ocrx_word' id='word_1_49' title='bbox 116 569 238 615; x_wconf 89' lang='lat' dir='ltr'>diens</span> <span class='ocrx_word' id='word_1_50' title='bbox 258 569 370 614; x_wconf 87' lang='lat' dir='ltr'>filios</span> <span class='ocrx_word' id='word_1_51' title='bbox 391 571 505 613; x_wconf 90' lang='lat' dir='ltr'>uteri</span> <span class='ocrx_word' id='word_1_52' title='bbox 535 568 621 612; x_wconf 88' lang='lat' dir='ltr'>mei</span> <span class='ocrx_word' id='word_1_53' title='bbox 649 588 657 613; x_wconf 76' lang='grc' dir='ltr'>ε</span> <span class='ocrx_word' id='word_1_54' title='bbox 691 585 800 629; x_wconf 87' lang='lat' dir='ltr'>quos</span> <span class='ocrx_word' id='word_1_55' title='bbox 829 577 1062 628; x_wconf 81' lang='lat' dir='ltr'>genuerat,</span> <span class='ocrx_word' id='word_1_56' title='bbox 1096 569 1362 628; x_wconf 81' lang='lat' dir='ltr'>persuadens</span> <span class='ocrx_word' id='word_1_57' title='bbox 1394 569 1454 614; x_wconf 89' lang='lat' dir='ltr'>eis</span> 
     </span>
     <span class='ocr_line' id='line_1_7' title="bbox 66 639 1452 702; baseline -0.002 -16"><span class='ocrx_word' id='word_1_58' title='bbox 66 657 186 702; x_wconf 89' lang='lat' dir='ltr'>spem</span> <span class='ocrx_word' id='word_1_59' title='bbox 197 640 359 685; x_wconf 83' lang='lat' dir='ltr'>saeculi.</span> <span class='ocrx_word' id='word_1_60' title='bbox 382 660 402 683; x_wconf 91' lang='lat'>«</span> <span class='ocrx_word' id='word_1_61' title='bbox 419 643 476 684; x_wconf 83' lang='lat' dir='ltr'>Et</span> <span class='ocrx_word' id='word_1_62' title='bbox 488 655 597 700; x_wconf 93' lang='lat' dir='ltr'>quos</span> <span class='ocrx_word' id='word_1_63' title='bbox 609 639 842 684; x_wconf 74' lang='lat' dir='ltr'>dilexeram</span> <span class='ocrx_word' id='word_1_64' title='bbox 854 675 864 695; x_wconf 84' lang='lat'><strong>‚</strong></span> <span class='ocrx_word' id='word_1_65' title='bbox 880 649 1244 684; x_wconf 78' lang='lat' dir='ltr'>consurrexerunt</span> <span class='ocrx_word' id='word_1_66' title='bbox 1260 641 1304 684; x_wconf 93' lang='lat' dir='ltr'>in</span> <span class='ocrx_word' id='word_1_67' title='bbox 1319 655 1389 684; x_wconf 89' lang='lat' dir='ltr'>me</span> <span class='ocrx_word' id='word_1_68' title='bbox 1407 660 1416 685; x_wconf 70' lang='grc' dir='ltr'><em>ι</em></span> <span class='ocrx_word' id='word_1_69' title='bbox 1431 659 1452 683; x_wconf 88' lang='grc'>»</span> 
     </span>
     <span class='ocr_line' id='line_1_8' title="bbox 66 712 1456 771; baseline -0.001 -14"><span class='ocrx_word' id='word_1_70' title='bbox 66 713 113 757; x_wconf 90' lang='lat' dir='ltr'>in</span> <span class='ocrx_word' id='word_1_71' title='bbox 131 712 206 756; x_wconf 77' lang='lat' dir='ltr'>illa</span> <span class='ocrx_word' id='word_1_72' title='bbox 218 713 322 764; x_wconf 82' lang='lat' dir='ltr'>vita.</span> <span class='ocrx_word' id='word_1_73' title='bbox 341 731 362 755; x_wconf 87' lang='lat'>«</span> <span class='ocrx_word' id='word_1_74' title='bbox 378 714 430 757; x_wconf 89' lang='lat' dir='ltr'>In</span> <span class='ocrx_word' id='word_1_75' title='bbox 444 720 544 756; x_wconf 90' lang='lat' dir='ltr'>cute</span> <span class='ocrx_word' id='word_1_76' title='bbox 562 720 926 771; x_wconf 87' lang='lat' dir='ltr'>computruerunt</span> <span class='ocrx_word' id='word_1_77' title='bbox 938 725 1088 754; x_wconf 86' lang='lat' dir='ltr'>carnes</span> <span class='ocrx_word' id='word_1_78' title='bbox 1101 713 1274 754; x_wconf 56' lang='lat' dir='ltr'>megel.»</span> <span class='ocrx_word' id='word_1_79' title='bbox 1295 713 1456 756; x_wconf 86' lang='lat' dir='ltr'>Amore</span> 
     </span>
     <span class='ocr_line' id='line_1_9' title="bbox 63 781 1453 843; baseline -0.002 -15"><span class='ocrx_word' id='word_1_80' title='bbox 63 798 215 832; x_wconf 60' lang='lat' dir='ltr'>,eorum</span> <span class='ocrx_word' id='word_1_81' title='bbox 233 818 244 838; x_wconf 86' lang='lat'><strong>‚</strong></span> <span class='ocrx_word' id='word_1_82' title='bbox 270 799 370 843; x_wconf 85' lang='lat' dir='ltr'>quae</span> <span class='ocrx_word' id='word_1_83' title='bbox 392 781 630 827; x_wconf 89' lang='lat' dir='ltr'>forinsecus</span> <span class='ocrx_word' id='word_1_84' title='bbox 651 781 920 836; x_wconf 83' lang='lat' dir='ltr'>sentiuntur,</span> <span class='ocrx_word' id='word_1_85' title='bbox 950 790 1318 840; x_wconf 89' lang='lat' dir='ltr'>computruerunt</span> <span class='ocrx_word' id='word_1_86' title='bbox 1338 781 1453 826; x_wconf 89' lang='lat' dir='ltr'>inte-</span> 
     </span>
     <span class='ocr_line' id='line_1_10' title="bbox 65 851 1453 914; baseline -0.001 -16"><span class='ocrx_word' id='word_1_87' title='bbox 65 855 179 898; x_wconf 87' lang='lat' dir='ltr'>riora</span> <span class='ocrx_word' id='word_1_88' title='bbox 200 869 310 898; x_wconf 89' lang='lat' dir='ltr'>mea.</span> <span class='ocrx_word' id='word_1_89' title='bbox 335 855 446 900; x_wconf 86' lang='lat' dir='ltr'>Nam</span> <span class='ocrx_word' id='word_1_90' title='bbox 465 853 619 914; x_wconf 88' lang='lat' dir='ltr'>utique</span> <span class='ocrx_word' id='word_1_91' title='bbox 635 852 730 898; x_wconf 83' lang='lat' dir='ltr'>leve</span> <span class='ocrx_word' id='word_1_92' title='bbox 742 862 827 908; x_wconf 74' lang='lat' dir='ltr'>est,</span> <span class='ocrx_word' id='word_1_93' title='bbox 847 852 882 896; x_wconf 90' lang='lat' dir='ltr'>si</span> <span class='ocrx_word' id='word_1_94' title='bbox 899 852 955 896; x_wconf 85' lang='lat' dir='ltr'>ad</span> <span class='ocrx_word' id='word_1_95' title='bbox 966 851 1155 895; x_wconf 85' lang='lat' dir='ltr'>litteram</span> <span class='ocrx_word' id='word_1_96' title='bbox 1174 852 1453 911; x_wconf 82' lang='lat' dir='ltr'>accipiamus,</span> 
     </span>
     <span class='ocr_line' id='line_1_11' title="bbox 64 922 1456 986; baseline -0.001 -16"><span class='ocrx_word' id='word_1_97' title='bbox 64 936 274 986; x_wconf 83' lang='lat' dir='ltr'>tanquam</span> <span class='ocrx_word' id='word_1_98' title='bbox 308 924 499 970; x_wconf 86' lang='lat' dir='ltr'>scabiem</span> <span class='ocrx_word' id='word_1_99' title='bbox 531 924 746 968; x_wconf 84' lang='lat' dir='ltr'>habuerit.</span> <span class='ocrx_word' id='word_1_100' title='bbox 795 943 812 964; x_wconf 88' lang='lat'>«</span> <span class='ocrx_word' id='word_1_101' title='bbox 845 926 903 968; x_wconf 83' lang='lat' dir='ltr'>Et</span> <span class='ocrx_word' id='word_1_102' title='bbox 931 939 1022 967; x_wconf 88' lang='lat' dir='ltr'>ossa</span> <span class='ocrx_word' id='word_1_103' title='bbox 1053 938 1149 967; x_wconf 87' lang='lat' dir='ltr'>mea</span> <span class='ocrx_word' id='word_1_104' title='bbox 1171 923 1217 967; x_wconf 90' lang='lat' dir='ltr'>in</span> <span class='ocrx_word' id='word_1_105' title='bbox 1249 922 1456 968; x_wconf 86' lang='lat' dir='ltr'>dentibus</span> 
     </span>
     <span class='ocr_line' id='line_1_12' title="bbox 69 993 1452 1050; baseline 0 -11"><span class='ocrx_word' id='word_1_106' title='bbox 69 1015 89 1039; x_wconf 90' lang='lat'>»</span> <span class='ocrx_word' id='word_1_107' title='bbox 115 997 220 1040; x_wconf 88' lang='lat' dir='ltr'>meis</span> <span class='ocrx_word' id='word_1_108' title='bbox 241 1005 357 1041; x_wconf 87' lang='lat' dir='ltr'>sunt.</span> <span class='ocrx_word' id='word_1_109' title='bbox 386 1015 406 1037; x_wconf 91' lang='lat'>»</span> <span class='ocrx_word' id='word_1_110' title='bbox 442 995 643 1039; x_wconf 84' lang='lat' dir='ltr'>Firmitas</span> <span class='ocrx_word' id='word_1_111' title='bbox 674 1004 717 1039; x_wconf 86' lang='lat' dir='ltr'>et</span> <span class='ocrx_word' id='word_1_112' title='bbox 746 993 960 1039; x_wconf 84' lang='lat' dir='ltr'>fortitudo</span> <span class='ocrx_word' id='word_1_113' title='bbox 995 1009 1092 1038; x_wconf 88' lang='lat' dir='ltr'>mea</span> <span class='ocrx_word' id='word_1_114' title='bbox 1123 994 1169 1038; x_wconf 92' lang='lat' dir='ltr'>in</span> <span class='ocrx_word' id='word_1_115' title='bbox 1203 993 1344 1039; x_wconf 86' lang='lat' dir='ltr'>verbis</span> <span class='ocrx_word' id='word_1_116' title='bbox 1367 1004 1452 1050; x_wconf 83' lang='lat' dir='ltr'>est,</span> 
     </span>
     <span class='ocr_line' id='line_1_13' title="bbox 64 1064 1451 1121; baseline -0.003 -10"><span class='ocrx_word' id='word_1_117' title='bbox 64 1083 154 1112; x_wconf 92' lang='lat' dir='ltr'>non</span> <span class='ocrx_word' id='word_1_118' title='bbox 175 1067 222 1111; x_wconf 90' lang='lat' dir='ltr'>in</span> <span class='ocrx_word' id='word_1_119' title='bbox 242 1065 413 1113; x_wconf 64' lang='lat' dir='ltr'>factis«</span> <span class='ocrx_word' id='word_1_120' title='bbox 426 1065 690 1111; x_wconf 86' lang='lat' dir='ltr'>Miseremini</span> <span class='ocrx_word' id='word_1_121' title='bbox 704 1065 804 1120; x_wconf 82' lang='lat' dir='ltr'>mei,</span> <span class='ocrx_word' id='word_1_122' title='bbox 822 1064 1084 1110; x_wconf 88' lang='lat' dir='ltr'>miseremini</span> <span class='ocrx_word' id='word_1_123' title='bbox 1103 1065 1206 1121; x_wconf 79' lang='lat' dir='ltr'>mei,</span> <span class='ocrx_word' id='word_1_124' title='bbox 1222 1065 1451 1110; x_wconf 66' lang='lat' dir='ltr'>oamiciss.»</span> 
     </span>
     <span class='ocr_line' id='line_1_14' title="bbox 63 1135 1458 1197; baseline -0.001 -15"><span class='ocrx_word' id='word_1_125' title='bbox 63 1137 254 1197; x_wconf 83' lang='lat' dir='ltr'>Angelos</span> <span class='ocrx_word' id='word_1_126' title='bbox 286 1136 460 1182; x_wconf 88' lang='lat' dir='ltr'>videtur</span> <span class='ocrx_word' id='word_1_127' title='bbox 482 1136 724 1197; x_wconf 86' lang='lat' dir='ltr'>postulare,</span> <span class='ocrx_word' id='word_1_128' title='bbox 755 1146 806 1180; x_wconf 88' lang='lat' dir='ltr'>ut</span> <span class='ocrx_word' id='word_1_129' title='bbox 833 1151 913 1196; x_wconf 86' lang='lat' dir='ltr'>pro</span> <span class='ocrx_word' id='word_1_130' title='bbox 946 1151 999 1180; x_wconf 88' lang='lat' dir='ltr'>eo</span> <span class='ocrx_word' id='word_1_131' title='bbox 1035 1135 1349 1195; x_wconf 79' lang='lat' dir='ltr'>deprecentur,</span> <span class='ocrx_word' id='word_1_132' title='bbox 1381 1146 1458 1181; x_wconf 80' lang='lat' dir='ltr'>aut</span> 
     </span>
     <span class='ocr_line' id='line_1_15' title="bbox 63 1207 1458 1268; baseline -0.001 -15"><span class='ocrx_word' id='word_1_133' title='bbox 63 1217 180 1257; x_wconf 86' lang='lat' dir='ltr'>certe</span> <span class='ocrx_word' id='word_1_134' title='bbox 199 1217 370 1254; x_wconf 88' lang='lat' dir='ltr'>sanctos</span> <span class='ocrx_word' id='word_1_135' title='bbox 391 1217 442 1252; x_wconf 92' lang='lat' dir='ltr'>ut</span> <span class='ocrx_word' id='word_1_136' title='bbox 461 1223 541 1268; x_wconf 87' lang='lat' dir='ltr'>pro</span> <span class='ocrx_word' id='word_1_137' title='bbox 564 1207 809 1268; x_wconf 88' lang='lat' dir='ltr'>poenitente</span> <span class='ocrx_word' id='word_1_138' title='bbox 829 1216 969 1250; x_wconf 90' lang='lat' dir='ltr'>orent.</span> <span class='ocrx_word' id='word_1_139' title='bbox 1000 1226 1020 1249; x_wconf 88' lang='lat'>«</span> <span class='ocrx_word' id='word_1_140' title='bbox 1046 1209 1202 1251; x_wconf 86' lang='lat' dir='ltr'>Manus</span> <span class='ocrx_word' id='word_1_141' title='bbox 1230 1207 1346 1251; x_wconf 90' lang='lat' dir='ltr'>enim</span> <span class='ocrx_word' id='word_1_142' title='bbox 1365 1210 1458 1252; x_wconf 88' lang='lat' dir='ltr'>Do·-</span> 
     </span>
     <span class='ocr_line' id='line_1_16' title="bbox 66 1277 1458 1340; baseline 0.001 -20"><span class='ocrx_word' id='word_1_143' title='bbox 66 1298 86 1321; x_wconf 83' lang='lat'>»</span> <span class='ocrx_word' id='word_1_144' title='bbox 113 1279 219 1323; x_wconf 91' lang='lat' dir='ltr'>mini</span> <span class='ocrx_word' id='word_1_145' title='bbox 241 1287 326 1334; x_wconf 80' lang='lat' dir='ltr'>est,</span> <span class='ocrx_word' id='word_1_146' title='bbox 352 1294 451 1340; x_wconf 80' lang='lat' dir='ltr'>quae</span> <span class='ocrx_word' id='word_1_147' title='bbox 473 1278 613 1337; x_wconf 86' lang='lat' dir='ltr'>tetigit</span> <span class='ocrx_word' id='word_1_148' title='bbox 634 1292 720 1321; x_wconf 89' lang='lat' dir='ltr'>me.</span> <span class='ocrx_word' id='word_1_149' title='bbox 745 1295 765 1319; x_wconf 89' lang='lat'>»</span> <span class='ocrx_word' id='word_1_150' title='bbox 791 1281 926 1322; x_wconf 81' lang='lat' dir='ltr'>Manu</span> <span class='ocrx_word' id='word_1_151' title='bbox 949 1277 1124 1322; x_wconf 86' lang='lat' dir='ltr'>Domini</span> <span class='ocrx_word' id='word_1_152' title='bbox 1145 1293 1189 1322; x_wconf 88' lang='lat' dir='ltr'>se</span> <span class='ocrx_word' id='word_1_153' title='bbox 1206 1287 1372 1322; x_wconf 85' lang='lat' dir='ltr'>tactum</span> <span class='ocrx_word' id='word_1_154' title='bbox 1394 1277 1458 1322; x_wconf 88' lang='lat' dir='ltr'>di-</span> 
     </span>
     <span class='ocr_line' id='line_1_17' title="bbox 63 1349 1457 1410; baseline 0 -15"><span class='ocrx_word' id='word_1_155' title='bbox 63 1351 143 1407; x_wconf 83' lang='lat' dir='ltr'>cit,</span> <span class='ocrx_word' id='word_1_156' title='bbox 158 1360 209 1395; x_wconf 85' lang='lat' dir='ltr'>ut</span> <span class='ocrx_word' id='word_1_157' title='bbox 221 1349 390 1395; x_wconf 88' lang='lat' dir='ltr'>doleret</span> <span class='ocrx_word' id='word_1_158' title='bbox 404 1350 566 1397; x_wconf 84' lang='lat' dir='ltr'>vulnus</span> <span class='ocrx_word' id='word_1_159' title='bbox 579 1365 708 1394; x_wconf 89' lang='lat' dir='ltr'>suum</span> <span class='ocrx_word' id='word_1_160' title='bbox 721 1349 841 1410; x_wconf 82' lang='lat' dir='ltr'>quod</span> <span class='ocrx_word' id='word_1_161' title='bbox 854 1350 945 1394; x_wconf 88' lang='lat' dir='ltr'>sine</span> <span class='ocrx_word' id='word_1_162' title='bbox 963 1365 1092 1394; x_wconf 88' lang='lat' dir='ltr'>sensu</span> <span class='ocrx_word' id='word_1_163' title='bbox 1105 1351 1143 1394; x_wconf 88' lang='lat' dir='ltr'>ei</span> <span class='ocrx_word' id='word_1_164' title='bbox 1156 1350 1256 1394; x_wconf 87' lang='lat' dir='ltr'>suit.</span> <span class='ocrx_word' id='word_1_165' title='bbox 1278 1370 1296 1392; x_wconf 85' lang='lat'>«</span> <span class='ocrx_word' id='word_1_166' title='bbox 1314 1353 1457 1404; x_wconf 81' lang='lat' dir='ltr'>Quare</span> 
     </span>
     <span class='ocr_line' id='line_1_18' title="bbox 65 1419 1458 1482; baseline 0.001 -18"><span class='ocrx_word' id='word_1_167' title='bbox 65 1441 85 1464; x_wconf 88' lang='lat'>»</span> <span class='ocrx_word' id='word_1_168' title='bbox 112 1437 183 1465; x_wconf 90' lang='lat' dir='ltr'>me</span> <span class='ocrx_word' id='word_1_169' title='bbox 203 1421 540 1482; x_wconf 77' lang='lat' dir='ltr'>persequimini,</span> <span class='ocrx_word' id='word_1_170' title='bbox 578 1421 689 1464; x_wconf 87' lang='lat' dir='ltr'>sicut</span> <span class='ocrx_word' id='word_1_171' title='bbox 717 1429 760 1464; x_wconf 89' lang='lat' dir='ltr'>et</span> <span class='ocrx_word' id='word_1_172' title='bbox 781 1421 1044 1465; x_wconf 38' lang='lat' dir='ltr'>Dominus&amp;</span> <span class='ocrx_word' id='word_1_173' title='bbox 1069 1439 1088 1460; x_wconf 89' lang='lat'>»</span> <span class='ocrx_word' id='word_1_174' title='bbox 1116 1419 1392 1464; x_wconf 86' lang='lat' dir='ltr'>detestamini</span> <span class='ocrx_word' id='word_1_175' title='bbox 1415 1431 1458 1466; x_wconf 90' lang='lat' dir='ltr'>et</span> 
     </span>
     <span class='ocr_line' id='line_1_19' title="bbox 62 1492 1455 1552; baseline 0 -15"><span class='ocrx_word' id='word_1_176' title='bbox 62 1493 246 1537; x_wconf 85' lang='lat' dir='ltr'>horretis</span> <span class='ocrx_word' id='word_1_177' title='bbox 266 1494 379 1538; x_wconf 86' lang='lat' dir='ltr'>sicut</span> <span class='ocrx_word' id='word_1_178' title='bbox 393 1493 604 1537; x_wconf 89' lang='lat' dir='ltr'>Dominus</span> <span class='ocrx_word' id='word_1_179' title='bbox 619 1514 629 1549; x_wconf 77' lang='lat'>3</span> <span class='ocrx_word' id='word_1_180' title='bbox 645 1492 718 1536; x_wconf 90' lang='lat' dir='ltr'>vel</span> <span class='ocrx_word' id='word_1_181' title='bbox 736 1492 976 1552; x_wconf 80' lang='lat' dir='ltr'>objurgatis</span> <span class='ocrx_word' id='word_1_182' title='bbox 988 1527 998 1546; x_wconf 86' lang='lat'><strong>‚</strong></span> <span class='ocrx_word' id='word_1_183' title='bbox 1015 1507 1113 1536; x_wconf 87' lang='lat' dir='ltr'>cum</span> <span class='ocrx_word' id='word_1_184' title='bbox 1127 1493 1215 1552; x_wconf 81' lang='lat' dir='ltr'>jam</span> <span class='ocrx_word' id='word_1_185' title='bbox 1230 1492 1455 1537; x_wconf 83' lang='lat' dir='ltr'>confitear.</span> 
     </span>
     <span class='ocr_line' id='line_1_20' title="bbox 65 1562 1462 1621; baseline 0.001 -15"><span class='ocrx_word' id='word_1_186' title='bbox 65 1584 86 1607; x_wconf 90' lang='lat'>«</span> <span class='ocrx_word' id='word_1_187' title='bbox 103 1568 164 1609; x_wconf 91' lang='lat' dir='ltr'>De</span> <span class='ocrx_word' id='word_1_188' title='bbox 177 1565 380 1610; x_wconf 84' lang='lat' dir='ltr'>carnibus</span> <span class='ocrx_word' id='word_1_189' title='bbox 394 1564 500 1608; x_wconf 87' lang='lat' dir='ltr'>meis</span> <span class='ocrx_word' id='word_1_190' title='bbox 511 1580 600 1608; x_wconf 90' lang='lat' dir='ltr'>non</span> <span class='ocrx_word' id='word_1_191' title='bbox 614 1563 873 1608; x_wconf 85' lang='lat' dir='ltr'>satiamini.»</span> <span class='ocrx_word' id='word_1_192' title='bbox 894 1566 991 1609; x_wconf 90' lang='lat' dir='ltr'>Non</span> <span class='ocrx_word' id='word_1_193' title='bbox 1006 1562 1218 1621; x_wconf 85' lang='lat' dir='ltr'>gaudetis,</span> <span class='ocrx_word' id='word_1_194' title='bbox 1233 1564 1266 1607; x_wconf 90' lang='lat' dir='ltr'>si</span> <span class='ocrx_word' id='word_1_195' title='bbox 1280 1563 1462 1609; x_wconf 84' lang='lat' dir='ltr'>carnali-</span> 
     </span>
     <span class='ocr_line' id='line_1_21' title="bbox 62 1633 1458 1695; baseline 0 -15"><span class='ocrx_word' id='word_1_196' title='bbox 62 1645 128 1680; x_wconf 87' lang='lat' dir='ltr'>ter</span> <span class='ocrx_word' id='word_1_197' title='bbox 151 1635 472 1694; x_wconf 83' lang='lat' dir='ltr'>vivam.«Stylo</span> <span class='ocrx_word' id='word_1_198' title='bbox 493 1635 636 1679; x_wconf 84' lang='lat' dir='ltr'>ferreo</span> <span class='ocrx_word' id='word_1_199' title='bbox 651 1644 695 1679; x_wconf 91' lang='lat' dir='ltr'>et</span> <span class='ocrx_word' id='word_1_200' title='bbox 708 1634 912 1694; x_wconf 88' lang='lat' dir='ltr'>plumbo⁵</span> <span class='ocrx_word' id='word_1_201' title='bbox 928 1653 964 1679; x_wconf 72' lang='lat' dir='ltr'>:n</span> <span class='ocrx_word' id='word_1_202' title='bbox 988 1643 1039 1678; x_wconf 92' lang='lat' dir='ltr'>ut</span> <span class='ocrx_word' id='word_1_203' title='bbox 1062 1633 1254 1695; x_wconf 87' lang='lat' dir='ltr'>quemad</span> <span class='ocrx_word' id='word_1_204' title='bbox 1275 1636 1458 1681; x_wconf 90' lang='lat' dir='ltr'>modum</span> 
     </span>
     <span class='ocr_line' id='line_1_22' title="bbox 62 1705 1458 1767; baseline -0.001 -14"><span class='ocrx_word' id='word_1_205' title='bbox 62 1707 178 1755; x_wconf 81' lang='lat' dir='ltr'>cedit</span> <span class='ocrx_word' id='word_1_206' title='bbox 198 1706 433 1767; x_wconf 85' lang='lat' dir='ltr'>plumbum</span> <span class='ocrx_word' id='word_1_207' title='bbox 463 1705 576 1764; x_wconf 86' lang='lat' dir='ltr'>stylo</span> <span class='ocrx_word' id='word_1_208' title='bbox 604 1706 762 1761; x_wconf 77' lang='lat' dir='ltr'>ferreo,</span> <span class='ocrx_word' id='word_1_209' title='bbox 792 1706 853 1750; x_wconf 85' lang='lat' dir='ltr'>sic</span> <span class='ocrx_word' id='word_1_210' title='bbox 882 1705 1040 1750; x_wconf 90' lang='lat' dir='ltr'>cedant</span> <span class='ocrx_word' id='word_1_211' title='bbox 1059 1706 1333 1752; x_wconf 86' lang='lat' dir='ltr'>sermonibus</span> <span class='ocrx_word' id='word_1_212' title='bbox 1353 1708 1458 1752; x_wconf 91' lang='lat' dir='ltr'>meis</span> 
     </span>
     <span class='ocr_line' id='line_1_23' title="bbox 61 1776 1452 1837; baseline -0.003 -14"><span class='ocrx_word' id='word_1_213' title='bbox 61 1778 194 1823; x_wconf 86' lang='lat' dir='ltr'>corda</span> <span class='ocrx_word' id='word_1_214' title='bbox 203 1778 449 1822; x_wconf 88' lang='lat' dir='ltr'>hominum.</span> <span class='ocrx_word' id='word_1_215' title='bbox 460 1779 575 1821; x_wconf 75' lang='lat' dir='ltr'>«Aut</span> <span class='ocrx_word' id='word_1_216' title='bbox 583 1777 629 1820; x_wconf 89' lang='lat' dir='ltr'>in</span> <span class='ocrx_word' id='word_1_217' title='bbox 637 1776 937 1821; x_wconf 87' lang='lat' dir='ltr'>testimonium</span> <span class='ocrx_word' id='word_1_218' title='bbox 948 1776 992 1820; x_wconf 90' lang='lat' dir='ltr'>in</span> <span class='ocrx_word' id='word_1_219' title='bbox 1001 1776 1135 1836; x_wconf 88' lang='lat' dir='ltr'>petris</span> <span class='ocrx_word' id='word_1_220' title='bbox 1146 1777 1402 1837; x_wconf 85' lang='lat' dir='ltr'>sculpantur</span> <span class='ocrx_word' id='word_1_221' title='bbox 1416 1797 1452 1823; x_wconf 79' lang='lat' dir='ltr'>z»</span> 
     </span>
     <span class='ocr_line' id='line_1_24' title="bbox 60 1846 1456 1907; baseline 0.001 -14"><span class='ocrx_word' id='word_1_222' title='bbox 60 1858 112 1893; x_wconf 94' lang='lat' dir='ltr'>ut</span> <span class='ocrx_word' id='word_1_223' title='bbox 124 1848 188 1893; x_wconf 90' lang='lat' dir='ltr'>illi</span> <span class='ocrx_word' id='word_1_224' title='bbox 201 1863 251 1892; x_wconf 85' lang='lat' dir='ltr'>ea</span> <span class='ocrx_word' id='word_1_225' title='bbox 271 1847 455 1902; x_wconf 83' lang='lat' dir='ltr'>discant,</span> <span class='ocrx_word' id='word_1_226' title='bbox 472 1847 548 1907; x_wconf 89' lang='lat' dir='ltr'>qui</span> <span class='ocrx_word' id='word_1_227' title='bbox 571 1847 685 1891; x_wconf 89' lang='lat' dir='ltr'>firmi</span> <span class='ocrx_word' id='word_1_228' title='bbox 701 1856 805 1891; x_wconf 91' lang='lat' dir='ltr'>sunt</span> <span class='ocrx_word' id='word_1_229' title='bbox 821 1846 876 1891; x_wconf 87' lang='lat' dir='ltr'>ad</span> <span class='ocrx_word' id='word_1_230' title='bbox 895 1846 1302 1906; x_wconf 84' lang='lat' dir='ltr'>evangelizandum.</span> <span class='ocrx_word' id='word_1_231' title='bbox 1320 1868 1339 1890; x_wconf 89' lang='lat'>«</span> <span class='ocrx_word' id='word_1_232' title='bbox 1360 1849 1456 1894; x_wconf 88' lang='lat' dir='ltr'>Scio</span> 
     </span>
     <span class='ocr_line' id='line_1_25' title="bbox 63 1917 1457 1980; baseline 0.001 -19"><span class='ocrx_word' id='word_1_233' title='bbox 63 1937 84 1962; x_wconf 87' lang='lat'>»</span> <span class='ocrx_word' id='word_1_234' title='bbox 110 1919 226 1972; x_wconf 82' lang='lat' dir='ltr'>enim</span> <span class='ocrx_word' id='word_1_235' title='bbox 249 1918 351 1979; x_wconf 87' lang='lat' dir='ltr'>quia</span> <span class='ocrx_word' id='word_1_236' title='bbox 367 1927 555 1962; x_wconf 82' lang='lat' dir='ltr'>aeternus</span> <span class='ocrx_word' id='word_1_237' title='bbox 578 1926 663 1973; x_wconf 82' lang='lat' dir='ltr'>est,</span> <span class='ocrx_word' id='word_1_238' title='bbox 689 1917 765 1977; x_wconf 91' lang='lat' dir='ltr'>qui</span> <span class='ocrx_word' id='word_1_239' title='bbox 778 1932 848 1961; x_wconf 90' lang='lat' dir='ltr'>me</span> <span class='ocrx_word' id='word_1_240' title='bbox 870 1917 1142 1962; x_wconf 87' lang='lat' dir='ltr'>resoluturus</span> <span class='ocrx_word' id='word_1_241' title='bbox 1164 1921 1254 1962; x_wconf 80' lang='lat' dir='ltr'>est6</span> <span class='ocrx_word' id='word_1_242' title='bbox 1279 1938 1287 1963; x_wconf 90' lang='grc'>;</span> <span class='ocrx_word' id='word_1_243' title='bbox 1311 1937 1331 1960; x_wconf 74' lang='lat' dir='ltr'>n</span> <span class='ocrx_word' id='word_1_244' title='bbox 1353 1920 1457 1980; x_wconf 88' lang='lat' dir='ltr'>quia</span> 
     </span>
     <span class='ocr_line' id='line_1_26' title="bbox 61 1988 1451 2050; baseline -0.002 -16"><span class='ocrx_word' id='word_1_245' title='bbox 61 1998 204 2050; x_wconf 84' lang='lat' dir='ltr'>potest</span> <span class='ocrx_word' id='word_1_246' title='bbox 223 2004 293 2033; x_wconf 89' lang='lat' dir='ltr'>me</span> <span class='ocrx_word' id='word_1_247' title='bbox 315 2003 529 2048; x_wconf 84' lang='lat' dir='ltr'>reparare.</span> <span class='ocrx_word' id='word_1_248' title='bbox 556 2007 575 2030; x_wconf 91' lang='lat'>«</span> <span class='ocrx_word' id='word_1_249' title='bbox 598 1990 798 2042; x_wconf 89' lang='lat' dir='ltr'>Quorum</span> <span class='ocrx_word' id='word_1_250' title='bbox 819 2003 900 2046; x_wconf 80' lang='lat' dir='ltr'>ego</span> <span class='ocrx_word' id='word_1_251' title='bbox 922 1988 1030 2032; x_wconf 89' lang='lat' dir='ltr'>mihi</span> <span class='ocrx_word' id='word_1_252' title='bbox 1054 1989 1252 2032; x_wconf 88' lang='lat' dir='ltr'>conscius</span> <span class='ocrx_word' id='word_1_253' title='bbox 1274 2004 1372 2033; x_wconf 91' lang='lat' dir='ltr'>sum</span> <span class='ocrx_word' id='word_1_254' title='bbox 1398 2010 1407 2034; x_wconf 88' lang='lat'>:</span> <span class='ocrx_word' id='word_1_255' title='bbox 1432 2009 1451 2031; x_wconf 88' lang='lat'>»</span> 
     </span>
     <span class='ocr_line' id='line_1_27' title="bbox 60 2058 1453 2121; baseline 0 -18"><span class='ocrx_word' id='word_1_256' title='bbox 60 2060 163 2121; x_wconf 80' lang='lat' dir='ltr'>quia</span> <span class='ocrx_word' id='word_1_257' title='bbox 194 2060 334 2103; x_wconf 82' lang='lat' dir='ltr'>merui</span> <span class='ocrx_word' id='word_1_258' title='bbox 356 2058 445 2103; x_wconf 83' lang='lat' dir='ltr'>illa.</span> <span class='ocrx_word' id='word_1_259' title='bbox 471 2061 580 2112; x_wconf 85' lang='lat' dir='ltr'>Quae</span> <span class='ocrx_word' id='word_1_260' title='bbox 609 2058 762 2104; x_wconf 88' lang='lat' dir='ltr'>oculus</span> <span class='ocrx_word' id='word_1_261' title='bbox 783 2074 907 2103; x_wconf 90' lang='lat' dir='ltr'>meus</span> <span class='ocrx_word' id='word_1_262' title='bbox 934 2059 1044 2104; x_wconf 90' lang='lat' dir='ltr'>vidit</span> <span class='ocrx_word' id='word_1_263' title='bbox 1067 2069 1111 2104; x_wconf 92' lang='lat' dir='ltr'>et</span> <span class='ocrx_word' id='word_1_264' title='bbox 1141 2076 1231 2105; x_wconf 91' lang='lat' dir='ltr'>non</span> <span class='ocrx_word' id='word_1_265' title='bbox 1254 2059 1404 2105; x_wconf 84' lang='lat' dir='ltr'>alius⁷.</span> <span class='ocrx_word' id='word_1_266' title='bbox 1433 2080 1453 2105; x_wconf 88' lang='lat'>»</span> 
     </span>
     <span class='ocr_line' id='line_1_28' title="bbox 61 2131 1456 2192; baseline 0 -16"><span class='ocrx_word' id='word_1_267' title='bbox 61 2134 156 2176; x_wconf 87' lang='lat' dir='ltr'>Hoc</span> <span class='ocrx_word' id='word_1_268' title='bbox 177 2140 266 2189; x_wconf 68' lang='lat' dir='ltr'>estz,</span> <span class='ocrx_word' id='word_1_269' title='bbox 290 2134 467 2177; x_wconf 78' lang='lat' dir='ltr'>«Nemo</span> <span class='ocrx_word' id='word_1_270' title='bbox 490 2131 570 2176; x_wconf 86' lang='lat' dir='ltr'>scit</span> <span class='ocrx_word' id='word_1_271' title='bbox 591 2131 701 2192; x_wconf 89' lang='lat' dir='ltr'>quid</span> <span class='ocrx_word' id='word_1_272' title='bbox 734 2140 886 2190; x_wconf 81' lang='lat' dir='ltr'>agatur</span> <span class='ocrx_word' id='word_1_273' title='bbox 916 2132 962 2175; x_wconf 94' lang='lat' dir='ltr'>in</span> <span class='ocrx_word' id='word_1_274' title='bbox 990 2131 1189 2187; x_wconf 84' lang='lat' dir='ltr'>homine,</span> <span class='ocrx_word' id='word_1_275' title='bbox 1221 2132 1302 2176; x_wconf 90' lang='lat' dir='ltr'>nisi</span> <span class='ocrx_word' id='word_1_276' title='bbox 1330 2132 1456 2192; x_wconf 87' lang='lat' dir='ltr'>spiri-</span> 
     </span>
     <span class='ocr_line' id='line_1_29' title="bbox 62 2203 1457 2264; baseline 0.001 -17"><span class='ocrx_word' id='word_1_277' title='bbox 62 2221 84 2246; x_wconf 85' lang='lat'>»</span> <span class='ocrx_word' id='word_1_278' title='bbox 104 2213 174 2248; x_wconf 86' lang='lat' dir='ltr'>tus</span> <span class='ocrx_word' id='word_1_279' title='bbox 199 2203 342 2264; x_wconf 88' lang='lat' dir='ltr'>quiin</span> <span class='ocrx_word' id='word_1_280' title='bbox 369 2204 463 2263; x_wconf 84' lang='lat' dir='ltr'>ipso</span> <span class='ocrx_word' id='word_1_281' title='bbox 485 2205 590 2248; x_wconf 57' lang='lat' dir='ltr'>ests.</span> <span class='ocrx_word' id='word_1_282' title='bbox 626 2206 684 2247; x_wconf 89' lang='lat' dir='ltr'>Et</span> <span class='ocrx_word' id='word_1_283' title='bbox 714 2205 859 2248; x_wconf 90' lang='lat' dir='ltr'>omnia</span> <span class='ocrx_word' id='word_1_284' title='bbox 887 2204 996 2248; x_wconf 84' lang='lat' dir='ltr'>mihi</span> <span class='ocrx_word' id='word_1_285' title='bbox 1023 2213 1326 2249; x_wconf 81' lang='lat' dir='ltr'>consummata</span> <span class='ocrx_word' id='word_1_286' title='bbox 1354 2214 1457 2250; x_wconf 89' lang='lat' dir='ltr'>sunt</span> 
     </span>
     <span class='ocr_line' id='line_1_30' title="bbox 63 2275 1455 2331; baseline 0.004 -15"><span class='ocrx_word' id='word_1_287' title='bbox 63 2292 84 2316; x_wconf 90' lang='lat'>»</span> <span class='ocrx_word' id='word_1_288' title='bbox 108 2275 154 2319; x_wconf 91' lang='lat' dir='ltr'>in</span> <span class='ocrx_word' id='word_1_289' title='bbox 176 2276 275 2320; x_wconf 88' lang='lat' dir='ltr'>sinu</span> <span class='ocrx_word' id='word_1_290' title='bbox 301 2294 309 2320; x_wconf 71' lang='grc' dir='ltr'>ι</span> <span class='ocrx_word' id='word_1_291' title='bbox 339 2293 358 2316; x_wconf 75' lang='lat' dir='ltr'>n</span> <span class='ocrx_word' id='word_1_292' title='bbox 383 2275 428 2319; x_wconf 90' lang='lat' dir='ltr'>in</span> <span class='ocrx_word' id='word_1_293' title='bbox 447 2275 726 2320; x_wconf 83' lang='lat' dir='ltr'>interioribus</span> <span class='ocrx_word' id='word_1_294' title='bbox 744 2276 823 2319; x_wconf 86' lang='lat' dir='ltr'>ubi</span> <span class='ocrx_word' id='word_1_295' title='bbox 846 2291 976 2320; x_wconf 86' lang='lat' dir='ltr'>nemo</span> <span class='ocrx_word' id='word_1_296' title='bbox 993 2275 1134 2331; x_wconf 70' lang='lat' dir='ltr'>videt,</span> <span class='ocrx_word' id='word_1_297' title='bbox 1160 2276 1207 2319; x_wconf 88' lang='lat' dir='ltr'>in</span> <span class='ocrx_word' id='word_1_298' title='bbox 1232 2277 1455 2321; x_wconf 90' lang='lat' dir='ltr'>conscien-</span> 
     </span>
     <span class='ocr_line' id='line_1_31' title="bbox 59 2345 1451 2400; baseline 0.001 -11"><span class='ocrx_word' id='word_1_299' title='bbox 59 2346 134 2390; x_wconf 89' lang='lat' dir='ltr'>tia.</span> <span class='ocrx_word' id='word_1_300' title='bbox 164 2345 380 2400; x_wconf 84' lang='lat' dir='ltr'>«Quodsi</span> <span class='ocrx_word' id='word_1_301' title='bbox 404 2355 448 2390; x_wconf 87' lang='lat' dir='ltr'>et</span> <span class='ocrx_word' id='word_1_302' title='bbox 476 2346 668 2391; x_wconf 80' lang='lat' dir='ltr'>dixeritis</span> <span class='ocrx_word' id='word_1_303' title='bbox 691 2363 701 2391; x_wconf 89' lang='lat'><em>:</em></span> <span class='ocrx_word' id='word_1_304' title='bbox 728 2347 847 2400; x_wconf 87' lang='lat' dir='ltr'>Quid</span> <span class='ocrx_word' id='word_1_305' title='bbox 868 2346 1064 2391; x_wconf 90' lang='lat' dir='ltr'>dicemus</span> <span class='ocrx_word' id='word_1_306' title='bbox 1087 2357 1239 2394; x_wconf 85' lang='lat' dir='ltr'>contra</span> <span class='ocrx_word' id='word_1_307' title='bbox 1263 2350 1416 2393; x_wconf 78' lang='lat' dir='ltr'>eum9?</span> <span class='ocrx_word' id='word_1_308' title='bbox 1432 2368 1451 2390; x_wconf 87' lang='lat'>»</span> 
     </span>
    </p>
   </div>
   <div class='ocr_carea' id='block_1_3' title="bbox 61 2461 1452 2614">
    <p class='ocr_par' dir='ltr' id='par_1_3' title="bbox 61 2461 1452 2614">
     <span class='ocr_line' id='line_1_32' title="bbox 108 2461 1452 2506; baseline 0.002 -14"><span class='ocrx_word' id='word_1_309' title='bbox 108 2468 118 2483; x_wconf 91' lang='lat'><em>¹</em></span> <span class='ocrx_word' id='word_1_310' title='bbox 139 2461 219 2494; x_wconf 73' lang='lat' dir='ltr'>Psal.</span> <span class='ocrx_word' id='word_1_311' title='bbox 235 2473 278 2504; x_wconf 76' lang='lat' dir='ltr'>iv,</span> <span class='ocrx_word' id='word_1_312' title='bbox 302 2472 352 2494; x_wconf 81' lang='lat'>12.</span> <span class='ocrx_word' id='word_1_313' title='bbox 380 2479 421 2483; x_wconf 87' lang='lat'>—-</span> <span class='ocrx_word' id='word_1_314' title='bbox 442 2468 454 2484; x_wconf 81' lang='lat'><em>²</em></span> <span class='ocrx_word' id='word_1_315' title='bbox 476 2462 623 2494; x_wconf 77' lang='lat' dir='ltr'>Job.x1x</span> <span class='ocrx_word' id='word_1_316' title='bbox 639 2488 647 2504; x_wconf 83' lang='lat'><em>,</em></span> <span class='ocrx_word' id='word_1_317' title='bbox 671 2475 724 2505; x_wconf 73' lang='lat'>17,</span> <span class='ocrx_word' id='word_1_318' title='bbox 747 2474 786 2506; x_wconf 80' lang='lat'>¹9</span> <span class='ocrx_word' id='word_1_319' title='bbox 804 2468 838 2495; x_wconf 87' lang='lat' dir='ltr'>et</span> <span class='ocrx_word' id='word_1_320' title='bbox 857 2472 911 2495; x_wconf 80' lang='lat'>20.</span> <span class='ocrx_word' id='word_1_321' title='bbox 938 2481 980 2485; x_wconf 90' lang='lat'>—</span> <span class='ocrx_word' id='word_1_322' title='bbox 996 2462 1371 2497; x_wconf 76' lang='lat' dir='ltr'>31bid.21.—41bid.</span> <span class='ocrx_word' id='word_1_323' title='bbox 1399 2473 1452 2497; x_wconf 76' lang='lat'>22.</span> 
     </span>
     <span class='ocr_line' id='line_1_33' title="bbox 61 2515 1446 2560; baseline 0.003 -13"><span class='ocrx_word' id='word_1_324' title='bbox 61 2534 103 2539; x_wconf 89' lang='lat'><em>-</em></span> <span class='ocrx_word' id='word_1_325' title='bbox 125 2515 141 2539; x_wconf 84' lang='lat'>⁵</span> <span class='ocrx_word' id='word_1_326' title='bbox 161 2517 242 2548; x_wconf 87' lang='lat' dir='ltr'>Ibid.</span> <span class='ocrx_word' id='word_1_327' title='bbox 271 2516 325 2560; x_wconf 63' lang='lat'>24.</span> <span class='ocrx_word' id='word_1_328' title='bbox 353 2534 393 2539; x_wconf 88' lang='lat'>—-</span> <span class='ocrx_word' id='word_1_329' title='bbox 421 2515 436 2538; x_wconf 60' lang='grc' dir='ltr'>’ἶ</span> <span class='ocrx_word' id='word_1_330' title='bbox 464 2517 544 2549; x_wconf 87' lang='lat' dir='ltr'>Ibid.</span> <span class='ocrx_word' id='word_1_331' title='bbox 570 2518 623 2550; x_wconf 75' lang='lat'>25.</span> <span class='ocrx_word' id='word_1_332' title='bbox 654 2536 695 2540; x_wconf 92' lang='lat'>—</span> <span class='ocrx_word' id='word_1_333' title='bbox 720 2526 733 2551; x_wconf 91' lang='lat'><strong>7</strong></span> <span class='ocrx_word' id='word_1_334' title='bbox 758 2519 976 2560; x_wconf 75' lang='lat' dir='ltr'>1bi‹l.27.—</span> <span class='ocrx_word' id='word_1_335' title='bbox 1001 2518 1178 2558; x_wconf 70' lang='lat' dir='ltr'>31C01·.¹‚</span> <span class='ocrx_word' id='word_1_336' title='bbox 1203 2531 1254 2552; x_wconf 83' lang='grc' dir='ltr'>ιι.</span> <span class='ocrx_word' id='word_1_337' title='bbox 1277 2537 1318 2542; x_wconf 92' lang='lat'>—</span> <span class='ocrx_word' id='word_1_338' title='bbox 1337 2528 1352 2551; x_wconf 75' lang='lat'>9</span> <span class='ocrx_word' id='word_1_339' title='bbox 1372 2520 1446 2551; x_wconf 74' lang='grc' dir='ltr'>ι101).</span> 
     </span>
     <span class='ocr_line' id='line_1_34' title="bbox 61 2573 276 2614; baseline 0.009 -11"><span class='ocrx_word' id='word_1_340' title='bbox 61 2582 199 2614; x_wconf 57' lang='lat' dir='ltr'>x11‚27,</span> <span class='ocrx_word' id='word_1_341' title='bbox 219 2573 276 2605; x_wconf 79' lang='lat'>28.</span> 
     </span>
    </p>
   </div>
  </div>
 </body>
</html>
