1833 3284
405 277 647 308 ENARRATIO
679 281 724 308 IN
757 278 959 310 psALMUM
992 283 1070 309 vn.
1345 269 1422 308 181

44 333 267 378 cutionem
297 333 409 393 passi
431 342 553 390 sunt,
583 343 626 378 et
656 334 795 394 igneae
826 335 992 394 sagittae
1030 334 1085 380 ad
1116 333 1429 380 inflammanda

42 402 173 449 corda
196 402 482 448 credentium.

100 476 220 518 XVI.
244 477 346 519 Post
374 475 487 518 hanc
510 484 656 519 autem
689 474 1053 535 dispensationem
1080 475 1248 535 justum
1280 475 1427 519 veniet

33 544 248 606 judicium
273 565 281 591 z
304 545 359 590 de
381 562 470 607 quo
487 547 545 590 ita
567 546 686 602 dicit,
707 556 757 591 ut
778 547 1068 605 intelligamus
1085 547 1322 606 unicuique
1341 547 1426 590 ho-

39 615 147 660 mini
168 615 428 676 supplicium
455 617 548 661 fieri
575 616 630 661 de
653 626 831 677 peccato
853 633 952 672 suo,
974 626 1017 661 et
1037 618 1127 677 ejus
1148 616 1425 676 iniquitatem

38 687 82 731 in
105 702 280 746 poenam
299 689 492 731 converti
513 706 523 733 ε
544 703 599 731 ne
620 697 824 748 putemus
846 687 963 732 illam
986 686 1361 748 tranquillitatem,
1382 696 1426 731 et

37 756 259 802 ineffabile
281 758 431 802 lumen
453 759 531 803 Dei
551 758 605 802 de
627 774 671 803 se
692 758 886 819 proferre
904 758 1024 802 unde
1045 767 1222 818 peccata
1239 759 1425 818 punian-

36 835 136 886 tur,
161 827 236 872 sed
257 829 347 888 ipsa
365 838 542 888 peccata
565 830 623 873 sic
648 828 862 884 ordinare,
884 838 933 872 ut
954 845 1054 889 quae
1076 828 1256 872 fuerunt
1283 827 1425 872 delec-

36 906 226 942 tamenta
247 898 414 942 homini
441 899 662 958 peccanti,
694 899 779 943 sint
804 899 1090 942 instrumenta
1123 899 1309 942 Domino
1344 914 1424 958 pu-

33 968 187 1012 nienti.
219 988 239 1010 <z
265 972 393 1024 Ecce,
414 970 572 1030 inquit,
593 970 822 1029 parturivit
843 969 1138 1030 injustitiam1.
1167 968 1284 1022 Quid
1306 970 1421 1012 enim

33 1049 314 1099 conceperat,
331 1049 381 1084 ut
402 1040 656 1100 injustitiam
678 1040 944 1100 parturiret?
966 1059 985 1081 ‹<
1004 1040 1238 1100 Concepit,
1259 1040 1419 1100 inquit,

36 1129 56 1153 »
88 1110 324 1155 laborem2.
344 1130 363 1152 »
383 1112 495 1156 Hinc
516 1120 579 1155 est
599 1126 699 1168 ergo
717 1110 829 1155 illud
846 1131 853 1156 ε
871 1130 887 1151 «
904 1115 955 1155 In
974 1110 1123 1155 labore
1138 1111 1423 1155 manducabis

35 1199 55 1221 n
87 1196 242 1240 panem
261 1190 403 1224 tuum.
425 1202 442 1222 »
467 1182 579 1225 Hinc
598 1181 727 1225 etiam
750 1181 876 1235 illud,
898 1201 916 1223 «
938 1181 1094 1224 Venite
1112 1180 1167 1224 ad
1185 1196 1254 1225 me
1270 1196 1421 1225 omnes

35 1269 55 1292 »
91 1251 166 1312 qui
187 1251 392 1296 laboratis
421 1260 465 1295 et
486 1252 653 1296 onerati
679 1253 793 1296 estis.
821 1255 844 1295 J
851 1268 985 1311 ugum
1015 1251 1131 1300 enim
1154 1267 1298 1295 meum
1322 1250 1422 1295 lene

32 1340 53 1364 »
88 1331 172 1378 est,
206 1332 248 1366 et
286 1338 395 1367 onus
426 1337 572 1366 meum
602 1322 739 1367 leve3.
776 1342 795 1364 »
821 1326 919 1367 Non
952 1323 1069 1367 enim
1105 1323 1266 1383 poterit
1297 1322 1422 1367 labor

28 1393 158 1448 finiri,
180 1393 262 1436 nisi
288 1393 372 1437 hoc
399 1392 584 1453 quisque
607 1392 760 1452 diligat
777 1393 899 1454 quod
917 1394 1052 1438 invito
1074 1410 1164 1438 non
1188 1394 1321 1453 possit
1338 1409 1419 1437 au-

28 1463 146 1508 ferri.
161 1461 273 1509 Nam
289 1479 389 1508 cum
406 1479 455 1508 ea
473 1463 715 1522 diliguntur
731 1481 830 1525 quae
847 1481 1076 1524 possumus
1094 1474 1244 1509 contra
1257 1464 1419 1508 volun-

29 1542 162 1578 tatem
178 1534 391 1588 amittere,
407 1549 579 1578 necesse
593 1544 656 1578 est
668 1544 719 1579 ut
731 1550 810 1594 pro
822 1535 888 1578 his
900 1536 1138 1579 miserrime
1150 1535 1416 1587 laboremus,

28 1613 72 1648 et
88 1613 138 1649 ut
158 1605 253 1649 haec
276 1604 587 1665 adipiscamur,
608 1606 653 1648 in
670 1605 876 1664 angustiis
904 1615 1173 1649 terrenarum
1196 1621 1419 1649 aerumna-

28 1691 148 1730 rum,
173 1691 274 1720 cum
296 1676 379 1720 sibi
406 1676 591 1737 quisque
611 1675 683 1719 illa
707 1692 856 1736 rapere
879 1686 922 1720 et
949 1677 1188 1736 praevenire
1211 1676 1415 1732 alterum,

27 1757 104 1792 aut
119 1757 375 1808 extorquere
392 1747 514 1792 alteri
532 1748 668 1807 cupit,
692 1749 922 1808 injustitias
944 1748 1260 1792 machinemur.
1284 1751 1418 1792 Recte

27 1833 128 1876 ergo
150 1827 193 1862 et
214 1834 388 1878 prorsus
409 1833 460 1862 ex
483 1817 635 1863 ordine
656 1819 886 1879 parturivit
907 1819 1189 1879 injustitiam,
1214 1818 1289 1878 qui
1308 1834 1416 1863 con-

25 1889 140 1948 cepit
171 1888 383 1933 laborem.
413 1890 529 1933 Parit
557 1898 701 1933 autem
724 1889 856 1950 quid,
892 1890 973 1933 nisi
1006 1888 1126 1949 quod
1160 1889 1413 1948 parturivit,

24 1960 224 2020 quamvis
254 1975 344 2003 non
374 1960 458 2003 hoc
490 1960 742 2018 parturierit
778 1959 899 2019 quod
927 1960 1158 2018 concepit?
1179 1962 1277 2003 Non
1299 1961 1417 2003 enim

25 2033 109 2076 hoc
131 2032 322 2076 nascitur
344 2031 463 2092 quod
485 2032 757 2092 concipitur,
778 2032 853 2076 sed
875 2033 1120 2092 concipitur
1138 2047 1300 2087 semen,
1322 2048 1417 2076 nas-

24 2102 137 2146 citur
168 2101 290 2162 quod
326 2100 538 2146 formatur
566 2118 618 2146 ex
648 2104 825 2146 semine.
854 2103 998 2147 Labor
1028 2112 1092 2147 est
1113 2103 1246 2161 igitur
1267 2118 1415 2147 semen

24 2173 285 2233 iniquitatis,
301 2182 530 2232 peccatum
550 2182 696 2217 autem
711 2174 938 2232 conceptio
957 2173 1132 2227 laboris,
1150 2173 1196 2216 id
1209 2183 1287 2228 est,
1305 2172 1415 2217 illud

23 2245 213 2304 primum
236 2253 480 2304 peccatum,
507 2254 746 2304 apostatare
770 2262 792 2288 a
811 2246 941 2288 Deo4.
966 2244 1200 2288 Parturivit
1223 2260 1325 2303 ergo
1347 2245 1416 2288 in-

18 2315 230 2374 justitiam
245 2315 321 2374 qui
334 2315 532 2374 concepit
550 2314 761 2359 laborem.
783 2334 803 2356 «
820 2318 877 2359 Et
890 2315 1059 2374 peperit
1077 2314 1369 2374 iniquitatem.
1389 2333 1410 2356 »

27 2385 251 2445 Iniquitas‚
269 2386 353 2429 hoc
372 2395 456 2440 est,
473 2385 592 2445 quod
615 2386 823 2446 injustitia
842 2406 850 2430 :
872 2387 955 2430 hoc
978 2400 1079 2444 ergo
1100 2386 1270 2445 peperit
1291 2386 1413 2446 quod

22 2456 264 2515 parturivit.
292 2457 408 2509 Quid
429 2455 587 2500 deinde
610 2457 839 2517 sequitur?

73 2551 179 2583 ¹I‘sal.
200 2563 258 2593 vn,
281 2552 331 2585 15.
351 2569 393 2575 —
421 2559 434 2575 ²
452 2554 532 2584 Gen.
556 2564 607 2593 ιιι,
636 2563 686 2594 ¹7·
717 2569 757 2574 —-
780 2551 792 2574 3
807 2551 920 2584 Matth.
946 2563 998 2592 xi,
1023 2552 1065 2584 28
1083 2557 1116 2584 ot
1136 2553 1189 2584 30.
1215 2569 1257 2575 —-
1275 2551 1291 2582 4
1307 2552 1408 2584 Eccli.

26 2618 65 2647 x,
88 2607 139 2649 14.
