1833 3284
343 284 583 313 ENARRATio
617 289 648 313 11
681 289 725 314 IN
759 286 961 314 PsALMUM
996 286 1097 314 xxv.
1336 277 1420 314 323

35 350 194 394 minem
219 370 228 394 ε
253 368 273 392 «
298 349 565 405 Irascimini,
593 359 635 393 et
658 350 794 394 nolite
815 366 995 410 peccare
1018 371 1025 395 :
1054 350 1117 395 sol
1139 367 1229 395 non
1257 351 1426 396 occidat

35 438 56 462 »
74 435 204 479 super
219 418 488 464 iracundiam
498 429 684 464 vestram
703 440 710 464 :
726 436 869 481 neque
881 420 1026 465 locum
1041 419 1148 465 detis
1161 420 1337 466 diabolo
1348 424 1378 466 1.
1399 440 1420 465 η

34 493 170 535 Vetus
187 505 290 549 ergo
303 488 435 534 dabat
457 489 620 547 locum,
647 507 786 536 novus
808 507 898 536 non
916 490 1004 535 det.
1030 509 1049 534 «
1069 491 1154 545 Qui
1176 490 1422 549 furabatur,

37 561 170 622 »jam
197 576 287 606 non
319 560 507 606 furetur.
538 580 557 603 »
583 564 718 606 Vetus
751 577 853 620 ergo
885 561 1137 618 furabatur,
1168 578 1306 607 novus
1335 579 1426 609 non

37 650 58 674 »
83 628 296 676 fur'etur2.
317 650 337 674 »
362 634 459 692 Ipse
481 632 615 677 homo
634 643 719 688 est,
745 649 859 677 unus
876 634 1009 678 homo
1031 643 1095 678 est
1115 653 1124 678 ε
1148 632 1290 678 Adam
1315 644 1423 691 erat,

34 703 230 748 Christus
252 702 308 748 sit
332 722 342 748 ι
365 711 491 748 vetus
507 713 622 759 erat,
649 719 789 749 novus
817 705 893 762 sit3
916 714 960 750 et
981 714 1138 750 caetera
1153 721 1254 766 quae
1275 705 1339 749 ibi
1356 721 1426 750 se-

35 782 249 834 quuntur.

96 845 151 889 V.
169 842 255 889 Sed
271 842 493 889 Psalmum
515 843 739 889 videamus
760 844 892 906 paulo
909 844 1176 905 diligentius,
1201 847 1303 907 quia
1326 861 1429 891 cum

36 916 221 977 quisque
242 915 475 976 profecerit
495 916 541 960 in
563 916 776 973 Ecclesia,
803 933 975 962 necesse
997 927 1061 962 est
1082 918 1271 978 patiatur
1292 918 1428 964 malos

36 987 81 1031 in
98 987 307 1032 Ecclesia.
327 986 411 1033 Sed
427 1003 518 1032 non
535 1003 606 1032 eos
619 988 842 1048 cognoscit
857 988 934 1049 qui
950 987 1046 1032 talis
1064 997 1128 1033 est
1147 1004 1156 1030 t
1175 1005 1431 1050 quanquam

35 1057 163 1103 multi
187 1057 290 1101 mali
311 1067 587 1102 murmurent
610 1058 813 1103 adversus
831 1057 988 1115 malos,
1015 1058 1238 1119 quomodo
1260 1058 1430 1104 facilius

37 1145 151 1174 unus
165 1144 294 1173 sanus
312 1128 394 1173 fert
409 1128 518 1174 duos
534 1139 733 1188 aegrotos,
755 1145 889 1190 quam
905 1129 995 1175 duo
1012 1131 1164 1190 aegroti
1177 1146 1221 1175 se
1238 1131 1427 1176 invicem

37 1199 246 1259 singulos.
278 1203 433 1260 Itaque
456 1200 540 1245 hoc
568 1200 844 1260 praecipimus
861 1237 872 1257 ,
908 1199 1088 1245 fratres:
1116 1205 1229 1246 Area
1251 1211 1315 1246 est
1342 1205 1431 1246 Ec-

37 1271 164 1317 clesia
194 1271 324 1332 hujus
352 1271 558 1332 temporis
581 1288 590 1313 z
622 1288 735 1332 saepe
756 1272 968 1329 diximus,
1003 1289 1116 1334 saepe
1151 1273 1349 1318 dicimus.
1374 1276 1432 1318 Et

37 1345 205 1404 paleam
232 1341 366 1387 habet
398 1351 442 1387 et
464 1341 751 1388 frumentum.
786 1346 924 1389 Nemo
955 1354 1124 1405 quaerat
1150 1346 1264 1389 exire
1298 1355 1434 1391 totam

37 1414 231 1476 paleam,
268 1413 350 1459 nisi
387 1424 582 1476 tempore
613 1415 921 1461 ventilationis.
957 1420 1094 1463 Nemo
1132 1428 1232 1463 ante
1261 1427 1434 1479 tempus

38 1486 332 1532 ventilationis
354 1485 525 1532 deserat
546 1503 687 1532 aream
702 1524 713 1543 ,
734 1489 857 1549 quasi
875 1488 981 1533 dum
1002 1506 1091 1534 non
1105 1490 1201 1534 vult
1221 1492 1311 1551 pati
1328 1507 1431 1551 pec-

39 1567 204 1604 catores
229 1574 238 1599 :
259 1573 314 1601 ne
331 1567 490 1618 praeter
511 1573 655 1602 aream
676 1559 895 1615 inventus,
916 1560 1036 1620 prius
1056 1561 1110 1604 ab
1135 1560 1286 1606 avibus
1310 1562 1434 1607 colli-

0 1614 2 1729 ὧ
40 1637 182 1688 gatur,
219 1643 355 1689 quam
384 1628 656 1688 ingrediatur
683 1629 729 1673 in
760 1631 983 1675 horreum.
1021 1632 1254 1685 Quomodo
1288 1642 1435 1678 autem

0 1733 1 1746 2
37 1701 123 1746 hoc
142 1736 153 1756 ,
194 1698 374 1756 fratres,
416 1699 614 1745 dicamus
647 1701 873 1746 attendite.
909 1704 1052 1747 Grana
1085 1720 1187 1748 cum
1219 1705 1435 1765 coeperint

0 1751 4 1849 J
39 1772 250 1828 triturari,
269 1772 384 1817 inter
399 1771 543 1832 paleas
554 1774 644 1834 jam
661 1789 705 1817 se
728 1789 818 1818 non
834 1783 1047 1833 tangunt,
1066 1775 1124 1820 ita
1141 1777 1263 1836 quasi
1283 1792 1327 1821 se
1344 1792 1435 1822 non

40 1853 286 1899 noverunt,
319 1844 421 1904 quia
446 1844 680 1889 intercedit
710 1846 848 1906 palea.
876 1849 934 1891 Et
963 1847 1231 1909 quicumque
1258 1847 1434 1910 longius

41 1913 228 1959 attendit
250 1930 392 1959 aream
410 1950 420 1970 ,
444 1914 615 1975 paleam
635 1916 771 1960 solam
796 1926 923 1977 putat
952 1937 961 1963 :
986 1917 1068 1962 nisi
1089 1917 1341 1978 diligentius
1364 1921 1435 1965 in-

41 1993 232 2040 tueatur,
269 1984 352 2029 nisi
378 2000 559 2028 manum
595 1987 808 2045 porrigat,
834 1988 916 2031 nisi
945 1989 1097 2047 spiritu
1125 1990 1234 2046 oris,
1266 1992 1312 2036 id
1341 2001 1430 2048 est,

41 2055 151 2100 flatu
162 2064 378 2116 purgante
392 2054 624 2108 discernat,
646 2055 823 2101 difficile
840 2058 1038 2118 pervenit
1055 2058 1111 2103 ad
1128 2059 1434 2107 discretionem

43 2140 292 2185 granorum.
317 2128 435 2184 Ergo
457 2125 694 2185 aliquando
722 2135 766 2171 et
791 2127 882 2186 ipsa
911 2143 1043 2186 grana
1066 2129 1124 2173 ita
1146 2140 1248 2175 sunt
1263 2167 1274 2187 ,
1308 2134 1432 2193 quasi

43 2197 235 2257 sejuncta
253 2196 307 2239 ab
327 2195 515 2240 invicem
530 2231 541 2251 ,
567 2205 609 2240 et
630 2212 720 2241 non
743 2213 786 2241 se
810 2199 1028 2257 tangentia
1045 2235 1055 2254 ,
1081 2209 1132 2244 ut
1150 2210 1275 2260 putet
1296 2220 1434 2249 unus-

39 2263 357 2327 quisque'cum
383 2264 639 2325 profecerit,
669 2267 791 2327 quod
821 2268 936 2313 solus
958 2269 1026 2313 sit.
1055 2273 1161 2315 Haec
1193 2273 1400 2332 cogitatio
1418 2311 1431 2332 ,

44 2336 218 2394 fratres,
243 2336 384 2382 Eliam
406 2338 613 2394 tentavit,
634 2347 807 2383 tantum
827 2340 989 2395 virum,
1008 2349 1051 2384 et
1071 2341 1179 2386 dixit
1196 2343 1251 2387 ad
1273 2347 1429 2402 Deum,

43 2409 155 2454 sicut
170 2407 300 2452 etiam
318 2407 551 2469 Apostolus
573 2419 886 2454 commemorat
906 2429 914 2455 ε
942 2412 1214 2472 «Prophetas
1236 2423 1334 2460 tuos
1357 2433 1433 2462 oc-
1465 2465 1470 2469 ,

51 2499 70 2522 n
104 2478 326 2533 ciderunt,
348 2477 496 2522 altaria
516 2488 592 2523 tua
614 2480 905 2537 suffoderunt,
927 2490 970 2525 et
985 2497 1066 2542 ego
1087 2486 1272 2530 remansi
1295 2487 1428 2544 solus,

52 2569 72 2593 »
106 2559 150 2596 et
169 2559 376 2611 quaerunt
394 2549 587 2594 animam
611 2566 767 2596 meam.
795 2552 880 2598 Sed
910 2552 1019 2613 quid
1040 2552 1148 2599 dicit
1166 2554 1229 2600 illi
1252 2573 1433 2620 respon-

98 2640 106 2657 ¹
131 2633 246 2677 EpheS.
267 2644 316 2677 iv,
333 2632 391 2676 26,
409 2642 464 2676 27.
488 2651 530 2658 —
556 2641 569 2658 ²
587 2634 668 2667 Ibid.
689 2635 743 2668 28.

1233 2695 1298 2734 21.
