1833 3284
399 248 641 277 ENAnnAno
675 251 707 276 11
739 251 783 277 m
817 248 1022 277 PSALMUM
1055 251 1179 277 xxix.
1376 239 1459 277 365

75 315 282 358 confitear
301 313 402 369 tibi,
426 314 546 374 quod
563 313 673 358 nihil
690 314 796 359 mihi
819 330 961 359 exme
976 349 986 369 ,
1012 313 1085 360 sed
1104 314 1249 360 omnia
1270 314 1387 360 bona
1408 306 1460 359 ex

76 394 139 441 te,
160 386 295 446 quies
311 388 424 431 Deus
447 386 592 431 omnia
614 387 660 430 in
682 386 926 431 omnibus¹.

74 555 286 573 mmm

499 554 1065 571 mmmmmmmmm
1069 554 1206 570 mm
1211 556 1243 570 V!
1248 555 1347 571 §m
1350 556 1463 571 &wudu

524 666 921 718 ENARRATIO
957 672 1037 717 112.

385 828 435 865 1N
482 827 690 867 Emmrm
733 826 971 867 PsALMUM
1013 827 1154 865 xxm.

133 973 168 1015 Ι.
190 973 279 1014 Hoc
296 978 413 1014 certe
434 969 702 1014 cantavimus
726 987 734 1013 :
764 987 784 1010 «
804 967 1016 1012 Exaltabo
1038 976 1096 1021 tc,
1125 966 1323 1020 Domine,
1350 981 1464 1025 quo-

78 1060 99 1084 »
133 1041 249 1085 niam
263 1040 486 1101 suscepisti
508 1056 593 1095 me,
611 1055 691 1084 nec
708 1038 960 1100 jucundasti
979 1037 1176 1081 inimicos
1196 1052 1314 1080 meos
1337 1051 1466 1095 super

80 1130 101 1154 »
136 1112 249 1155 me3.
278 1131 298 1152 »
328 1112 371 1157 Si
393 1111 641 1156 noverimus
661 1110 716 1154 de
736 1109 966 1169 Scripturis
995 1107 1152 1152 sanctis
1169 1107 1245 1167 qui
1268 1107 1354 1150 sint
1380 1106 1466 1150 ini-

76 1183 177 1228 mici
198 1183 355 1238 nostri,
386 1183 687 1243 cognoscimus
705 1182 837 1242 hujus
859 1180 1028 1226 Cantici
1049 1179 1277 1234 veritatem
1296 1194 1307 1221 .·
1332 1178 1366 1222 si
1385 1193 1465 1221 au-

77 1263 166 1299 tem
186 1270 264 1299 nos
286 1252 409 1299 fallat
425 1254 564 1298 carnis
579 1252 812 1313 prudentia
830 1287 840 1307 ,
871 1261 922 1296 ut
944 1267 1034 1295 non
1056 1264 1368 1309 cognoscamus
1387 1248 1466 1293 ad-

76 1340 224 1371 versus
247 1340 357 1385 quos
385 1324 510 1369 nohis
539 1323 594 1369 sit
617 1322 912 1376 colluctatio4,
950 1322 995 1366 in
1027 1321 1120 1381 ipso
1148 1320 1307 1365 Psalmi
1338 1320 1468 1380 hujus

74 1395 250 1441 exordio
266 1395 513 1440 invenimus
535 1394 837 1456 quaestionem,
858 1408 989 1453 quam
1011 1391 1178 1436 solvere
1199 1407 1289 1435 non
1312 1406 1468 1450 possu-

76 1483 188 1512 mus.
213 1467 348 1527 Cujus
371 1466 487 1510 enim
513 1475 717 1526 putamus
737 1479 890 1509 vocem
909 1479 997 1508 esse
1022 1461 1240 1507 laudantis
1261 1465 1402 1505 Deum
1426 1470 1469 1506 et

78 1538 232 1597 gratias
250 1536 415 1596 agentis
430 1545 473 1581 et
492 1535 724 1580 exultantis
740 1544 871 1596 atque
888 1533 1069 1579 dicentis
1094 1552 1102 1578 :
1127 1552 1148 1575 «
1167 1532 1378 1577 Exastabo
1397 1542 1438 1576 te
1454 1567 1465 1588 ,

80 1626 101 1650 »
138 1608 336 1662 Domine,
353 1606 562 1667 quoniam
577 1606 799 1666 suscepisti
814 1621 897 1659 me,
919 1620 998 1648 nec
1005 1603 1259 1664 jucundasti
1271 1603 1468 1646 inimicos

82 1698 102 1721 »
137 1694 255 1723 meos
286 1693 416 1737 super
442 1679 542 1722 me?
566 1696 585 1718 »
614 1678 761 1722 Primo
787 1677 929 1736 ipsum
959 1675 1195 1720 Dominum
1220 1673 1467 1719 considere-

79 1765 197 1805 mus,
222 1749 298 1809 qui
320 1747 562 1803 secundum
583 1747 629 1791 id
650 1746 772 1808 quod
789 1747 922 1791 homo
938 1762 1028 1790 esse
1050 1745 1253 1806 dignatus
1276 1754 1361 1799 est,
1387 1759 1468 1804 po-

79 1821 164 1865 tuit
201 1819 284 1863 sibi
319 1834 398 1879 per
426 1817 748 1879 praecedentem
781 1817 1056 1877 prophetiam
1097 1832 1186 1860 non
1228 1816 1470 1875 incongrue

79 1891 212 1936 verba
227 1890 313 1952 ‘ista
341 1899 558 1949 coaptare.
587 1891 651 1933 Ex
672 1904 761 1948 quo
787 1887 902 1931 enim
922 1888 1077 1942 homo,
1099 1902 1150 1930 ex
1172 1887 1255 1931 hoc
1279 1896 1322 1930 ct
1348 1886 1469 1929 infir-

80 1977 176 2006 mus
199 1980 208 2005 :
232 1976 284 2004 ex
301 1976 390 2020 quo
411 1960 630 2015 infirmus,
656 1974 708 2002 ex
722 1959 807 2002 hoc
829 1967 873 2002 et
893 1973 1035 2002 orans.
1061 1960 1171 2002 Nam
1192 1956 1313 2017 quod
1338 1956 1471 2001 modo

81 2030 353 2086 audivimus,
390 2045 492 2074 cum
528 2027 816 2087 Evangelium
848 2027 1067 2072 leoeretur
1097 2026 1472 2087 quemadmodum

81 2102 212 2147 etiam
238 2102 284 2145 in
305 2100 526 2145 desertum
555 2099 773 2144 secesserit
799 2115 823 2143 a
854 2097 1085 2158 Discipulis
1113 2098 1226 2153 suis,
1256 2113 1344 2158 quo
1371 2112 1472 2141 eum

80 2181 183 2218 sunt
209 2171 454 2226 consecuti,
480 2179 523 2215 et
548 2171 810 2215 invenerunt
836 2183 937 2213 eum
963 2187 971 2213 :
1001 2167 1205 2212 secedens
1232 2177 1375 2212 autem
1412 2167 1474 2211 ibi

82 2244 258 2299 orabat,
284 2251 328 2286 et
349 2241 517 2286 dictum
545 2250 609 2285 est
638 2257 662 2284 a
684 2237 911 2299 Discipulis
943 2239 1019 2299 qui
1048 2254 1148 2282 eum
1170 2238 1434 2282 invenerunt
1461 2256 1470 2282 z

86 2335 107 2358 «
141 2318 357 2368 Quaerunt
387 2321 428 2357 te
454 2312 652 2357 homines
677 2327 686 2352 ε
711 2314 767 2355 At
789 2309 863 2354 ille
885 2309 1110 2370 respondit
1137 2329 1145 2353 z
1171 2312 1333 2353 Eamus
1356 2318 1398 2353 et
1429 2309 1474 2353 in

87 2405 108 2429 »
143 2386 227 2431 alia
241 2386 339 2431 loca
359 2394 492 2446 atque
511 2382 685 2429 castella
701 2381 938 2444 praedicare
956 2396 965 2422 t
982 2379 1134 2425 adhoc
1157 2380 1273 2424 enim
1295 2379 1434 2424 veni⁵.
1451 2398 1470 2420 n

88 2457 132 2504 Si
152 2456 434 2502 Divinitatem
454 2454 629 2500 Domini
643 2454 780 2498 nostri
802 2447 825 2497 J
830 2468 905 2497 esu
921 2451 1080 2497 Christi
1099 2450 1358 2506 consideres,
1379 2451 1476 2510 quis

136 2562 145 2579 ¹
173 2566 186 2588 1
211 2558 286 2589 Cor.
303 2565 360 2595 xv,
378 2553 434 2586 28.
453 2570 496 2575 —
516 2559 529 2575 ²
548 2553 660 2584 Sermo
673 2551 714 2584 ad
730 2549 895 2594 populum.
918 2566 959 2572 -
981 2547 1089 2581 3-Psal.
1112 2559 1199 2591 xxix,
1224 2559 1253 2581 1.
1268 2564 1308 2570 —-
1323 2545 1339 2576 4
1358 2546 1474 2589 Ephes-

87 2623 134 2656 v1,
155 2621 206 2646 12.
224 2628 266 2635 ——
284 2608 300 2635 5
314 2612 410 2643 Marc.
439 2621 463 2651 1,
486 2606 593 2641 35-38.
