1833 3284
413 249 654 279 ENARRA'no
687 253 732 279 IN
765 251 967 280 PsALMUM
1001 253 1077 279 vn.
1348 240 1430 279 183

48 316 238 377 quirum,
270 319 403 371 Vere,
429 316 639 371 Domine,
665 317 807 377 justus
835 332 903 372 es,
934 314 1111 376 quando
1143 324 1187 359 et
1201 317 1341 376 justos
1371 315 1431 360 sio

47 386 236 446 protegis
251 421 262 442 ,
283 395 335 430 ut
349 390 427 446 per
444 395 487 430 te
509 386 652 446 ipsum
678 402 750 432 eos
771 386 1016 437 illumines;
1037 395 1080 430 et
1100 395 1347 446 peccatores
1372 385 1432 431 sic

47 455 243 512 ordinas‚
279 466 330 501 ut
371 470 465 501 non·
501 466 598 512 tua,
635 457 711 502 sed
739 473 816 502 sua
855 456 1019 501 malitia
1050 457 1305 516 puniantur.
1346 458 1432 501 Ista

47 526 260 573 confessio
274 530 335 572 ita
354 528 593 573 Dominum
610 527 763 573 laudat
777 564 788 584 ,
813 537 864 573 ut
880 527 990 573 nihil
1010 528 1178 588 possint
1197 527 1433 587 impiorum

47 591 190 644 valere
221 597 524 661 blasphemiae,
549 598 627 658 qui
659 598 853 644 volentes
880 613 1083 644 excusare
1107 597 1303 643 facinora
1327 609 1431 654 sua,

47 667 207 713 nolunt
221 674 312 713 su‘ae
327 667 470 728 culpae
492 668 684 713 tribuere
701 669 822 730 quod
837 677 1044 730 peceant,
1067 669 1150 714 hoc
1172 677 1251 725 est,
1276 667 1437 713 nolunt

47 754 137 784 suae
157 737 300 799 culpae
321 739 513 784 tribuere
540 739 715 799 culpam
737 755 873 785 suam.
907 741 1060 800 Itaque
1089 748 1165 784 aut
1186 737 1433 794 fortunam,

48 818 124 855 aut
150 809 290 855 fatum
318 809 547 855 inveniunt
574 809 694 870 quod
723 819 953 868 accusent3
986 819 1061 854 aut
1084 808 1332 866 diabolum,
1364 809 1436 854 cui

47 890 139 926 non
157 881 399 926 consentire
425 881 471 925 in
491 886 704 942 potestate
726 890 872 926 nostra
894 896 984 925 esse
1006 880 1147 925 voluit
1168 880 1244 941 qui
1265 895 1343 925 nos
1371 875 1438 924 fe-

47 952 132 997 cit:
158 958 234 996 ant
259 950 388 996 {iliam
413 960 617 996 naturam
647 951 890 1008 inducunt,
919 967 1019 1012 quae
1040 967 1130 996 non
1157 952 1212 995 sit
1244 966 1295 995 ex
1315 954 1406 996 Deo
1421 985 1433 1005 ,

46 1022 309 1068 fluctuantes
339 1022 510 1078 miseri,
548 1031 592 1067 et
618 1030 809 1067 errantes
841 1022 986 1083 potius
1014 1037 1148 1084 quam
1178 1022 1436 1067 confitentes

46 1096 164 1150 Deo,
189 1101 240 1139 ut
259 1093 319 1138 eis
343 1094 553 1153 ignoscat.
573 1095 672 1140 Non
694 1094 810 1138 enim
844 1102 1017 1154 oportet
1040 1093 1230 1152 ignosci,
1255 1093 1337 1137 nisi
1365 1090 1437 1137 di-

47 1165 185 1221 centi,
211 1164 404 1209 Peccavi.
431 1164 516 1218 Qui
533 1179 636 1224 ergo
665 1163 783 1208 videt
800 1165 953 1209 merita
972 1164 1217 1209 animarum
1238 1163 1298 1208 sic
1318 1162 1438 1208 ordi-

48 1236 140 1280 nari
163 1251 187 1279 a
214 1237 306 1279 Deo
323 1270 334 1290 ‚
361 1243 410 1279 ut
433 1234 539 1279 dum
567 1249 643 1279 sua
672 1234 831 1295 cuique
853 1234 1127 1291 tribuuntur,
1153 1232 1439 1295 pulchritudo

49 1305 339 1351 universitatis
369 1305 491 1350 nulla
523 1321 574 1350 ex
607 1315 730 1366 parte
751 1305 956 1361 violetur,
990 1306 1036 1350 in
1064 1306 1268 1351 omnibus
1289 1303 1441 1349 laudat

48 1379 189 1421 Deum
210 1395 219 1421 ε
250 1385 293 1421 et
314 1377 392 1421 ista
409 1385 473 1421 est
495 1391 585 1420 non
605 1385 885 1436 peccatorum
903 1413 913 1432 ‚
939 1377 1013 1422 sed
1029 1379 1249 1438 justorum
1266 1375 1439 1422 confes-

48 1447 126 1492 sio.
157 1448 257 1493 Non
284 1448 398 1491 enim
435 1456 714 1506 peccatorum
737 1447 949 1492 confessio
972 1457 1059 1502 est,
1090 1447 1198 1492 dum
1220 1446 1327 1492 dicit
1348 1450 1439 1492 Do-

48 1518 193 1562 minus
211 1537 220 1562 :
250 1536 271 1559 «
289 1517 512 1563 Confiteor
532 1515 635 1573 tibi,
661 1517 844 1562 Domine
861 1517 962 1562 coeli
984 1527 1027 1562 et
1048 1527 1190 1573 terrae,
1216 1518 1319 1579 quia
1342 1518 1439 1562 abs-

52 1603 74 1632 »·
107 1588 295 1634 condisti
316 1589 410 1633 haec
438 1604 461 1633 a
484 1589 750 1649 sapientibus
767 1626 777 1645 ,
806 1599 848 1634 et
870 1589 1069 1634 revelasti
1091 1606 1140 1635 ea
1162 1589 1395 1650 parvulis¹.
1417 1608 1435 1631 »

49 1663 160 1705 Item
191 1661 238 1705 in
273 1659 573 1704 Ecclesiastico
601 1659 761 1705 dieitur
787 1680 795 1705 ι
828 1681 846 1703 «
879 1661 1158 1706 Confitemini
1189 1661 1375 1706 Domino
1395 1661 1441 1705 in

52 1749 74 1773 »
109 1730 310 1777 omnibus
332 1729 535 1791 operibus
558 1732 663 1791 ejus.
694 1734 751 1775 Et
772 1732 866 1776 haec
895 1731 1046 1776 dicetis
1067 1732 1112 1776 in
1139 1730 1410 1777 confessione
1426 1767 1438 1786 ,

52 1820 75 1846 »
110 1818 240 1863 opera
259 1803 434 1856 Domini
462 1802 664 1848 universa
690 1803 898 1864 quoniam
924 1804 1040 1848 bona
1061 1803 1237 1848 valde2.
1267 1822 1287 1845 »
1313 1801 1444 1857 Quod

51 1874 99 1919 in
117 1874 200 1919 isto
221 1873 392 1919 Psalmo
413 1872 597 1932 intelligi
617 1884 785 1934 potest,
801 1875 834 1918 si
855 1875 1039 1935 quisque
1061 1875 1132 1935 pia
1152 1884 1300 1919 mente
1318 1910 1327 1930 ‚
1356 1878 1443 1919 Do-

51 1945 172 1989 mino
191 1944 445 2005 adjuvante,
464 1943 703 2004 distinguat
723 1945 836 1989 inter
844 1947 1063 2005 justorum
1085 1946 1264 2005 praemia
1281 1955 1324 1989 et
1345 1961 1444 2005 sup·

52 2014 182 2075 plicia
213 2021 513 2074 peccatorum,
545 2015 919 2074 quemadmodum
951 2016 1016 2059 his
1045 2015 1216 2060 duobus
1244 2016 1443 2060 universa

53 2094 267 2141 creatura,
288 2100 420 2145 quam
439 2087 554 2129 Deus
569 2100 592 2128 a
610 2100 653 2129 se
669 2084 890 2130 conditam
906 2087 1032 2145 regit,
1048 2086 1226 2130 mirifica
1240 2095 1282 2130 et
1297 2087 1445 2146 paucis

55 2156 227 2214 cognita
251 2155 579 2215 pulchritudine
603 2155 848 2200 decoratur.
871 2159 936 2201 Ita
961 2172 1062 2216 ergo
1086 2157 1143 2200 ait
1170 2176 1178 2200 2
1209 2176 1228 2198 «
1252 2157 1447 2201 Confite-

58 2245 79 2269 »
112 2227 194 2270 bor
213 2226 401 2271 Domino
421 2226 658 2272 secundum
673 2227 886 2287 justitiam
905 2228 1016 2288 ejus⁷
1043 2237 1256 2288 tanquam
1276 2226 1349 2271 ille
1371 2229 1446 2288 qui

55 2297 215 2343 viderit
234 2313 324 2341 non
353 2295 486 2342 factas
508 2297 707 2342 tenebras
742 2314 765 2341 a
788 2301 900 2353 Deo,
928 2298 1003 2342 sed
1026 2297 1243 2342 ordinatas
1278 2308 1441 2342 tamen.

57 2371 172 2412 Deus
187 2368 301 2411 enim
314 2367 421 2412 dixit
440 2388 448 2412 z
476 2386 496 2410 «
516 2368 612 2412 Fiat
624 2368 719 2424 lux,
741 2377 784 2412 et
806 2368 918 2412 facta
941 2377 1004 2412 est
1020 2367 1135 2412 lux3.
1155 2386 1174 2409 »
1195 2371 1293 2412 Non
1311 2367 1417 2412 dixit
1435 2388 1450 2424 :⁴

66 2457 86 2480 «
120 2438 249 2482 Fiant
264 2438 478 2492 tenebrae,
503 2447 547 2485 et
565 2438 690 2482 factae
712 2448 814 2482 sunt
836 2439 1044 2483 tenebrae.
1065 2457 1084 2479 »
1111 2448 1154 2483 et
1175 2449 1323 2483 tamen
1337 2439 1448 2498 ipsas

62 2507 291 2553 ordinavit.
317 2511 375 2552 Et
394 2508 493 2552 ideo
511 2508 669 2552 dicitur
690 2528 698 2552 :
732 2528 751 2550 «
781 2509 930 2554 Divisit
952 2512 1064 2553 Deus
1091 2510 1206 2553 inter
1231 2509 1375 2554 lucem
1404 2519 1447 2553 et

113 2600 121 2616 ¹
141 2593 252 2625 Matth.
280 2604 324 2634 xi,
344 2592 396 2624 25.
419 2611 460 2614 —
477 2600 488 2614 ²
512 2593 608 2625 Eccli.
631 2604 742 2635 xxxix,
766 2603 883 2636 19-21.
906 2612 946 2616 —
970 2593 982 2617 3
1002 2597 1081 2626 Gen.
1104 2607 1128 2635 1,
1151 2595 1180 2626 3.
