1833 3284
356 233 438 273 174
769 245 802 272 s.
840 243 1071 272 Auens-nm
1103 245 1284 273 EPISCOPI

354 310 439 354 alio
458 309 628 353 Psalmo
646 327 655 353 :
672 327 692 351 ι(
712 310 778 353 Tu
789 308 1297 354 illuminabislucernam
1316 322 1474 363 meam,
1490 307 1737 352 Domine1.»

352 384 410 425 Et
447 380 503 424 de
533 382 702 423 Joanne
729 379 915 435 dicitur,
940 398 958 420 «
987 380 1099 433 Quia
1121 395 1211 424 non
1243 389 1336 424 erat
1360 379 1434 423 ille
1461 377 1633 431 lumen,
1668 376 1746 421 sed

357 470 377 492 »
403 450 700 494 testimonium
724 451 987 510 perhibebat
1018 450 1073 494 de
1098 450 1304 495 lumine2.
1340 449 1419 493 llle
1448 458 1541 493 erat
1567 447 1747 493 lucerna

355 537 378 561 »
416 520 571 564 ardens
601 530 645 564 et
678 520 873 565 lucens3.
910 539 930 561 n
967 523 1137 565 Lumen
1174 515 1274 579 ergo
1303 517 1415 564 illud
1445 518 1563 563 unde
1594 517 1749 562 animae

356 599 568 652 tanquam
589 590 781 635 lucernae
811 590 1137 647 accenduntnr,
1161 607 1251 636 non
1278 590 1419 636 alieno
1435 625 1447 647 ,
1471 589 1549 634 sed
1574 587 1752 649 proprio

357 661 589 723 splendore
604 660 850 722 praesulget,
866 662 988 723 quod
999 673 1063 708 est
1074 664 1164 723 ipsa
1177 664 1352 708 veritas.
1374 666 1439 707 Ita
1454 677 1556 720 ergo
1574 661 1750 715 dicitur,

361 753 384 777 «
411 732 663 779 Secundum
679 734 893 793 justitiam
917 750 1059 778 meam
1075 770 1086 790 ,
1117 744 1161 778 et
1181 733 1424 779 secundum
1454 731 1754 777 innocentiam

361 822 382 846 »
409 820 551 848 meam
568 820 698 864 super
719 819 788 848 me
804 840 815 860 ,
842 823 862 846 ³>
882 814 1091 865 tanquam
1115 805 1148 849 si
1165 805 1343 850 lucerna
1366 803 1521 849 ardens
1539 812 1582 847 et
1603 802 1755 846 lucens

360 874 527 920 diceret
551 895 559 919 :
592 895 613 918 «
634 879 658 920 J
664 874 791 920 udica
814 892 885 920 me
907 876 1150 921 secundum
1168 877 1388 920 flammam
1411 891 1510 936 quae
1537 889 1665 934 super
1685 886 1757 916 me

361 958 440 997 est,
459 948 505 992 id
522 958 602 1003 est,
622 964 713 993 non
736 965 823 1009 qua
845 964 940 992 sum
955 964 1050 1007 ego,
1067 948 1142 994 sed
1159 965 1244 1010 qua
1262 949 1412 1007 fulgeo
1427 962 1606 992 accensa
1622 945 1678 990 (le
1694 953 1753 988 te.

423 1023 499 1064 IV.
522 1039 542 1062 «
558 1022 900 1065 Consummetur
918 1031 1065 1066 autem
1084 1021 1278 1082 nequitia
1293 1029 1574 1080 peccatorum
1587 1019 1619 1062 4.
1637 1019 1758 1062 Con-

367 1109 388 1132 »
416 1101 704 1146 summetur,»
717 1091 877 1151 inquit,
892 1092 1157 1151 perficiatur,
1174 1090 1417 1136 secundum
1436 1088 1548 1134 illud
1563 1085 1683 1148 quod
1697 1094 1761 1130 est

365 1161 412 1205 in
433 1161 720 1222 Apocalypsi,
749 1182 769 1204 «
792 1164 815 1205 J
822 1172 942 1207 ustus
959 1163 1116 1223 justior
1138 1163 1234 1218 fiat,
1261 1171 1305 1206 et
1325 1161 1526 1207 sordidus
1543 1157 1763 1205 sordescat

368 1251 390 1274 »
417 1232 604 1278 adhue⁵.
625 1252 644 1274 »
663 1233 848 1278 Videtur
864 1235 979 1278 enim
999 1244 1297 1279 consummata
1319 1233 1513 1293 nequitia
1531 1230 1763 1276 hominum

367 1305 444 1364 qui
474 1305 784 1349 crucifixerunt
808 1305 969 1349 Filium
997 1307 1075 1351 Dei
1101 1325 1109 1350 :
1136 1305 1211 1350 sed
1234 1320 1386 1350 eorum
1416 1304 1553 1364 major
1576 1311 1660 1357 est,
1687 1299 1764 1361 qui

366 1373 527 1419 nolunt
558 1385 674 1419 recte
704 1376 873 1431 vivere,
905 1386 945 1420 et
975 1377 1165 1421 oderunt
1193 1384 1410 1436 praecepta
1443 1373 1659 1428 veritatis,
1684 1385 1765 1432 pro

367 1446 528 1506 quibus
555 1447 783 1491 crucifixus
807 1457 871 1492 est
895 1447 1030 1491 Filius
1054 1448 1145 1493 Dei.
1178 1450 1519 1492 Consummetur
1547 1460 1670 1503 ergo,
1696 1444 1767 1499 in-

372 1535 391 1559 »
417 1518 529 1577 quit,
551 1519 744 1578 nequitia
764 1528 1068 1578 peccatorum,
1095 1518 1142 1563 id
1163 1528 1249 1574 est,
1275 1518 1556 1579 perveniatur
1575 1516 1631 1562 ad
1651 1531 1766 1561 sum-

367 1604 485 1633 mam
511 1590 775 1650 nequitiam,
808 1600 858 1635 ut
878 1592 1014 1651 possit
1041 1592 1209 1652 justum
1233 1592 1323 1652 jam
1355 1590 1504 1634 venire
1529 1588 1762 1650 judicium.

374 1659 460 1705 Sed
476 1662 686 1720 quoniam
705 1678 796 1706 non
819 1662 960 1707 solum
982 1661 1151 1707 dictum
1174 1672 1258 1707 cst:
1285 1661 1530 1708 «Sordidus
1551 1661 1770 1706 sordescat

350 1749 394 1773 ⁴»
421 1730 588 1790 adhuc3
611 1751 630 1774 >›
661 1732 737 1777 sed
757 1734 887 1777 etiam
916 1733 1084 1779 dictum
1103 1744 1188 1787 est,
1214 1755 1233 1776 «
1254 1737 1406 1779 Justus
1427 1733 1585 1794 justior
1606 1733 1682 1777 fiat
1709 1752 1716 1777 :
1742 1750 1763 1773 »

371 1803 567 1847 annectit
588 1813 632 1847 et
652 1803 783 1856 dicit,
810 1824 830 1846 «
855 1808 911 1849 Et
933 1804 1092 1864 diriges
1117 1806 1314 1865 justum,
1348 1813 1544 1848 scrutans
1571 1803 1703 1848 corda
1725 1811 1769 1846 et

374 1891 395 1914 »
421 1889 545 1917 renes
559 1877 674 1918 Deus
688 1876 719 1919 ⁶.
735 1893 755 1915 n
771 1875 1004 1928 Quomodo
1027 1891 1129 1935 ergo
1145 1877 1288 1936 justus
1306 1875 1432 1933 dirigi
1448 1884 1608 1934 potest,
1620 1874 1702 1919 nisi
1722 1873 1770 1918 in

372 1944 568 2001 occulto,
592 1944 770 2005 quando
788 1946 917 1990 etiam
934 1961 1012 2006 per
1024 1945 1099 1990 illa
1117 1963 1217 2006 quse
1231 1946 1356 1990 initio
1369 1955 1619 2005 temporum
1632 1945 1771 1989 chris-

374 2017 612 2071 tianorum,
634 2032 736 2061 cum
759 2015 904 2062 adhuc
920 2019 1222 2077 persecutione
1245 2017 1516 2062 saecularium
1537 2017 1769 2061 hominum

373 2088 510 2131 sancti
527 2097 846 2147 premerentur,
867 2089 1064 2133 miranda
1081 2088 1345 2132 videbantur
1361 2088 1630 2141 hominibus,
1651 2102 1771 2131 nunc

372 2167 607 2218 postquam
624 2158 669 2201 in
688 2167 809 2203 tanto
825 2157 1016 2202 culmine
1028 2173 1189 2203 nomen
1205 2158 1342 2218 coepit
1362 2174 1452 2202 esse
1468 2158 1768 2212 christianum,

373 2229 512 2273 crevit
533 2229 796 2288 hypocrisis,
826 2228 871 2273 id
886 2238 964 2284 est,
985 2229 1220 2284 simulatio,
1241 2245 1392 2274 eorum
1406 2228 1570 2274 scilicet
1590 2229 1666 2289 qui
1688 2244 1772 2273 no-

376 2300 494 2344 mine
534 2301 769 2345 christiano
799 2300 972 2344 malunt
1004 2301 1256 2345 hominibus
1290 2299 1461 2361 placere
1491 2315 1624 2360 quam
1652 2300 1772 2345 Deo?

375 2371 611 2425 Quomodo
629 2387 730 2431 ergo
751 2370 957 2432 dirigitur
972 2373 1115 2433 justus
1135 2372 1182 2416 in
1204 2381 1326 2417 tanta
1351 2372 1608 2417 confusione
1635 2372 1771 2416 simu-

377 2441 576 2498 lationis,
601 2444 683 2489 nisi
706 2443 812 2488 dum
838 2453 1055 2488 scrutatur
1077 2443 1207 2488 corda
1236 2453 1280 2488 et
1304 2459 1426 2488 renes
1454 2446 1589 2499 Deus,
1619 2441 1773 2487 videns

425 2546 434 2563 ¹
454 2540 534 2573 Psal.
564 2551 643 2582 xvn,
662 2549 717 2584 29.
743 2558 785 2564 —
815 2548 828 2564 2
847 2543 987 2584 Joan.1,
1012 2543 1045 2575 8.
1063 2559 1105 2565 —
1121 2539 1134 2565 3
1156 2541 1204 2574 Id.
1225 2553 1262 2584 V,
1287 2541 1340 2575 35.
1371 2558 1414 2566 --
1436 2539 1455 2572 4
1472 2541 1554 2576 Psal.
1569 2553 1639 2585 vu,
1657 2553 1707 2575 10.
1729 2557 1770 2564 —-·
1818 2529 1821 2560 ἶ

379 2595 394 2620 5
418 2599 519 2640 Apoc.
538 2608 618 2639 xxn,
639 2609 690 2631 11.
713 2613 755 2622 -
777 2595 792 2621 6
810 2599 888 2631 Psal.
909 2610 966 2640 vu,
988 2609 1040 2632 10.
