1833 3284
389 202 472 240 420
810 212 842 239 s.
881 213 1107 240 Atcos‘rmi
1145 214 1322 240 Erlscom

447 282 500 321 11.
538 297 556 319 «
584 281 699 322 Erue
728 293 796 321 me
818 277 872 321 dc
904 278 1103 321 manibus
1138 278 1415 323 inimicorum
1438 293 1658 333 meorum,
1685 288 1726 322 et
1751 295 1772 322 a

387 368 406 388 n
446 349 807 409 persequentibus
831 358 871 392 te
887 351 916 392 ¹.
943 367 962 389 n
986 349 1186 393 Dicamus
1208 350 1309 403 hoc,
1331 359 1373 393 ct
1398 349 1696 409 unusquisque
1719 348 1772 392 de

384 420 569 464 inimicis
599 420 684 464 suis
716 419 830 464 dieat
853 421 951 464 hoc.
979 424 1148 464 Bonum
1179 430 1242 464 est
1263 421 1399 474 enim,
1426 431 1468 464 et
1490 437 1612 464 orare
1635 420 1771 464 debe-

383 507 478 536 mus
501 501 551 536 ut
574 507 651 536 nos
683 495 796 535 Deus
826 501 949 535 emat
982 491 1036 535 de
1069 492 1269 536 manibus
1303 493 1575 536 inimicorum
1598 503 1770 536 nostro-

382 577 494 605 rum.
526 561 609 605 Sed
634 561 904 620 intelligendi
927 571 1028 605 sunt
1050 561 1235 614 inimici,
1263 578 1340 622 pro
1362 562 1523 622 quibus
1555 562 1770 606 orandum

378 634 446 688 sit,
471 643 514 676 et
536 642 685 677 eontra
710 648 819 693 quos
842 631 1057 677 oramlum
1080 634 1146 676 sit.
1174 633 1342 677 Inimici
1366 633 1577 687 homines,
1598 632 1772 692 quales-

378 720 570 764 cumque
602 703 787 758 fuerint,
821 720 910 748 non
941 713 1043 747 sunt
1074 702 1175 748 odio
1208 703 1426 761 habendi,
1461 719 1515 747 ne
1545 719 1646 747 eum
1678 702 1771 747 odit

378 774 518 819 malus
545 791 675 835 quem
709 775 871 834 patitur
891 774 1070 829 malum,
1092 775 1175 818 sint
1198 773 1286 818 duo
1308 773 1424 817 mali.
1451 774 1605 832 Diligat
1626 772 1769 819 honus

378 856 420 891 et
443 862 574 907 quem
593 847 758 906 patitur
779 845 940 890 malum
954 881 964 900 ,
986 855 1035 889 ut
1056 844 1126 890 vel
1146 861 1258 889 unus
1276 845 1329 889 sit
1347 845 1500 889 malus.
1523 845 1590 888 llli
1608 845 1770 889 inimici

376 928 478 964 sunt
506 928 657 963 contra
687 934 796 979 quos
824 917 1038 963 orandum
1069 927 1154 972 est,
1181 916 1380 962 diabolus
1411 927 1453 962 et
1485 917 1624 975 angeli
1647 918 1764 978 ejus:

375 990 456 1050 ipsi
487 989 614 1034 nobis
645 989 844 1034 invident
867 1005 1048 1048 regnum
1082 988 1316 1043 coelorum,
1343 989 1423 1049 ipsi
1446 988 1603 1033 nolunt
1627 998 1671 1032 ut
1700 1006 1766 1032 as-

374 1061 611 1106 cendamus
635 1059 752 1104 unde
774 1060 837 1104 illi
860 1059 1014 1120 dejecti
1037 1069 1138 1104 sunt
1159 1080 1167 1105 ι
1193 1060 1249 1103 ab
1273 1060 1337 1104 his
1361 1075 1533 1104 oremus
1556 1060 1648 1103 erui
1670 1059 1765 1103 ani—

372 1147 488 1177 mam
526 1142 733 1176 nostram.
768 1134 876 1176 Nam
913 1141 956 1174 et
987 1131 1165 1190 quando
1198 1130 1426 1175 adversum
1457 1146 1534 1174 nos
1571 1131 1767 1174 homines

373 1204 634 1258 incitantur,
659 1218 757 1246 vasa
781 1202 974 1261 ipsorum
1002 1202 1127 1245 fiunt.
1153 1202 1340 1246 Proinde
1365 1200 1524 1246 Paulus
1546 1201 1765 1262 apostolus

371 1273 612 1319 admonens
631 1290 708 1317 nos
731 1289 863 1333 quam
882 1273 998 1317 cauti
1017 1289 1106 1317 esse
1125 1282 1273 1317 eontra
1293 1273 1488 1317 inimicos
1507 1273 1760 1328 debeamus,

373 1348 432 1392 ait
455 1347 584 1392 servis
610 1346 684 1390 Dei
716 1346 791 1406 qui
815 1344 1118 1389 tribulationes
1148 1345 1448 1404 patiebantur,
1476 1346 1627 1406 utique
1651 1345 1764 1389 sedi-

373 1418 580 1472 tionibus,
601 1416 974 1476 improbitatibus,
1003 1416 1237 1460 inimicitiis
1262 1416 1489 1460 hominum
1509 1436 1517 1460 :
1543 1435 1562 1458 «
1581 1419 1677 1462 Non
1700 1425 1764 1461 est

373 1509 393 1532 »
429 1490 550 1535 vobis
569 1488 821 1534 colluctatio
845 1488 1050 1532 adversus
1072 1503 1247 1532 carnem
1270 1496 1311 1531 et
1329 1488 1599 1546 sanguinem,
1618 1487 1664 1532 id
1678 1497 1757 1544 est,

370 1581 390 1603 »
427 1559 746 1605 non-adversus
768 1558 981 1613 homines,
1003 1558 1079 1602 sed
1101 1558 1305 1602 adversus
1323 1558 1538 1618 principes
1556 1568 1599 1602 et
1621 1568 1761 1618 potes-

371 1651 392 1672 »
430 1641 537 1675 tates
555 1641 599 1675 et
617 1640 803 1675 rectores
822 1630 1017 1673 mundi&
1038 1648 1057 1669 n
1077 1631 1212 1690 Cujus
1232 1628 1414 1673 mundi?
1431 1629 1532 1674 coeli
1547 1639 1590 1673 et
1610 1632 1760 1674 terrae?

368 1702 494 1746 absit.
516 1703 656 1761 Hujus
679 1700 832 1744 mundi
856 1709 996 1744 rector
1019 1716 1108 1744 non
1132 1709 1195 1744 est
1213 1700 1294 1743 nisi
1312 1702 1504 1745 Creator.
1525 1699 1609 1745 Sed
1627 1717 1757 1761 quem

365 1773 472 1817 dicit
501 1773 751 1816 mundum?
774 1775 999 1815 Amatores
1034 1771 1204 1815 mundi.
1232 1772 1428 1832 Denique
1451 1772 1594 1827 addit,
1621 1782 1664 1817 ct
1685 1790 1757 1816 ex-

363 1844 504 1904 ponit.
522 1843 652 1897 Quod
675 1842 771 1887 dico
794 1842 964 1897 mundi,
981 1863 1000 1884 «
1015 1837 1311 1887 'l'enebrarum
1334 1844 1503 1887 harum.
1523 1864 1540 1885 »
1559 1847 1755 1898 Quarum

362 1915 516 1976 utique
540 1915 842 1968 tenebrarum,
864 1914 943 1957 nisi
962 1913 1204 1958 infidelium
1225 1924 1268 1958 et
1289 1915 1552 1975 impiorum?
1574 1919 1681 1961 Nam
1705 1931 1754 1960 ex

361 1986 506 2046 impiis
529 1995 572 2029 et
597 1984 848 2029 infidelibus
871 2000 971 2028 cum
995 1995 1137 2028 essent
1158 1983 1259 2029 facti
1281 1985 1339 2045 pii
1358 1995 1401 2030 ct
1418 1985 1581 2041 fideles,
1602 1987 1660 2031 sic
1683 2002 1754 2031 eos

360 2056 600 2118 alloquitur
630 2056 744 2099 idem
775 2055 1034 2115 Apostolus,
1066 2076 1084 2097 «
1112 2056 1270 2100 Fuistis
1293 2057 1407 2100 enim
1432 2055 1669 2117 aliquando
1690 2067 1754 2111 te-

363 2146 384 2169 »
420 2128 592 2183 nebrae,
614 2143 732 2171 nune
763 2136 907 2170 autem
930 2126 1004 2170 lux
1026 2126 1069 2170 111
1090 2126 1290 2171 Ι)ο1111110.
1317 2126 1534 2171 Adversus
1555 2128 1754 2187 spiritua-

361 2217 382 2241 »
417 2198 472 2242 lia
486 2234 497 2250 ‚
518 2198 676 2258 inquit,
698 2198 903 2258 nequitiae
930 2198 973 2241 111
992 2197 1259 2252 coelestibus,
1278 2197 1505 2242 adversum
1524 2198 1748 2244 diabolum

357 2289 379 2312 »
415 2279 459 2313 et
480 2271 570 2330 ejus
589 2268 764 2328 angelos
781 2268 1017 2312 dimicatis3
1037 2288 1045 2312 ε
1071 2287 1089 2309 »
1113 2269 1254 2313 hostes
1278 2278 1441 2313 vestros
1465 2286 1553 2314 non
1576 2270 1746 2324 videtis,

355 2350 400 2386 et
420 2341 606 2385 vincitis.
639 2359 658 2381 «
685 2343 801 2384 Erue
825 2355 892 2383 me
915 2339 969 2382 de
991 2338 1193 2383 manibus
1224 2340 1498 2385 inimicorum
1523 2357 1719 2386 meorum
1734 2377 1744 2397 ,

358 2431 378 2453 »
415 2420 458 2455 et
480 2427 502 2454 a
526 2410 889 2470 persequentibus
912 2425 994 2453 me.
1025 2428 1043 2450 n
1529 2411 1534 2416 ”

415 2485 495 2525 111.
518 2501 539 2522 «
562 2480 734 2525 Illustra
753 2481 906 2525 faeiem
928 2489 1044 2524 tuam
1068 2496 1197 2540 super
1218 2497 1388 2526 servum
1414 2492 1554 2540 tuum,
1577 2483 1743 2529 salvum

402 2576 408 2590 ι
434 2566 513 2599 psal,
530 2578 604 2608 xxx,
631 2568 678 2597 1(i‚
710 2585 742 2588 —
763 2566 906 2608 ²lipl1‘35.
928 2576 1036 2607 ν1,1’)..
1060 2584 1098 2588 ·-
1127 2566 1139 2588 3
1161 2568 1205 2599 ld.
1227 2579 1258 2610 v,
1279 2570 1311 2608 3,
1331 2573 1359 2601 cl
1381 2580 1425 2611 vi,
1452 2580 1498 2602 12.
