1833 3284
350 238 434 276 316
796 248 828 275 s.
866 246 1099 275 AUGUSTINI
1133 248 1314 277 mnscorx

348 325 432 371 est,
459 325 507 359 ut
525 330 802 375 perseverans
821 329 960 375 usque
988 315 1034 358 in
1057 314 1189 359 finem
1211 314 1352 360 salvus
1369 315 1491 371 sim¹,
1515 314 1570 360 de
1593 330 1738 361 neees-

347 387 546 431 sitatibus
570 385 675 430 meis
698 385 809 430 educ
832 401 916 429 me.

406 460 573 501 XVIII.
597 456 742 501 «Vide
761 456 1055 501 humilitatem
1075 471 1216 501 meam
1234 466 1277 501 et
1292 457 1489 502 laborem
1507 460 1697 501 meum'2.
1715 476 1735 498 »

348 528 459 572 Vide
479 528 771 572 humilitatem
801 543 958 583 meam,
985 544 1071 589 qua
1093 544 1321 590 nunquam
1344 544 1414 573 me
1430 529 1639 589 jactantia
1652 530 1742 589 jus-

347 600 454 644 titiae
479 600 533 643 ab
557 601 724 644 unitate
750 600 992 660 abrumpo,
1017 610 1060 644 et
1081 600 1277 645 laborem
1300 616 1471 656 meum,
1496 617 1585 661 quo
1607 600 1743 645 indis-

347 670 577 730 eiplinatos
614 671 722 714 mihi
753 671 1007 716 commixtos
1039 671 1216 715 suffero.
1248 690 1268 713 «
1297 674 1353 715 Et
1387 671 1560 715 remitte
1595 672 1742 716 omnia

349 759 370 782 »
405 750 581 800 peccata
619 756 729 785 mea.
764 760 783 783 »
818 744 875 786 Et
912 742 975 785 his
1018 741 1235 786 sacrificiis
1272 742 1531 802 propitiatus
1569 742 1742 786 remitte

346 822 523 872 peecata
557 827 674 867 mea,
701 829 790 857 non
822 812 895 858 illa
932 822 1104 859 tantum
1133 814 1376 874 juventutis
1405 823 1449 858 et
1483 813 1742 873 ignorantiae

346 899 454 927 meze
477 893 713 945 antequam
736 883 981 941 crederem,
1000 884 1075 930 sed
1098 885 1227 930 etiam
1255 885 1334 930 ista
1358 902 1457 947 quae
1474 887 1565 946 jam
1588 901 1639 929 ex
1657 885 1743 929 fide

345 955 493 1000 vivens
515 971 591 1015 per
613 955 912 1000 infirmitatem
935 955 1005 1002 vel
1027 956 1127 1001 vitae
1144 957 1274 1017 hujus
1295 956 1526 1016 caliginem
1541 955 1740 1001 admitto.

404 1028 526 1070 XIX.
558 1046 578 1069 «
610 1027 792 1087 Respice
821 1028 1020 1073 inimicos
1055 1043 1197 1084 meos,
1224 1028 1433 1089 quoniam
1467 1027 1743 1088 multiplicati

348 1115 369 1138 »
405 1099 548 1142 sunt3.
576 1118 593 1140 »
620 1100 717 1143 Non
740 1097 883 1143 solum
905 1100 1020 1144 enim
1039 1097 1180 1156 sortis,
1205 1100 1281 1144 sed
1303 1100 1434 1144 etiam
1453 1099 1499 1143 in
1520 1100 1610 1159 ipsa
1627 1099 1744 1143 intus

345 1169 551 1214 Ecclesiae
568 1169 879 1215 communione
902 1186 992 1216 non
1016 1169 1193 1215 desunt.
1224 1190 1245 1213 «
1264 1173 1322 1216 Et
1344 1169 1446 1216 odio
1464 1170 1616 1232 iniquo
1639 1168 1745 1215 ode-

349 1259 369 1283 »
404 1250 509 1286 runt
530 1257 614 1286 me.
640 1260 660 1283 »
682 1245 739 1287 Et
761 1241 950 1287 oderunt
971 1258 1040 1287 me
1063 1242 1319 1303 diligentem
1343 1258 1402 1288 se.

404 1315 504 1358 XX.
534 1333 554 1356 «
579 1313 762 1360 Custodi
787 1316 975 1359 animam
999 1331 1164 1371 meam,
1190 1325 1234 1360 et
1256 1331 1359 1360 erue
1380 1317 1491 1360 me⁴.
1515 1334 1534 1357 »
1561 1313 1745 1360 Custodi

345 1385 533 1429 animam
555 1401 715 1442 meam,
732 1401 787 1430 ne
802 1385 996 1431 decliner
1018 1385 1073 1431 ad
1095 1386 1384 1432 imitationem
1399 1401 1568 1441 eorum,
1586 1395 1745 1431 eterne

344 1471 416 1499 me
438 1472 460 1500 a
478 1455 779 1517 perplexitate,
805 1473 893 1518 qua
917 1457 1023 1501 mihi
1041 1458 1294 1502 miscentur.
1322 1460 1455 1503 «Non
1478 1456 1741 1513 confundar,

349 1546 369 1568 »
396 1528 604 1589 quoniam
618 1528 785 1589 speravi
799 1529 844 1573 in
859 1538 916 1573 te.
936 1548 954 1571 »
969 1531 1067 1575 Non
1081 1528 1330 1574 confundar
1341 1530 1375 1574 si
1389 1528 1501 1574 forte
1513 1530 1745 1589 insurgunt

346 1598 576 1644 adversum
594 1615 663 1644 me
685 1619 693 1645 ε
715 1596 922 1661 quoniam
945 1617 1034 1645 non
1056 1601 1101 1645 in
1124 1617 1216 1657 me,
1243 1600 1319 1646 sed
1336 1601 1381 1646 in
1398 1611 1440 1646 te
1463 1601 1645 1662 speravi.

404 1671 527 1713 XXI.
558 1689 578 1713 «
604 1673 864 1715 Innocentes
887 1680 930 1715 et
946 1671 1054 1716 recti
1076 1670 1355 1716 adhaeserunt
1374 1671 1505 1727 mihi,
1534 1671 1744 1732 quoniam

347 1758 367 1781 >›
394 1740 579 1784 sustinui
596 1750 655 1796 te,
677 1742 925 1786 Domine5.»
945 1745 1206 1786 Innocentes
1224 1752 1267 1786 et
1284 1743 1390 1786 recti
1408 1758 1497 1787 non
1513 1743 1745 1801 praesentia

344 1810 559 1870 corporali
583 1812 821 1856 miscentur
845 1822 1038 1868 tantum,
1073 1813 1184 1857 sieut
1212 1812 1336 1868 mali,
1365 1812 1442 1857 sed
1461 1813 1745 1857 consensione

344 1881 486 1926 cordis
517 1882 561 1926 in
584 1883 674 1943 ipsa
696 1883 946 1928 innocentia
974 1893 1017 1929 ct
1050 1883 1314 1928 rectitudine
1342 1883 1568 1928 adhaerent
1597 1884 1701 1928 mihi
1731 1900 1740 1926 ε

344 1954 554 2015 quoniam
575 1971 667 2000 non
693 1954 853 2011 defeci,
879 1965 929 2000 ut
951 1955 1144 2000 imitarer
1168 1955 1332 2014 malos,
1358 1956 1435 2001 sed
1463 1954 1649 2001 sustinui
1673 1965 1740 2011 te,

345 2035 576 2086 expectans
594 2026 926 2072 ventilationem
944 2027 1112 2071 ultimae
1135 2028 1282 2072 messis
1304 2038 1407 2072 tute.

403 2100 548 2142 XXII.
560 2118 579 2141 «
594 2097 794 2153 Redime,
809 2101 940 2153 Deus,
958 2097 1088 2142 Isra'e‘l
1106 2114 1155 2142 ex
1171 2099 1372 2143 omnibus
1385 2097 1743 2144 tribulationibus

346 2188 366 2210 »
392 2171 549 2230 ejusG.»
568 2170 768 2225 Redime,
794 2173 923 2225 Deus,
946 2168 1160 2229 populum
1176 2179 1315 2225 tuum,
1341 2184 1474 2230 quem
1491 2170 1741 2229 praeparasti

343 2239 398 2284 ad
420 2241 629 2285 visionem
662 2251 805 2296 tuam,
832 2256 882 2284 ex
904 2239 1259 2284 tribulationibus
1295 2241 1411 2300 ejus,
1444 2255 1533 2285 non
1561 2249 1735 2284 tantum

343 2327 451 2371 quas
476 2310 578 2356 foris
595 2347 605 2366 ,
632 2311 708 2355 sed
726 2311 857 2355 etiam
878 2326 984 2371 quas
1007 2310 1123 2354 intus
1148 2309 1320 2355 tolerat.

392 2412 400 2428 ¹
426 2407 538 2439 Manh.
570 2416 679 2448 x‚'22.
705 2423 747 2429 —-
771 2414 783 2429 ²
810 2406 890 2451 Psql.
915 2417 1010 2447 xxiv,
1034 2407 1083 2437 18.
1110 2403 1184 2428 -3
1215 2406 1297 2438 Ibid.
1329 2417 1379 2449 ¹9·
1406 2422 1447 2430 —
1473 2404 1666 2438 41bid.20.
1689 2421 1730 2429 —-

346 2462 457 2495 >’11111
478 2472 532 2494 ΐὶῐ.
554 2480 595 2487 ·-
613 2462 629 2485 ⁴3
652 2463 732 2496 lbid.
753 2472 808 2497 22.
