1833 3284
305 258 547 287 ENAnuAuo
580 261 611 285 11
646 261 689 286 IN
724 257 925 286 PS‘ALMUM
960 259 1101 296 xxxii,
1137 259 1248 285 sunm
1281 261 1310 284 ι.
1409 247 1492 285 483

106 333 127 363 ’»
149 323 261 382 peris
278 324 324 367 in
337 323 548 384 judicio1.
577 341 597 364 »
619 325 835 368 Caeterum
860 321 988 367 facile
1010 331 1074 366 est
1104 331 1153 366 ut
1182 321 1495 366 admoneamur

102 408 333 454 personam
362 394 506 439 divitis
539 410 629 439 non
657 395 874 454 acciperc3
908 393 992 438 hoc
1021 394 1159 438 omnis
1182 394 1315 438 homo
1350 389 1492 448 videt,

103 473 235 525 atque
251 465 420 509 utinam
437 466 497 510 sic
518 466 658 510 omnis
680 466 813 510 homo
839 464 1001 509 faceret
1024 484 1032 509 :
1057 463 1170 508 illud
1192 473 1256 508 est
1277 464 1355 508 ubi
1377 462 1495 508 falli-

103 545 191 592 tur,
216 536 351 582 veluti
372 537 446 597 qui
474 536 570 582 vult
591 536 762 596 placere
783 539 874 580 Deo
891 571 902 591 ‚
928 535 962 579 si
982 550 1212 595 personam
1228 534 1430 594 pauperis
1450 535 1497 578 in

97 607 264 668 judicio
286 609 491 668 accipiat,
512 618 556 653 et
573 608 689 654 dicat
705 611 797 653 Deo
817 624 826 649 t
858 607 964 653 Favi
986 607 1184 668 pauperi.
1212 610 1306 651 Imo
1333 615 1498 650 teneres

103 687 362 740 utrumque,
388 689 431 724 et
448 679 786 725 misericordiam
809 689 851 724 et
868 678 1101 740 judicium.
1127 679 1296 733 Primo,
1322 677 1498 738 qualem

102 751 444 796 misericordiam
477 750 614 796 fecisti
648 752 694 795 in
737 767 866 806 eum,
905 752 1030 811 cujus
1063 749 1284 810 iniquitati
1326 749 1501 794 favisti?

103 823 218 866 Ecce
241 821 424 866 saccello
444 822 697 882 pepercisti,
723 837 798 866 cor
818 821 1063 881 percussisti
1086 840 1095 866 :
1124 835 1291 881 pauper
1313 819 1393 863 iste
1412 819 1500 863 ini-

104 909 218 954 quus
244 894 480 951 remansit3
513 903 556 937 et
576 903 700 938 tanto
724 893 929 954 iniquior,
955 901 1122 954 quanto
1144 902 1187 936 te
1207 891 1329 953 quasi
1350 891 1497 936 homi-

103 979 202 1008 nem
235 965 404 1025 justum
438 964 585 1010 favere
619 964 730 1010 vidit
761 963 1002 1025 iniquitatis
1033 980 1139 1008 suae.
1177 965 1216 1007 A
1249 972 1292 1006 te
1327 962 1501 1006 recessit

104 1035 263 1096 injuste
291 1034 487 1097 adjutus,
514 1040 605 1082 Deo
631 1038 838 1081 remansit
857 1037 974 1097 juste
1001 1034 1291 1080 damnandus.
1313 1034 1498 1088 Qualem

103 1108 444 1154 inisericordiam
465 1108 692 1168 praebuisti
717 1108 755 1152 ei
771 1144 781 1163 ,
810 1123 943 1168 quem
966 1107 1175 1167 injustum
1199 1105 1364 1149 fecisti?
1387 1108 1499 1149 Eece

105 1179 323 1226 crudelior
338 1180 544 1224 inveniris
561 1195 695 1240 quam
716 1178 1050 1224 misericordior.
1067 1177 1185 1231 Quid
1198 1192 1317 1235 ergo,
1337 1176 1497 1236 inquis,

105 1251 325 1297 facerem?
357 1250 581 1295 Judicares
613 1250 755 1310 primo
791 1249 1035 1295 secundum
1066 1264 1265 1303 causam,
1301 1246 1501 1306 argueres

105 1338 366 1385 pauperem,
403 1323 598 1367 flecteres
627 1321 824 1367 divitem.
860 1321 982 1366 Alius
1017 1330 1082 1365 est
1110 1319 1360 1380 judicandi,
1398 1318 1507 1363 alius

106 1393 285 1455 petendi
305 1392 444 1438 locus.
472 1392 660 1446 Quando
683 1401 725 1437 te
748 1391 822 1436 ille
843 1391 962 1436 dives
982 1391 1152 1436 videret
1171 1390 1360 1434 tenuisse
1376 1389 1507 1449 justi—

108 1466 214 1511 tiam
230 1501 241 1522 ‚
261 1481 352 1510 non
374 1464 557 1509 erexisse
572 1463 713 1524 iniqui
734 1463 937 1524 pauperis
959 1462 1195 1516 cervicem,
1216 1460 1293 1505 sed
1311 1476 1391 1521 pro
1409 1476 1504 1504 me-

110 1539 194 1583 rito
209 1537 376 1599 peccati
399 1537 465 1582 sui
487 1537 738 1598 objurgasse
760 1545 803 1580 te
819 1537 934 1596 juste
949 1571 959 1590 ‚
984 1550 1131 1579 nonne
1161 1533 1409 1578 flecteretur
1429 1531 1503 1576 ille

110 1609 167 1654 ad
194 1608 531 1654 misericordiam
558 1616 734 1667 petente
762 1616 803 1651 te
818 1642 829 1662 ,
854 1606 930 1666 qui
950 1605 1078 1649 laetus
1099 1603 1296 1648 redditus
1320 1613 1411 1647 erat
1427 1603 1504 1663 ju-

109 1680 282 1726 dicante
303 1682 378 1725 te?
400 1679 607 1734 Quamvis
630 1694 756 1738 ergo,
781 1678 956 1733 fratres⁷
983 1676 1141 1722 Psalmi
1163 1675 1289 1736 plura
1310 1684 1473 1719 restent
1487 1710 1499 1730 ,

110 1750 428 1796 consulendum
447 1759 511 1794 est
528 1759 675 1794 tamen
690 1749 854 1793 viribus
871 1757 915 1792 et
932 1748 1088 1792 animae
1106 1757 1150 1791 et
1166 1746 1359 1806 corporis
1376 1761 1508 1806 prop-

110 1832 176 1868 ter
196 1823 451 1868 varietatem
473 1809 747 1866 audientium
773 1839 783 1864 ε
808 1820 909 1880 quia
930 1828 1090 1863 etcum
1113 1818 1332 1862 reficimur
1355 1833 1406 1861 ex
1428 1833 1503 1862 eo-

109 1893 213 1939 dem
232 1893 375 1938 tritico
390 1892 513 1938 velut
532 1890 660 1936 multi
674 1906 847 1950 sapores
863 1890 990 1936 nobis
1003 1891 1138 1946 fiunt,
1164 1888 1504 1947 addetergenda

110 1964 281 2011 fastidia
301 1983 312 2009 :
336 1964 433 2009 haec
452 1963 577 2010 vobis
597 1961 831 2009 sufficiant.

159 2070 169 2087 ¹
186 2062 286 2096 Exod.
306 2073 424 2105 xxxin,
445 2061 476 2095 3.

1303 2673 1368 2713 31.
