1833 3284
439 293 680 322 ENARRATIO
712 297 756 323 ΙΝ
790 294 993 323 PsALMUM
1025 296 1066 322 v.
1362 284 1443 323 147

61 350 234 405 tionem
255 357 422 404 dictum
461 375 552 404 esse
582 378 591 404 z
635 369 686 404 ut
724 359 835 404 illud
867 358 1180 418 perfectionem
1213 346 1439 418 significet.

65 449 84 471 «
118 430 315 477 Introibo
335 430 380 473 in
396 429 578 474 domum
595 439 730 473 tuam.
758 450 775 471 »
800 430 884 474 Sed
899 438 949 473 ut
967 430 1050 474 hoc
1062 430 1309 489 proveniat,
1325 431 1443 489 prius

66 518 84 541 «
119 500 345 556 Adorab0‚
368 500 526 560 inquit,
554 499 609 544 ad
626 500 839 560 templum
862 510 1059 545 sanctum
1076 510 1218 544 tuum.
1242 521 1259 542 »
1281 504 1337 545 Et
1354 501 1445 546 for-

63 580 172 616 tasse
194 572 252 616 ob
273 572 357 616 hoc
377 570 571 616 addidit:
592 591 609 612 «
629 575 680 615 In
692 573 845 616 timore
862 581 954 628 tuo,
976 592 992 613 »
1010 571 1131 632 quod
1150 587 1357 630 magnum
1382 582 1447 617 est

62 641 310 701 praesidium
325 641 661 702 procedentibus
679 642 733 686 ad
746 642 944 687 salutem.
961 645 1075 688 Cum
1097 653 1244 686 autem
1262 643 1449 703 quisque

60 713 306 772 pervenerit
322 749 334 768 ,
367 714 444 757 fiet
465 713 511 757 in
533 728 585 757 eo
605 713 726 774 quod
757 713 925 758 dictum
945 722 1010 758 est
1041 734 1050 759 ε
1086 733 1103 754 «
1130 715 1450 759 Consummata

67 803 85 824 »
120 782 295 828 dilectio
316 782 431 828 foras
447 784 581 828 mittit
601 785 800 828 timorem
817 787 846 827 ¹.
872 804 890 826 >›
919 787 1017 830 Non
1039 785 1155 828 enim
1185 785 1338 829 timent
1358 787 1451 845 jam

61 854 275 910 amicum,
313 854 474 915 quibus
496 854 663 899 dictum
684 864 747 898 est
769 873 778 898 ε
810 873 828 894 «
856 857 952 899 Jam
977 871 1067 898 non
1090 854 1232 899 dicam
1259 872 1335 901 vos
1359 871 1449 900 ser-

68 944 86 966 »
119 940 222 981 VOS,
247 924 324 970 sed
355 926 514 970 amicos
528 929 562 981 ²,
593 945 611 967 »
639 941 741 973 cum
764 924 819 970 ad
839 925 906 981 id,
928 925 1048 986 quod
1071 926 1332 985 promissum
1353 936 1418 971 est
1432 962 1444 983 ,

63 995 264 1055 perducti
284 995 464 1042 fuerint.

121 1068 178 1110 X.
209 1066 444 1121 «Domine,
470 1065 614 1110 deduc
631 1081 701 1110 me
722 1066 768 1109 in
789 1074 864 1109 tua
875 1066 1041 1126 justitia
1064 1075 1241 1126 propter
1256 1065 1456 1111 inimicos

69 1157 87 1179 »
121 1139 281 1181 mcosss.
313 1158 331 1179 »
356 1137 464 1182 Satis
480 1137 552 1181 hic
578 1136 814 1181 declaravit
834 1138 880 1181 in
901 1137 1172 1197 profectione
1196 1153 1241 1182 se
1269 1153 1384 1195 esse,
1410 1138 1458 1183 id

64 1215 153 1262 est,
179 1207 226 1251 in
244 1216 456 1267 provectu
488 1206 543 1250 ad
572 1206 884 1267 perfectionem
900 1242 911 1262 ‚
949 1207 1149 1251 nondum
1176 1209 1223 1252 in
1243 1209 1334 1267 ipsa
1357 1224 1458 1268 per-

64 1275 273 1333 fectione,
299 1276 477 1338 quando
499 1286 550 1321 ut
565 1277 811 1321 deducatur
832 1287 1022 1338 exoptat.
1050 1297 1067 1318 «
1087 1281 1139 1322 In
1157 1288 1230 1322 tua
1249 1279 1416 1339 justitia
1436 1299 1453 1320 >›

65 1358 232 1405 autem,
254 1364 346 1393 non
361 1349 408 1392 in
429 1364 478 1393 ea
495 1364 595 1409 qus-,e
615 1347 791 1393 videtur
812 1348 1081 1393 hominibus.
1099 1352 1208 1395 Nam
1232 1358 1275 1393 ct
1292 1349 1460 1394 malum

63 1435 144 1480 pro
164 1419 280 1465 malo
301 1418 511 1475 reddere,
546 1419 714 1479 justitia
733 1418 909 1463 videtur
937 1439 946 1464 ι
973 1419 1049 1463 sed
1078 1435 1169 1464 non
1195 1430 1258 1464 est
1291 1422 1381 1480 ejus
1403 1420 1459 1465 de

0 1495 1 1536 3
64 1508 153 1553 quo
174 1491 343 1536 dictum
364 1499 429 1535 est
449 1509 458 1534 :
489 1509 505 1530 «
527 1490 614 1543 Qui
631 1489 737 1534 facit
758 1490 858 1534 oriri
874 1490 1008 1535 solem
1026 1506 1153 1535 suum
1169 1507 1299 1551 super
1319 1492 1460 1537 bonos

71 1582 89 1605 »
124 1572 168 1607 et
197 1561 361 1607 malos4
383 1580 392 1606 :
422 1581 440 1603 »
465 1561 569 1622 quia
590 1569 634 1604 et
655 1576 755 1605 cum
785 1561 915 1621 punit
935 1564 1049 1605 Deus
1071 1572 1342 1621 peccatores,
1368 1579 1459 1608 non

64 1632 231 1678 malum
263 1647 393 1677 suum
419 1631 479 1675 eis
511 1630 666 1687 infert,
702 1630 778 1675 sed
810 1630 933 1674 malis
966 1647 1119 1675 eorum
1151 1647 1223 1676 eos
1256 1632 1454 1677 dimittit.

71 1724 89 1745 «
124 1708 262 1760 Ecce,
287 1703 452 1764 inquit,
478 1702 679 1762 parturiit
698 1702 977 1762 injustitiam,
1009 1704 1211 1762 concepit
1232 1703 1427 1748 laborem
1444 1741 1455 1759 ,

72 1796 90 1818 »
125 1785 169 1820 et
195 1774 364 1836 peperit
393 1773 671 1834 iniquitatem
695 1789 705 1816 .·
730 1771 875 1817 lacum
895 1774 1065 1832 aperuit
1087 1784 1130 1817 et
1148 1773 1301 1818 effodit
1325 1791 1427 1819 eum
1442 1810 1453 1830 ‚

73 1867 91 1889 »
126 1855 170 1891 et
202 1844 356 1890 incidit
375 1845 422 1888 in
452 1842 623 1888 foveam
651 1859 783 1903 quam
812 1853 1014 1902 operatus
1047 1853 1112 1887 est
1139 1864 1146 1889 :
1182 1856 1462 1890 convertetur

74 1938 91 1960 »
126 1916 252 1962 dolor
276 1917 366 1976 ejus
387 1916 433 1959 in
457 1923 590 1974 caput
611 1915 723 1974 ejus,
757 1923 801 1957 et
822 1914 867 1957 in
889 1915 1095 1958 verticem
1131 1916 1222 1974 ejus
1252 1916 1459 1976 iniquitas

75 2007 92 2029 »
127 1989 217 2047 ejus
247 1983 527 2030 descendet5.
556 2002 577 2024 n
615 1986 728 2028 Cum
760 1998 862 2040 ergo
894 1985 1021 2042 punit
1059 1988 1198 2039 Deus,
1240 1995 1290 2029 ut
1324 1988 1461 2046 judex

71 2057 199 2117 punit
227 2071 299 2100 eos
320 2055 398 2115 qui
429 2053 571 2111 legem
593 2062 880 2112 praetereunt,
913 2069 1002 2097 non
1024 2054 1082 2098 eis
1113 2055 1301 2100 inferens
1334 2057 1388 2101 de
1417 2073 1461 2101 se

70 2129 164 2188 ipso
185 2126 371 2180 malum,
404 2123 480 2168 sed
501 2124 548 2167 in
580 2123 625 2168 id
647 2124 766 2184 quod
790 2123 1017 2183 elegerunt
1039 2141 1110 2169 eos
1139 2127 1380 2185 expcllens‚
1407 2128 1463 2172 ad

72 2196 379 2258 complendam
414 2209 628 2239 summam
668 2194 954 2237 miseriarum.
995 2197 1138 2240 Homo
1176 2206 1322 2242 autem
1362 2214 1464 2243 cum

72 2270 239 2314 malum
260 2284 340 2328 pro
362 2265 478 2311 malo
503 2265 647 2310 reddit
663 2301 674 2320 ‚
698 2265 815 2310 malo
837 2275 939 2310 voto
962 2265 1009 2310 id
1043 2265 1146 2311 facit
1174 2288 1183 2312 ε
1217 2278 1261 2313 et
1288 2269 1346 2314 ob
1377 2271 1460 2314 hoc

73 2342 191 2402 prior
211 2341 302 2400 ipse
322 2338 462 2382 malus
481 2346 568 2393 est,
594 2336 702 2380 dum
718 2337 874 2396 punire
895 2335 992 2381 vult
1011 2336 1192 2382 malum.

132 2413 212 2456 XI.
242 2430 260 2452 «
283 2409 429 2468 Dirige
450 2408 497 2452 in
517 2415 754 2467 conspectu
774 2416 852 2451 tuo
875 2407 956 2451 iter
975 2422 1122 2451 meum
1138 2410 1169 2451 ⁶.
1194 2428 1211 2450 »
1236 2409 1354 2455 Nihil
1368 2426 1463 2456 ma-

76 2482 273 2529 nifestius
309 2490 394 2536 est,
424 2494 558 2540 quam
588 2478 636 2522 id
671 2487 842 2538 tempus
876 2494 978 2522 eum
1005 2479 1338 2538 commendare,
1375 2499 1464 2543 quo

125 2586 134 2603 ¹
160 2591 173 2611 1
198 2580 290 2611 Joan.
306 2588 354 2619 iv,
380 2579 430 2610 18.
450 2591 492 2598 -
513 2581 526 2597 2
547 2576 638 2606 Joan.
664 2584 719 2615 xv,
742 2572 792 2606 15.
809 2591 851 2596 —
866 2571 880 2596 3
897 2573 977 2606 Psal.
1000 2585 1040 2615 v,
1068 2585 1102 2617 9.
1120 2592 1162 2598 -—-
1186 2574 1203 2605 4
1220 2577 1334 2610 Matth.
1355 2588 1387 2619 v,
1407 2576 1462 2619 45.

79 2653 122 2660 —·
145 2633 160 2659 5
175 2635 257 2668 Psal.
273 2645 330 2676 vn,
354 2633 468 2676 15-17.
485 2648 527 2654 —
547 2628 562 2653 6
577 2630 625 2664 Id.
651 2641 686 2672 v,
700 2641 732 2672 9.

1191 2686 1255 2724 10.
