1833 3284
420 209 766 239 ANNOTATIONUM
799 212 844 238 m
875 212 973 248 son,
1009 210 1147 236 Lmen.
1427 194 1481 232 37

154 278 321 320 XVIII.
347 278 494 320 VERBA
511 278 688 319 BALDAD
705 278 944 321 sincium.
967 295 985 316 «
1005 277 1063 318 Et
1080 272 1231 316 lumen
1245 271 1480 331 impiorum

96 365 116 388 ³>
144 346 435 405 extinguetur.
451 365 471 388 υ
487 345 586 391 Noli
598 362 701 404 ergo
716 347 876 401 mirari,
893 347 981 390 siet
994 355 1121 389 tuum
1143 353 1348 403 tanquam
1361 342 1481 402 impii

91 415 244 460 lumen
285 417 522 461 extinctum
560 425 637 460 est.
668 436 688 458 ι(
720 420 814 460 Lux
855 418 946 477 ejus
989 415 1168 459 fuerunt
1207 413 1399 457 tenebrae
1436 413 1482 456 in

94 504 114 527 »
131 486 286 531 domo¹
317 506 326 531 :
352 505 373 528 »
395 486 564 531 claritas
585 485 741 531 domus
763 488 876 547 ejus3
900 486 946 531 id
966 495 1050 542 est,
1076 495 1151 530 aut
1183 483 1384 529 diabolus
1406 492 1483 527 aut

89 558 396 602 Antichristus.
422 577 442 600 «
464 561 521 602 Et
541 558 719 602 lucerna
741 574 869 618 super
887 574 986 602 eum
1009 558 1287 615 extinguetur
1313 576 1322 600 2
1342 574 1361 597 »
1390 555 1482 599 exi-

90 643 225 686 guum
243 638 286 673 et
302 638 532 672 terrenum
549 627 716 673 lumen.
749 649 767 671 «
789 629 1016 689 Accipiant
1032 628 1170 672 infimi
1191 627 1481 672 substantiam

90 718 110 741 »
132 701 240 760 ejus.
265 717 284 741 »
307 700 416 754 Quae
437 700 600 744 habere
622 700 695 744 ille
722 700 861 745 voluit
876 736 886 756 ,
911 700 1104 744 habeant
1122 698 1324 744 humiles.
1349 718 1369 741 «
1390 702 1480 743 Im-

90 788 110 811 »
136 771 290 815 missus
312 780 376 815 est
392 771 508 815 enim
526 787 601 831 pes
624 773 713 832 ejus
736 772 782 815 in
797 770 1020 832 laqueum.
1045 789 1066 812 »
1085 774 1181 830 Ipse
1199 771 1313 814 enim
1326 779 1479 829 captus

85 852 171 898 est,
210 844 447 888 Dominum
481 843 797 904 persequendo.
845 863 864 885 «
904 842 1179 888 Consortavit
1211 856 1340 901 super
1379 856 1481 885 eum

86 931 106 954 »
134 913 279 958 sitiens
307 935 315 959 :
339 933 360 955 »
377 924 427 959 ut
442 915 620 959 vincant
632 930 731 958 eum
746 914 980 958 esurientes
993 913 1236 957 etsitientes
1245 913 1476 973 justitiam.

89 1003 109 1026 «
132 984 427 1030 Absconditus
457 995 523 1030 est
557 1001 688 1046 super
720 994 881 1029 terram
914 983 1136 1028 funiculus
1171 985 1261 1044 ejus
1288 1003 1297 1028 :
1333 1002 1353 1025 »
1391 1000 1481 1045 quo

83 1056 303 1115 capiatur,
333 1057 419 1101 hoc
447 1066 532 1112 est,
569 1073 619 1101 ea
650 1073 750 1117 quae
777 1055 841 1100 illi
871 1055 995 1116 quasi
1028 1054 1346 1100 conceduntur.
1378 1074 1398 1097 «
1422 1058 1480 1100 Et

85 1128 273 1187 »captio
307 1129 397 1188 ejus
425 1128 471 1172 in
514 1128 689 1182 semita,
719 1146 738 1168 »
764 1143 851 1188 qua
883 1126 1052 1170 transit.
1085 1145 1104 1168 ι(
1137 1129 1219 1170 Per
1248 1126 1479 1170 circuitum

83 1216 104 1240 »
129 1199 318 1258 perdant
337 1215 438 1244 eum
459 1199 630 1244 dolores
657 1219 664 1244 :
685 1218 705 1240 »
727 1199 938 1260 undique.
967 1201 1059 1243 «Et
1074 1198 1202 1242 multi
1219 1199 1332 1243 circa
1346 1197 1479 1258 pedes

83 1288 103 1311 »
130 1271 223 1330 ejus
254 1271 432 1316 veniant
451 1271 496 1314 in
519 1271 718 1330 angustia
746 1270 903 1314 famis²
926 1290 935 1315 ε
963 1289 983 1312 ·»
1009 1269 1161 1325 multi,
1187 1270 1264 1331 qui
1290 1285 1390 1314 eum
1411 1285 1479 1313 se-

80 1350 305 1400 quuntur,
335 1342 405 1386 vel
440 1342 516 1403 qui
550 1342 588 1385 ei
626 1341 945 1402 obsequuntur.
981 1361 1002 1384 ‹<
1038 1342 1336 1386 Comedantur
1366 1342 1477 1388 rami

83 1429 103 1453 »
121 1411 285 1472 pedum
296 1414 368 1474 eju
385 1434 393 1458 :
413 1432 434 1456 »
451 1414 750 1459 doctrinarum
759 1415 866 1473 ejus,
883 1414 929 1457 id
941 1423 1019 1469 est,
1035 1429 1122 1473 qua
1135 1414 1183 1458 it.
1195 1432 1212 1454 «
1229 1417 1401 1473 Rumpa
1409 1423 1478 1458 tur

81 1500 102 1523 »
124 1483 179 1527 de
203 1483 456 1528 habitaculo
480 1486 571 1545 ejus
600 1485 760 1528 sanitas
786 1503 794 1528 ;
828 1502 848 1525 »
872 1484 1165 1545 tranquillitas
1191 1485 1324 1545 hujus
1355 1485 1473 1530 vitae.

82 1573 102 1595 «
128 1556 186 1598 Et
207 1564 352 1600 teneat
371 1571 471 1599 eum
487 1556 714 1600 necessitas
731 1571 871 1600 causae
895 1555 1070 1613 regalis³
1090 1575 1098 1601 :
1129 1574 1150 1597 »
1172 1557 1477 1616 opportunitas

76 1625 317 1684 punitionis
339 1627 430 1687 ejus
445 1662 456 1682 ,
481 1643 581 1687 quae
598 1625 761 1671 valebit
776 1625 832 1670 ad
845 1625 1026 1684 gloriam
1044 1627 1138 1682 Dei,
1156 1636 1335 1687 propter
1354 1627 1477 1688 quod

76 1694 210 1740 modo
232 1695 296 1740 illi
318 1698 586 1757 permittitur
603 1696 817 1757 cupiditas
835 1713 926 1759 sua.
943 1699 1130 1742 Causam
1146 1697 1336 1756 regalem
1350 1697 1472 1743 dicit.

75 1766 177 1826 quia
205 1783 249 1811 se
272 1769 496 1813 Christum
509 1768 709 1829 jactabit.
747 1788 767 1812 «
791 1768 970 1813 Habitet
992 1769 1037 1812 in
1073 1768 1357 1813 tabernaculo
1384 1771 1477 1830 ejus

79 1855 100 1878 »
122 1837 168 1881 in
192 1847 323 1883 nocte
345 1841 439 1900 ejus
455 1841 484 1884 ⁴.
514 1859 534 1881 »
561 1840 798 1885 Necessitas
822 1855 962 1884 causae
990 1839 1141 1897 regalis
1160 1840 1326 1884 cruciet
1346 1856 1475 1885 cons-

74 1909 276 1954 cientiam
290 1912 405 1972 ejus3
421 1912 632 1972 appetitio
646 1911 890 1970 tyrannidis
909 1927 916 1952 :
944 1912 1023 1954 «in
1041 1921 1185 1966 nocte,
1207 1929 1227 1952 »
1249 1911 1294 1955 in
1314 1912 1477 1972 suppli·

72 1979 140 2023 cio
161 1981 368 2026 caecitatis
391 1983 484 2042 ejus
499 2018 509 2036 ,
535 1981 715 2043 quando
740 1980 989 2026 damnatur.
1021 2001 1040 2023 «
1066 1984 1364 2041 Aspergentur
1381 1999 1476 2043 spe-

76 2069 96 2092 »
119 2051 232 2096 ciosa
265 2054 358 2113 ejus
385 2053 595 2114 sulphure
623 2074 632 2098 ε
670 2072 690 2095 »
730 2054 892 2114 quibus
926 2053 1150 2113 placebat,
1182 2053 1283 2113 igne
1317 2054 1474 2100 foetido

72 2133 421 2168 concrementur.
449 2143 469 2166 α
502 2127 559 2168 Et
581 2124 636 2168 de
673 2139 846 2168 sursum
882 2124 1020 2167 irruet
1052 2124 1207 2168 messio
1244 2125 1336 2185 ejus
1364 2144 1373 2170 :
1402 2144 1422 2167 »
1449 2142 1473 2170 a

71 2194 176 2236 Deo.
195 2212 215 2235 α
234 2196 292 2237 Et
310 2210 397 2238 non
409 2195 463 2238 sit
477 2210 638 2239 nomen
653 2196 744 2255 ejus
757 2195 802 2238 in
817 2195 927 2239 facie
940 2194 1184 2254 platearum
1199 2195 1275 2239 ubi
1287 2198 1398 2240 erat⁵
1416 2216 1426 2241 ;
1447 2214 1467 2238 n

72 2263 253 2308 tollatur
274 2264 329 2309 de
352 2267 559 2311 memoria
582 2266 749 2327 populi.
779 2286 798 2309 «
826 2270 883 2311 Et
903 2283 994 2311 non
1020 2266 1074 2310 sit
1100 2266 1406 2326 cognoscibilis
1428 2268 1475 2312 in

75 2352 94 2375 »
121 2334 285 2394 populo
302 2352 445 2381 suo...»
478 2337 546 2382 Ad
569 2347 735 2382 tantam
765 2337 1053 2398 dejectionem
1079 2338 1251 2394 veniat,
1272 2348 1321 2383 ut
1339 2355 1362 2383 a
1385 2339 1472 2384 suis

71 2419 162 2449 non
182 2416 453 2463 agnoscatur.
479 2427 499 2450 «
524 2411 613 2454 Nec
630 2407 867 2453 resalvetur
889 2409 971 2452 sub
993 2408 1106 2453 coelo
1121 2409 1277 2454 domus
1290 2411 1417 2469 ejusss.
1448 2431 1468 2452 n

120 2506 130 2522 ¹
149 2500 226 2533 Job.
245 2512 335 2544 xvm,
356 2502 389 2544 5,
407 2503 440 2535 6.
463 2521 505 2526 —-
524 2511 536 2527 ²
555 2504 636 2536 Ibid.
660 2514 746 2546 5-12.
765 2521 804 2527 —
823 2502 1001 2545 ³1bid.14.
1024 2503 1198 2537 -41bid.
1223 2505 1274 2538 15.
1295 2523 1337 2528 -
1356 2504 1469 2540 ⁵1bid.

76 2555 186 2587 16.-
205 2555 219 2577 0
238 2557 319 2591 lbid.
345 2570 395 2601 19.
