1833 3284
401 239 487 278 450
828 249 861 276 S.
898 248 1130 278 Aucus‘nm
1164 252 1347 279 EPISCOPI

400 335 421 358 n
457 331 553 360 sum
577 316 688 360 sieut
711 314 976 361 Publicanus
998 316 1076 360 iste
1092 353 1102 369 ‚
1129 333 1217 361 non
1243 333 1339 361 sum
1357 317 1468 360 sieut
1488 316 1630 360 caeteri
1648 316 1794 360 homi-

401 405 422 427 »
458 402 555 441 nes,
584 387 757 446 injusti,
785 396 1003 447 raptores,
1025 387 1212 431 adulteri
1233 408 1241 432 ·.
1260 389 1411 448 jejuno
1439 387 1504 430 bis
1526 386 1571 430 in
1594 387 1792 442 sabbato,

401 475 422 498 »
457 457 647 504 decimas
673 457 730 502 do
758 459 957 502 omnium
986 474 1280 519 quaecumque
1302 457 1516 518 possideo.
1543 476 1563 498 »
1597 457 1678 501 Ille
1707 473 1797 502 non

397 528 529 573 audet
549 529 604 573 ad
622 528 782 573 coelum
804 529 948 574 levare
970 529 1120 574 oeulos
1142 545 1257 585 suos,
1284 529 1472 574 attendit
1488 528 1796 574 conscientiam

396 617 517 645 suam
536 637 546 656 ‚
574 600 701 659 longe
724 611 808 646 stat
826 637 836 657 ,
858 611 902 645 et
918 602 1178 662 justificatus
1196 611 1259 646 est
1276 602 1409 660 magis
1431 617 1565 662 quam
1587 599 1660 644 ille
1680 601 1796 645 Pha-

398 672 560 716 risaeus.
582 675 751 725 Quare?
775 676 899 732 Rogo
915 683 958 717 te
973 709 983 728 ‚
1006 674 1205 729 Domine,
1232 689 1402 733 expone
1420 672 1547 717 nobis
1569 673 1683 716 hanc
1699 672 1796 731 jus-

395 744 536 788 titiam
558 754 680 788 tuam
700 780 710 796 ‚
738 760 906 804 expone
936 745 1061 790 nobis
1083 746 1334 806 aequitatem
1351 745 1461 805 juris
1489 745 1569 788 tui.
1607 743 1798 803 Exponit

394 818 509 860 Deus
545 814 742 874 regulam
777 815 881 873 legis
924 832 1028 861 suae.
1071 815 1214 860 Vultis
1247 815 1398 860 audire
1438 816 1605 876 quare?
1638 833 1658 855 (t
1685 813 1797 867 Quia

397 905 417 930 ))
454 889 595 932 omnis
618 888 691 949 qui
713 904 756 932 se
774 887 956 946 exaltat,
979 888 1316 947 humiliabitur3
1337 897 1380 932 et
1401 887 1479 947 qui
1503 902 1547 931 se
1568 885 1794 942 humiliat,

397 978 418 1001 >›
455 960 761 1004 exaltabitur1.
789 979 809 1002 »
1599 964 1601 966 ’

452 1035 556 1076 XII.
581 1031 788 1077 Intendat
809 1047 910 1090 ergo
926 1032 1124 1078 Charitas
1133 1035 1301 1077 Vestra.
1320 1032 1512 1095 Diximus
1528 1046 1619 1075 non
1641 1044 1794 1074 ausum

393 1103 525 1149 fuisse
548 1103 698 1148 oeulos
721 1103 776 1148 acl
797 1103 961 1148 eoelum
977 1103 1122 1148 levare
1144 1103 1450 1148 Publicanum.
1471 1105 1615 1155 Quare
1633 1100 1797 1145 eoelum

395 1191 487 1219 non
511 1174 795 1230 attendebat?
824 1175 936 1228 Quia
967 1191 1011 1219 se
1043 1174 1312 1219 attendebat.
1343 1177 1395 1219 Se
1427 1172 1710 1235 attendebat,
1747 1181 1798 1216 ut

393 1247 536 1306 primo
558 1246 639 1289 sibi
657 1245 922 1306 displiceret,
944 1256 987 1290 et
1005 1247 1062 1291 sic
1081 1250 1171 1290 Deo
1189 1245 1395 1305 placeret.
1414 1248 1479 1288 Tu
1496 1254 1639 1288 autem
1659 1244 1797 1304 jactas

395 1325 460 1372 te,
487 1327 627 1362 crecta
648 1318 813 1362 cervice
828 1333 886 1362 es.
913 1319 987 1362 Ait
1011 1318 1220 1362 Dominus
1243 1317 1432 1377 superbo
1456 1337 1464 1362 :
1483 1319 1581 1362 Non
1597 1316 1661 1360 vis
1679 1315 1735 1360 ad
1757 1324 1797 1360 te

395 1388 649 1432 attendere?
675 1404 754 1447 ego
777 1387 972 1433 attendo.
1006 1389 1081 1432 Vis
1104 1398 1251 1433 autem
1280 1398 1330 1433 ut
1360 1404 1450 1433 non
1475 1387 1727 1432 attendam?
1749 1395 1797 1430 tu

394 1459 587 1504 attende.
616 1460 722 1504 Ideo
752 1459 1020 1505 Publicanus
1041 1476 1131 1505 non
1155 1460 1345 1505 audebat
1375 1459 1525 1504 oculos
1553 1458 1608 1503 ad
1631 1457 1796 1503 coelum

392 1531 563 1590 levare3
589 1533 690 1593 quia
714 1548 757 1576 se
779 1532 922 1592 ipsum
946 1532 1216 1587 intuebatur,
1243 1530 1554 1576 conscientiam
1570 1546 1692 1574 suam
1710 1545 1796 1590 pu—

392 1603 545 1647 niebat
566 1623 575 1647 2
600 1603 691 1663 ipse
714 1602 941 1659 sibijUdex
964 1613 1055 1647 erat
1072 1639 1083 1658 ,
1110 1613 1160 1647 ut
1172 1602 1245 1646 ille
1268 1602 1581 1659 intercederet3
1601 1602 1691 1661 ipse
1714 1616 1797 1660 pu-

392 1674 566 1729 niebat,
589 1684 639 1719 ut
660 1674 734 1718 ille
752 1674 987 1733 liberaret3
1019 1676 1109 1735 ipse
1134 1675 1365 1720 accusabat
1381 1710 1391 1730 ‚
1417 1683 1468 1718 ut
1486 1674 1559 1717 ille
1582 1671 1796 1718 defende-

394 1756 474 1790 ret.
502 1746 624 1791 Adeo
646 1745 844 1791 defendit
862 1762 963 1791 eum
984 1783 994 1803 ‚
1017 1748 1119 1808 quia
1143 1746 1254 1791 dixit
1275 1763 1355 1806 pro
1376 1747 1470 1806 ipso
1498 1745 1759 1790 sententiam
1782 1764 1792 1790 z

395 1838 415 1861 «
452 1816 687 1862 Descendit
709 1819 971 1878 justificatus
1002 1818 1274 1863 Publicanus
1296 1817 1370 1861 ille
1393 1817 1528 1876 magis
1556 1833 1689 1878 quam
1722 1815 1796 1860 ille

395 1909 416 1932 n
454 1890 722 1933 Pharisaeus:
758 1890 860 1949 quia
890 1891 1031 1934 omnis
1062 1890 1139 1950 qui
1169 1905 1212 1933 se
1246 1888 1428 1943 exaltat,
1463 1887 1793 1945 humiliabitur·⁷

396 1980 416 2003 »
453 1970 496 2005 ct
538 1963 614 2022 qui
651 1976 694 2005 se
733 1960 936 2005 humiliat
951 1997 962 2011 ‚
998 1961 1276 2005 exaltabitur.
1318 1978 1338 2002 >›
1373 1958 1576 2004 Attendit
1617 1974 1661 2003 se
1679 1994 1690 2014 ,
1724 1959 1795 2002 in-

391 2034 512 2094 quit,
539 2042 582 2076 et
608 2031 733 2077 nolui
755 2048 835 2092 ego
858 2031 1084 2076 attendere
1106 2048 1114 2073 :
1147 2030 1292 2076 audivi
1319 2029 1536 2075 dicentem
1560 2049 1568 2074 :
1595 2049 1614 2071 «
1634 2032 1796 2074 Averte

394 2125 415 2147 »
452 2103 601 2149 oculos
631 2113 730 2148 tuos
759 2119 781 2147 a
804 2103 991 2163 peccatis
1019 2104 1141 2147 meis.
1167 2121 1186 2144 »
1214 2103 1319 2156 Quis
1349 2111 1413 2146 est
1435 2102 1554 2145 enim
1584 2101 1660 2161 qui
1682 2100 1795 2144 illud

392 2175 527 2231 dixit,
558 2175 639 2220 nisi
661 2175 738 2236 qui
760 2175 892 2219 etiam
918 2173 1029 2218 illud
1052 2173 1160 2218 dixit
1186 2193 1195 2219 ;
1225 2173 1483 2227 «Quoniam
1515 2171 1794 2232 iniquitatem

393 2267 414 2291 ³)
452 2263 595 2292 meam
625 2262 706 2305 ego
738 2247 978 2306 agnosco‘2?
1007 2264 1026 2286 >›
1068 2248 1246 2305 Itaque⁷
1290 2243 1444 2288 fratres
1473 2243 1586 2298 mei,
1626 2251 1717 2286 erat
1751 2251 1795 2286 et

394 2319 636 2365 Pharisaeus
658 2316 732 2361 ille
762 2326 979 2377 peccator.
1006 2319 1104 2361 Non
1127 2317 1243 2361 enim
1275 2317 1379 2377 quia
1413 2314 1616 2359 dicebat:
1648 2333 1669 2356 «
1694 2316 1794 2359 Non

397 2411 419 2434 »
455 2407 550 2436 sum
572 2391 684 2435 sicut
706 2390 851 2434 caeteri
873 2389 1087 2443 homines,
1113 2389 1278 2449 injusti,
1297 2397 1507 2448 raptores,
1534 2385 1723 2430 adulteri
1739 2407 1750 2444 3
1768 2404 1788 2427 η

394 2478 540 2523 neque
563 2462 663 2522 quia
681 2461 910 2522 jejunabat
926 2461 991 2505 bis
1020 2460 1065 2503 in
1090 2459 1294 2517 sabbato3
1319 2474 1463 2519 neque
1484 2457 1586 2518 quia
1605 2456 1792 2501 decimas

396 2533 546 2588 dabat,
569 2549 657 2577 non
683 2541 775 2576 erat
791 2540 1008 2591 peccator.
1030 2529 1162 2583 Quod
1179 2530 1212 2573 si
1227 2530 1318 2573 sine
1336 2529 1436 2573 ullis
1453 2528 1640 2588 peccatis
1663 2537 1788 2582 esset,

449 2625 457 2641 ¹
475 2622 552 2650 Luc.
576 2629 663 2659 xviii,
688 2617 738 2660 [ᾗ.
776 2635 802 2639 -
826 2624 838 2639 ²
862 2616 942 2648 Psal.
965 2627 993 2657 t,
1013 2615 1031 2648 5
1047 2619 1079 2647 ct
1103 2627 1150 2648 11.
