1833 3284
430 288 673 317 Ennium-10
706 291 750 317 nx*
783 289 986 318 Psamrmr
1018 291 1108 318 xvr.
1378 278 1462 319 ‘249

77 353 340 413 iniquitatis,
375 363 419 398 et
440 353 606 398 dividat
621 355 759 414 justos
781 356 835 399 ab
859 356 1015 416 impiis.
1042 358 1164 400 Hanc
1186 371 1287 414 crgo
1306 375 1326 398 «
1346 359 1462 400 Erue

79 442 100 466 υ
123 424 177 468 ab
199 425 382 469 inimicis
398 441 553 469 manus
575 435 682 479 tuae,
711 445 731 467 »
758 427 841 471 hoc
857 435 940 481 est,
958 427 1128 471 virtutis
1148 435 1253 482 tuae,
1275 427 1359 472 hoc
1380 437 1459 483 est,

42 534 48 537 .
77 494 133 539 ab
155 495 337 540 inimicis
355 496 475 540 meis.
506 515 525 538 «
553 497 758 554 Domine,
786 497 971 558 perdens
993 497 1048 541 de
1070 507 1183 541 terra
1200 533 1210 552 ,
1235 497 1463 557 dispertire

79 584 99 607 »
128 581 199 610 eos
228 567 274 610 in
300 566 388 611 vita
419 570 612 611 eorum1.
643 586 662 609 »
701 569 901 625 Domine,
936 567 1120 628 perdens
1143 584 1214 612 eos
1237 567 1290 611 de
1323 578 1458 625 terra,

75 653 207 698 quam
233 637 505 692 inhabitant,
533 637 758 698 dispertire
780 656 851 684 eos
884 655 961 699 per
989 639 1141 682 orbem
1171 648 1382 682 terrarum
1418 640 1463 683 in

75 707 154 751 ista
170 707 284 763 vita,
318 724 449 768 quam
478 708 614 753 solam
640 725 759 754 suam
788 710 923 755 vitam
944 719 1119 769 putant,
1155 709 1232 769 qui
1255 719 1463 754 aeternam

76 777 320 838 desperant.
351 797 372 821 «
391 782 449 823 Et
472 780 526 824 de
549 780 814 825 absconditis
836 780 921 825 tuis
944 779 1204 840 adimpletus
1228 789 1292 824 est
1311 789 1464 825 venter

77 866 99 891 »
124 854 317 894 eorum2.
345 869 365 892 »
389 853 487 896 Non
506 850 646 895 solum
666 861 811 896 autem
828 853 907 896 ista
929 867 1060 911 poena
1083 867 1154 896 eos
1173 861 1465 912 consequetur

74 919 269 976 visibilis,
301 920 377 965 sed
409 921 539 966 etiam
571 921 626 966 de
656 923 866 982 peccatis,
903 939 1002 982 quae
1030 931 1239 983 tanquam
1274 922 1464 966 tenebrae

75 991 408 1037 absconduntur
428 992 631 1037 alumine
662 994 854 1038 veritatis
881 1003 969 1038 tuae
986 1029 996 1048 ‚
1019 992 1255 1053 adimpleta
1280 1002 1342 1037 est
1372 1008 1465 1036 me-

73 1063 212 1108 moria
248 1079 428 1119 eorum,
467 1073 519 1108 ut
550 1065 863 1110 obliviscantur
895 1068 1050 1110 Deum.
1086 1084 1107 1106 «
1147 1065 1334 1109 Saturati
1363 1072 1466 1109 sunt

76 1151 98 1175 »
123 1134 317 1194 porcina.
346 1153 367 1176 ³)
386 1135 690 1180 Saturatisunt
706 1134 1001 1191 immunditia,
1020 1133 1327 1179 conculcantes
1349 1149 1467 1177 mar-

74 1207 229 1264 garitas
250 1221 502 1250 sermonum
523 1207 615 1251 Dei.
647 1226 667 1249 «
687 1210 744 1251 Et
755 1206 1030 1267 reliquerunt
1050 1206 1253 1267 reliquias
1275 1204 1466 1266 parvulis

76 1294 97 1318 n
123 1277 209 1321 suis
222 1279 238 1303 ³
264 1312 275 1332 ‚
300 1295 321 1318 »
339 1276 576 1322 clamantes
598 1297 608 1323 ;
629 1297 650 1320 «
671 1280 902 1322 Peccatum
924 1278 1008 1322 hoc
1025 1293 1154 1337 super
1175 1292 1254 1321 nos
1271 1285 1315 1321 et
1332 1291 1462 1337 super

76 1365 97 1388 ))
122 1346 234 1392 filios
255 1348 470 1392 nostros⁴.
493 1366 514 1389 »

130 1420 252 1463 XIV.
278 1421 407 1476 «Ego
424 1427 570 1462 autem
589 1418 635 1462 in
655 1427 730 1462 tua
749 1419 915 1478 justitia
931 1419 1150 1478 apparebo
1166 1419 1212 1462 in
1229 1427 1466 1478 conspectu

76 1507 97 1531 »
122 1491 242 1534 tu05.
272 1492 404 1549 »Ego
422 1498 569 1534 autem
591 1489 668 1550 qui
690 1505 778 1534 non
803 1491 984 1549 apparui
1008 1490 1067 1534 eis
1084 1526 1095 1546 ‚
1127 1489 1202 1550 qui
1224 1489 1353 1533 corde
1375 1505 1468 1533 sor-

74 1559 179 1605 dido
201 1569 244 1604 et
265 1561 497 1605 tenebroso
518 1560 663 1605 lucem
680 1560 900 1621 sapientiae
926 1560 1074 1606 videre
1096 1576 1185 1605 non
1201 1569 1399 1620 possunt,
1420 1560 1466 1604 in

73 1640 149 1676 tua
171 1631 339 1692 justitia
370 1631 589 1691 apparebo
618 1632 664 1674 in
693 1642 930 1691 conspeetu
961 1641 1053 1676 tuo.
1089 1651 1109 1673 «
1141 1631 1337 1676 Satiabor
1359 1630 1466 1675 dum

75 1719 97 1744 »
117 1700 466 1746 manifestabitur
488 1700 622 1760 gloria
643 1710 733 1745 tua.
759 1704 817 1746 Et
845 1717 945 1746 cum
967 1701 1031 1746 illi
1047 1702 1227 1747 saturati
1259 1710 1362 1745 sunt
1381 1702 1466 1744 im-

72 1771 291 1817 munditia
312 1788 410 1828 sua,
435 1781 487 1816 ut
506 1786 576 1815 me
597 1771 840 1831 intelligere
858 1788 948 1816 non
969 1772 1156 1832 possint,
1182 1787 1261 1830 ego
1279 1771 1466 1816 satiabor

73 1841 182 1886 dum
202 1839 553 1887 manifestabitur
571 1842 706 1901 gloria
730 1851 824 1897 tua,
844 1842 891 1886 in
912 1843 978 1886 his
1001 1843 1077 1902 qui
1102 1858 1173 1886 me
1195 1842 1462 1901 intelligunt.

77 1915 189 1958 Sane
209 1913 256 1956 in
277 1911 352 1957 illo
368 1927 497 1957 versu
513 1912 590 1955 ubi
603 1911 770 1956 dictum
788 1921 867 1957 est:
884 1932 902 1953 «
924 1913 1112 1957 Saturati
1127 1921 1228 1956 sunt
1240 1912 1433 1972 porcina,
1442 1931 1462 1953 »

74 1981 290 2028 nonnulla
303 1981 579 2042 exemplaria,
599 2001 619 2023 «
638 1983 825 2027 Saturati
843 1993 946 2028 sunt
963 1983 1076 2038 filiis,
1100 2002 1119 2024 »
1136 1983 1302 2027 habent·
1316 1986 1466 2042 (9).Ex
1488 1975 1494 1980 ’

75 2053 282 2113 ambiguo
307 2053 423 2096 enim
451 2069 592 2112 graeco
618 2053 918 2113 interpretatio
950 2052 1114 2114 duplex
1142 2054 1300 2098 evenit.
1333 2053 1466 2098 Filios

74 2133 221 2168 autem
233 2160 244 2180 ‚
265 2139 396 2184 opera
407 2122 712 2183 intelligimus3
727 2134 770 2169 et
781 2125 894 2170 sicut
905 2125 1020 2170 bona
1035 2140 1165 2185 opera
1178 2125 1318 2170 bonos
1334 2124 1461 2178 filios,

74 2194 134 2239 ita
154 2193 291 2239 malos
311 2193 440 2239 mala.

122 2297 132 2315 ¹
158 2292 241 2324 Psal.
262 2303 337 2333 xvi,
361 2290 412 2334 14.
436 2308 478 2314 —-
497 2298 511 2313 ²
534 2290 615 2324 Ibid.
637 2309 679 2314 —
694 2290 707 2315 3
722 2292 804 2324 Ibid.
824 2309 866 2315 —-
884 2291 900 2319 4
917 2291 1030 2324 Matth.
1059 2303 1171 2334 xxvn,
1195 2291 1250 2324 25.
1272 2309 1314 2314 —
1335 2290 1350 2314 5
1370 2292 1453 2325 Psal.

74 2358 130 2380 ιν]
144 2374 153 2390 ,
175 2358 226 2380 ιυ.
