1833 3284
346 310 588 340 ENARRATIO
621 314 653 339 11
685 313 730 340 IN
764 309 965 339 PsALML‘M
1337 292 1422 332 443

36 378 165 424 lectio
175 383 241 423 est
255 396 264 423 ε
279 393 378 439 quae
391 377 565 422 dilectio
582 393 735 423 vacare
752 392 842 422 non
857 383 1016 435 potest,
1037 373 1119 419 nisi
1136 381 1179 417 et
1192 370 1294 416 mali
1311 370 1425 415 nihil

36 457 256 510 operetur,
287 454 332 492 et
359 447 575 508 quidquid
597 457 740 508 potest
773 446 877 491 boni
906 454 1123 505 operetur.
1157 442 1275 496 Quid
1309 442 1426 485 enim

36 520 142 566 facit
161 519 368 564 dilectio?
393 538 413 560 «
438 519 613 564 Declina
635 535 659 563 a
687 517 825 572 malo,
861 526 904 561 et
927 515 994 560 fac
1022 514 1230 559 bonum1.
1256 531 1275 554 n
1303 516 1426 557 Hanc

38 605 140 650 ergo
157 589 288 634 fidem
317 589 408 633 sine
437 589 641 649 operibus
663 587 941 634 commendas
964 606 973 631 :
998 594 1041 630 et
1068 584 1152 629 alio
1172 583 1270 628 loco
1287 583 1392 627 dicis
1417 602 1427 627 z

44 660 192 706 «Etsi
217 659 352 704 'fidem
379 660 585 714 habeam,
618 661 677 704 ita
700 669 751 704 ut
772 667 940 703 montes
973 654 1230 701 transferam
1248 690 1258 710 ,
1290 653 1433 698 chari-

45 750 67 775 »
101 741 236 782 tatem
258 740 404 775 autem
426 747 515 775 non
537 731 721 775 habeam
738 767 748 786 ,
774 729 882 775 nihil
901 729 1004 772 mihi
1025 726 1246 788 prodest2.
1270 744 1290 766 »
1317 728 1433 782 Ergo

43 803 78 848 si
111 801 221 846 nihil
243 802 422 862 prodest
443 801 550 846 fides
577 803 668 846 sine
698 802 934 855 charitate,
963 799 1147 844 charitas
1180 806 1327 842 autem
1357 796 1435 840 ubi

17 873 177 919 fuerit
197 888 370 918 necesse
391 883 457 918 est
476 882 527 918 ut
548 883 767 934 operetur,
793 871 940 916 fides
931 888 1020 931 ipsa
1050 886 1127 930 per
1155 869 1435 913 dilectionem

32 953 264 1011 operatur.
300 943 533 997 Quomodo
567 960 669 1003 ergo
693 942 1003 1005 justificabitur
1033 941 1166 986 homo
1199 955 1277 999 per
1304 940 1438 983 fidem

45 1016 137 1061 sine
165 1015 398 1075 operibus?
418 1015 700 1075 Respondet
691 1031 781 1094 ipse
804 1010 1068 1074 Apostolus:
1098 1016 1330 1071 Propterea
1354 1010 1439 1054 hoc

46 1088 127 1133 tibi
158 1086 279 1142 dixi,-
297 1103 324 1131 o
345 1087 501 1143 homo,
527 1103 584 1131 ne
605 1087 729 1147 quasi
754 1085 809 1131 de
836 1085 1040 1146 operibus
1070 1084 1154 1128 tuis
1176 1096 1440 1143 praesumere

47 1158 268 1212 viderem,
289 1168 334 1202 et
350 1159 505 1202 merito
522 1173 703 1218 operum
729 1167 905 1202 tuorum
931 1167 974 1201 te
997 1155 1208 1214 accepisse
1225 1153 1328 1197 fidei
1346 1168 1442 1210 gra-

46 1229 168 1274 tiam.
194 1227 292 1274 Noli
321 1245 424 1288 ergo
445 1229 713 1288 praesumere
735 1229 789 1272 de
822 1226 1027 1287 operibus
1059 1235 1158 1269 ante
1180 1224 1327 1268 fidem.
1353 1225 1443 1267 No-

0 1355 8 1370 ,
45 1299 158 1344 veris
180 1299 282 1360 quia
305 1309 577 1359 peccatorem
608 1308 651 1342 te
675 1298 779 1342 fides
803 1297 992 1351 invenit,
1025 1306 1068 1340 et
1091 1296 1125 1340 si
1148 1305 1190 1339 te
1213 1294 1320 1338 fides
1342 1293 1442 1338 data

49 1369 153 1415 fecit
167 1371 352 1430 justum,
378 1369 561 1430 impium
585 1369 751 1413 invenit
770 1384 903 1429 quem
922 1366 1082 1411 faceret
1092 1368 1276 1427 justum.
1306 1384 1324 1406 a
1342 1366 1444 1425 Cre-

52 1459 73 1484 »
107 1440 254 1496 denti,
279 1441 439 1499 inquit,
463 1441 510 1484 in
524 1456 624 1484 eum
648 1441 724 1501 qui
740 1440 950 1499 justificat
972 1438 1158 1497 impium
1174 1473 1184 1491 ,
1206 1435 1443 1498 deputatur

55 1529 74 1554 1)
109 1511 217 1556 fides
235 1513 326 1572 ejus
350 1511 402 1556 ad
416 1513 626 1572 justitiam
641 1513 672 1555 3.
698 1530 718 1551 >›
748 1512 787 1556 Si
804 1510 1069 1570 justificatur
1091 1508 1247 1567 impius
1263 1543 1272 1561 ,
1299 1522 1348 1550 ex
1367 1507 1446 1550 im-

51 1583 124 1644 pio
148 1583 198 1626 fit.
219 1583 363 1643 justus
390 1602 398 1626 ε
425 1583 459 1625 si
479 1598 529 1626 ex
557 1582 691 1642 impio
708 1583 850 1642 justus
870 1581 940 1634 fit,
971 1596 1071 1640 quae
1095 1587 1196 1622 sunt
1219 1593 1348 1637 opera
1370 1578 1446 1620 im-

53 1654 258 1714 piorum?
292 1656 433 1697 Jactet
461 1654 590 1696 etiam
628 1653 787 1712 impius
817 1667 946 1711 opera
979 1666 1051 1693 sua
1072 1686 1081 1704 ,
1121 1658 1165 1692 et
1191 1648 1307 1692 dicat
1339 1667 1348 1692 :
1382 1650 1447 1691 Do

53 1724 346 1785 pauperibus,
388 1723 499 1768 nihil
533 1723 661 1768 alicui
697 1721 873 1776 aufero,
921 1737 1009 1765 non
1049 1735 1229 1764 uxorem
1264 1718 1449 1762 alienam

54 1795 342 1854 concupisco,
361 1810 452 1838 non
474 1809 739 1855 quemquam
765 1791 943 1847 occido,
967 1789 1077 1835 nulli
1096 1789 1293 1834 sraudrm
1310 1788 1446 1843 facio,

56 1865 302 1926 depositum
335 1864 455 1925 apud
486 1880 554 1908 me
582 1863 704 1908 nullo
734 1873 842 1908 teste
866 1871 1158 1941 repraesento,
1185 1862 1279 1904 haec
1303 1860 1450 1904 omnia

22 1930 24 1932 V
56 1936 210 1981 dicat:
247 1952 398 1996 quaero
430 1945 578 1979 utrum
607 1935 704 1994 pius
732 1935 812 1988 sit,
845 1951 899 1977 an
929 1933 1103 1993 impius.
1140 1936 1197 1977 Et
1227 1930 1450 1992 quomodo

55 2022 153 2052 sum
171 2006 346 2066 impius,
366 2006 532 2066 inquit,
558 2006 637 2049 ista
661 2005 842 2049 faciens.
835 2006 852 2038 ἶ)
869 2002 1102 2057 Quomodo
1119 2001 1197 2057 illi,
1219 2001 1273 2045 de
1291 2001 1451 2062 quibus

58 2077 227 2122 dictum
249 2086 314 2121 est
334 2096 343 2122 ε
373 2079 471 2121 «Et
498 2076 737 2120 servierunt
760 2085 970 2119 creaturas
992 2074 1138 2134 potius
1157 2088 1289 2133 quam
1318 2074 1452 2117 Crea-

62 2167 84 2190 »
119 2149 228 2204 tori,
253 2148 330 2209 qui
352 2157 415 2192 est
438 2148 693 2192 benedictus
716 2147 760 2190 in
782 2146 981 2191 saecula⁴.
1011 2165 1031 2187 >›
1058 2143 1289 2199 Quomodo
1311 2160 1354 2188 es
1377 2144 1453 2187 im-

59 2220 182 2280 pius?
213 2219 331 2273 Quid
359 2218 393 2263 si
414 2218 469 2262 de
490 2219 555 2262 his
588 2218 792 2262 omnibus
825 2217 950 2262 bonis
983 2216 1206 2276 operibus,
1239 2224 1314 2259 aut
1342 2213 1453 2258 illud

62 2306 206 2351 speras
238 2290 360 2351 quod
386 2289 649 2350 sperandum
677 2299 762 2344 est,
795 2289 871 2333 sed
901 2304 989 2332 non
1019 2286 1169 2331 abillo
1192 2303 1215 2331 a
1236 2302 1325 2347 quo
1354 2301 1451 2346 spe-

64 2361 252 2406 randum
295 2370 360 2405 est
381 2382 392 2418 3
439 2370 514 2405 aut
550 2361 633 2405 hoc
674 2376 815 2420 speras
839 2396 849 2414 ,
896 2359 1017 2420 quod
1054 2356 1319 2417 sperandum
1367 2372 1457 2401 non

66 2442 156 2489 est,
189 2434 316 2478 etiam
350 2434 406 2477 ab
432 2432 509 2477 illo
542 2449 566 2476 a
593 2449 682 2493 quo
705 2442 867 2476 aeterna
897 2432 984 2475 vita
1006 2429 1218 2490 speranda
1248 2431 1342 2473 est?
1373 2433 1456 2473 Pro

65 2505 194 2551 bonis
225 2505 430 2565 operibus
460 2505 638 2564 sperasti
664 2513 882 2547 terrenam
911 2500 1144 2563 quamdam
1176 2499 1451 2556 felicitatem,

67 2576 227 2636 impius
271 2591 329 2619 es.
376 2577 474 2621 Non
519 2584 583 2618 est
619 2574 698 2618 ista
738 2589 900 2618 merces
936 2571 1054 2616 fidei.
1103 2571 1244 2616 Chara
1287 2586 1352 2614 res
1394 2579 1458 2614 est

119 2668 126 2684 ¹
149 2661 230 2695 Psal.
250 2672 363 2703 xxxw,
381 2661 432 2703 37.
453 2677 495 2683 —-·
514 2668 527 2684 ²
547 2672 559 2692 1
577 2663 648 2693 Cor.
667 2671 737 2703 xm,
762 2669 792 2693 2.
810 2676 851 2683 —-
875 2657 888 2682 3
902 2661 994 2691 Rom.
1014 2669 1058 2700 iv,
1079 2657 1109 2690 5.
1130 2673 1172 2681 —
1192 2656 1274 2689 4111.
1294 2668 1316 2697 1,
1342 2655 1395 2687 25,
