1833 3284
379 248 462 285 532
819 256 852 282 s.
889 257 1120 282 mensum
1153 257 1334 283 EPlSCOPl

376 336 523 366 sanam
552 319 762 365 insaniam
791 328 834 363 et
866 319 1055 363 sobriam
1078 320 1332 364 ebrietatem
1359 317 1475 362 illius
1502 315 1663 369 David,
1689 313 1765 375 qui

375 393 419 436 in
443 392 580 450 figura
610 390 755 434 nescio
777 389 886 450 quid
911 390 1189 446 ostendebat,
1219 389 1397 450 quando
1420 387 1482 432 illi
1505 404 1556 431 ex
1582 400 1766 446 persona

373 462 484 521 regis
507 461 636 506 Aeliis
659 461 891 505 dixerunt:
916 480 935 503 «
954 461 1186 514 Quomodo
1209 470 1272 505 est
1288 462 1327 504 Ῥ
1348 479 1367 501 »
1389 457 1570 520 quaudo
1593 456 1767 501 dicebat

372 532 584 578 Dominus
603 550 610 576 :
631 531 754 575 «Nisi
772 531 869 592 quis
891 530 1222 575 manducaverit
1244 545 1418 575 carnem
1446 544 1609 583 meam,
1635 535 1678 571 et
1700 525 1767 570 bi-

374 622 394 644 »
431 603 544 647 berit
566 602 822 661 sanguinem
845 617 990 645 meum
1005 637 1014 653 ‚
1032 617 1120 646 non
1142 601 1325 646 habebit
1346 601 1390 644 in
1412 616 1456 645 se
1473 599 1652 643 vitam².
1674 599 1767 641 »Et

370 673 433 717 illi
453 673 498 717 in
520 673 681 733 quibus
705 672 915 731 regnabat
933 673 1085 727 Aeliis,
1111 671 1157 716 id
1178 682 1263 727 est,
1290 687 1408 716 error
1431 680 1473 715 et
1499 668 1761 728 ignorantia,

369 744 478 805 quid
501 743 740 788 dixerunt?
761 762 781 784 «
802 743 1035 796 Quomodo
1053 743 1131 787 iste
1150 743 1310 803 poterit
1325 742 1449 786 nobis
1465 741 1567 786 dare
1589 755 1765 784 earnem

373 834 392 857 »
428 830 550 859 suam
581 814 903 858 manducarem
925 833 944 854 n
974 815 1016 859 Si
1042 813 1241 873 ignoras,
1271 822 1416 873 gusta,
1449 822 1492 857 et
1521 811 1621 856 vide
1650 826 1764 872 quo-

368 887 485 932 niam
507 888 647 931 suavis
678 896 742 930 est
765 887 973 931 Dominus
995 905 1003 930 :
1025 887 1058 930 si
1081 896 1227 931 autem
1255 902 1344 930 non
1370 884 1572 943 intelligis
1589 919 1599 939 ‚
1625 899 1700 930 rex
1722 898 1765 926 es

368 959 513 1003 Aeliis.
541 957 799 1002 Immutabit
817 957 971 1002 faeiem
989 973 1113 1002 suam
1135 956 1298 1013 David,
1321 966 1365 1001 et
1387 956 1560 1001 recedet
1582 972 1604 1000 a
1631 964 1697 1010 te,
1723 962 1766 997 et

369 1029 561 1073 dimittet
583 1037 625 1072 te
641 1064 651 1083 ‚
674 1037 717 1072 et
739 1028 890 1072 abibit.

428 1102 556 1144 XIII.
587 1119 602 1139 (ι
626 1102 783 1143 Beatus
806 1100 871 1143 vir
888 1099 965 1159 qui
987 1108 1131 1159 sperat
1148 1100 1193 1144 in
1215 1100 1357 1143 eum4.
1376 1120 1392 1141 »
1416 1102 1509 1143 IIoc
1531 1096 1639 1158 quid
1657 1112 1766 1157 opus

370 1180 433 1215 est
457 1170 534 1215 diu
551 1171 738 1230 exponi?
759 1170 964 1231 Quisquis
978 1186 1067 1214 non
1085 1180 1227 1230 sperat
1243 1172 1287 1214 in
1304 1171 1512 1224 Domino,
1539 1170 1666 1213 miser
1683 1178 1762 1213 est.

369 1242 476 1295 Quis
499 1251 562 1285 est
584 1242 660 1301 qui
682 1257 771 1285 nou
794 1251 937 1301 sperat
956 1242 1000 1285 iu
1017 1243 1234 1286 Domino?
1251 1242 1336 1295 Qui
1359 1242 1404 1285 in
1427 1257 1470 1285 se
1493 1250 1649 1300 sperat.
1671 1239 1765 1284 Ali-

368 1312 549 1374 quando
574 1312 695 1373 quod
712 1315 835 1374 pejus
858 1323 947 1366 est,
975 1312 1125 1357 fratres
1144 1314 1250 1369 mei,
1275 1312 1513 1368 attendite,
1530 1312 1784 1373 aliquando.

367 1385 568 1430 homines
611 1384 771 1428 nolunt
807 1400 978 1444 sperare
1008 1385 1053 1428 in
1085 1401 1155 1439 se,
1199 1384 1275 1429 sed
1302 1385 1348 1428 in
1377 1384 1468 1428 aliis
1497 1384 1762 1428 hominibus.

371 1455 495 1500 Salva
512 1455 651 1499 salute
675 1454 769 1498 Gaii
786 1455 885 1510 Seii,
911 1455 1021 1512 nihil
1043 1455 1150 1499 mihi
1165 1465 1287 1515 potes
1305 1454 1461 1500 faeere.
1484 1458 1541 1499 Et
1563 1454 1675 1499 forte
1697 1455 1766 1499 lo-

367 1526 518 1588 quitur
536 1526 590 1569 de
614 1525 792 1569 homine
806 1526 896 1585 jam
916 1535 1104 1570 mortuo.
1134 1529 1185 1570 In
1204 1526 1283 1569 ista
1300 1526 1473 1570 civitate
1492 1524 1614 1580 dicit,
1642 1524 1766 1571 Salva

366 1597 506 1643 salute
540 1595 682 1650 illius,
718 1604 762 1639 et
793 1594 865 1639 ille
897 1595 942 1639 in
974 1595 1065 1641 aliis
1093 1596 1197 1641 locis
1225 1596 1339 1641 forte
1365 1606 1563 1641 mortuus
1587 1606 1671 1641 est.
1710 1599 1767 1641 Et

365 1683 501 1729 quam
527 1667 613 1711 cito
635 1665 1001 1710 dieunthomines
1025 1667 1107 1711 hoe
1131 1676 1200 1712 :et
1216 1683 1306 1711 non
1328 1667 1497 1722 dicunt,
1520 1668 1662 1712 Credo
1675 1671 1765 1712 Deo

365 1739 468 1800 quia
484 1754 575 1783 non
595 1747 635 1782 te
652 1737 864 1797 permittit
876 1752 1032 1781 nocere
1048 1738 1170 1781 mihi.
1188 1740 1285 1783 Non
1301 1737 1456 1782 dieunt
1477 1757 1486 1782 ;
1514 1739 1656 1783 Credo
1675 1741 1766 1782 Deo

366 1826 488 1865 meo,
515 1810 619 1869 quia
641 1817 684 1852 et
706 1808 740 1851 si
754 1817 796 1851 te
813 1808 1056 1867 permiserit
1072 1807 1127 1852 ad
1144 1808 1310 1868 aliquid
1325 1824 1487 1863 meum,
1505 1808 1560 1852 ad
1576 1810 1765 1853 animam

365 1896 510 1926 meam
534 1895 625 1924 non
647 1888 689 1923 te
712 1878 950 1938 permittet.
981 1877 1063 1923 Sed
1080 1894 1179 1922 eum
1198 1878 1352 1923 dieunt
1367 1914 1378 1934 ,
1403 1878 1526 1923 Salva
1549 1879 1687 1923 salute
1708 1879 1764 1924 il-

366 1951 451 1996 lius
465 1986 476 2006 ‚
502 1966 583 1994 nee
601 1950 681 2009 ipsi
703 1947 859 1993 volunt
880 1948 1043 1992 habere
1068 1947 1251 1993 salutem
1266 1984 1277 2004 ‚
1304 1959 1347 1993 et
1367 1948 1464 1994 illos
1487 1959 1667 2009 gravant
1688 1966 1766 2011 per

365 2038 477 2083 quos
494 2030 651 2081 putant
673 2020 832 2064 habere
848 2018 1049 2063 salutem.

427 2094 549 2136 XIV.
580 2111 599 2133 «
623 2091 788 2134 Timete
807 2089 1041 2133 Dominum
1065 2104 1214 2133 omnes
1237 2090 1372 2134 saneti
1395 2092 1508 2152 ejus,
1530 2091 1633 2152 quia
1654 2091 1765 2136 nihil

369 2184 390 2205 n
427 2161 549 2206 deest
570 2160 825 2205 timentibus
849 2175 949 2203 eum
965 2162 995 2203 5.
1025 2178 1044 2200 »
1071 2159 1200 2204 Multi
1223 2161 1337 2204 enim
1354 2171 1582 2221 propterea
1605 2162 1764 2207 nolunt

368 2235 523 2278 timere
546 2232 810 2287 Dominum,
837 2247 891 2275 ne
914 2230 1074 2275 famem
1094 2232 1329 2290 patiantur.
1353 2233 1518 2277 Dicitur
1539 2232 1623 2277 illis
1642 2253 1650 2278 z
1671 2236 1762 2279 No-

365 2305 442 2350 lite
456 2303 657 2349 fraudem
676 2302 831 2347 faeere.
858 2304 915 2345 Et
937 2299 1117 2347 dieunt:
1143 2303 1268 2346 Unde
1290 2318 1358 2347 me
1382 2305 1540 2363 pasco?
1559 2307 1655 2349 Non
1679 2320 1761 2364 po-

368 2386 453 2422 test
470 2392 536 2421 ars
554 2376 644 2420 sine
659 2376 897 2435 impostura
915 2389 1026 2429 esse,
1048 2390 1137 2418 non
1156 2383 1298 2434 potest
1315 2376 1536 2434 negotium
1559 2391 1648 2420 esse
1669 2377 1761 2421 siue

366 2446 539 2494 fraude.
570 2446 654 2492 Sed
677 2444 875 2490 fraudem
902 2444 1030 2505 punit
1054 2448 1182 2489 Deus.
1213 2445 1332 2489 Time
1355 2449 1510 2491 Deum,
1540 2447 1623 2492 Sed
1647 2448 1681 2491 si
1704 2448 1760 2492 ti-

417 2552 424 2566 ¹
453 2556 463 2575 1
486 2547 563 2584 neg.
585 2554 658 2583 xxi,
687 2554 736 2574 u.
757 2559 800 2564 —-·
824 2549 836 2565 2
854 2544 944 2572 Joan.
968 2552 1019 2582 vr,
1036 2540 1088 2582 54.
1115 2539 1284 2573 -31bid.
1305 2542 1359 2574 53.
1379 2560 1422 2565 -—-
1447 2541 1561 2576 4Psal.
1583 2555 1681 2577 xxxin
1696 2570 1704 2585 ‚
1723 2556 1754 2588 9.

369 2617 409 2623 -—-
426 2606 438 2622 '¹
456 2600 535 2631 lbid.
564 2612 610 2631 ιι).
