1833 3284
406 231 648 260 ENARRATIO
681 233 726 260 m
758 231 961 261 PsALMUM
995 234 1072 260 vn.
1216 219 1220 222 ’
1347 222 1429 261 167

49 318 70 355 >3
97 299 216 358 giens
246 299 425 354 circuit,
458 313 657 358 quaerens
684 313 817 358 quem
844 296 1063 342 devoret1.
1092 314 1112 338 »
1145 300 1299 358 Itaque
1330 291 1432 343 cum

45 360 211 424 diceret
231 385 308 429 per
327 363 542 429 pluralem
563 383 816 424 numerum,
845 387 867 410 «
894 366 1071 412 Salvum
1088 383 1158 412 me
1180 367 1249 413 fac
1271 383 1322 415 ex
1342 385 1433 414 om-

48 458 74 492 »,
103 440 232 485 nibus
252 438 612 500 persequentibus
634 454 705 483 me
724 474 736 494 ,
763 457 783 481 »
810 438 1073 498 singularem
1089 448 1238 499 postea
1253 440 1430 497 intulit,

46 503 218 567 dicens,
254 502 276 554 ιζ
298 509 541 573 Nequando
568 510 708 570 rapiat
732 519 784 555 ut
803 509 872 556 leo
891 510 1079 555 animam
1102 526 1259 555 meam.
1292 530 1314 554 »
1335 515 1436 558 Non

45 581 163 638 enim
182 582 241 627 ait
258 600 268 627 z
286 600 305 622 «
317 580 560 642 Nequando
574 581 766 640 rapiant:
782 600 800 623 »
816 581 952 626 sciens
963 581 1059 641 quis
1068 581 1270 626 restiterit
1285 581 1433 627 inimi-

44 667 144 708 cius,
169 661 213 703 et
229 651 435 712 perfectae
452 651 608 713 animae
626 652 907 696 vehementer
928 651 1149 697 adversus.
1175 671 1196 701 ς(
1206 655 1323 697 Dum
1343 669 1434 698 non

46 739 69 764 »
104 722 261 784 estqui
282 721 493 778 redimat,
518 737 663 782 neque
675 722 752 783 qui
773 721 943 767 salvum
960 720 1090 766 faciat
1116 742 1125 767 :
1153 740 1173 764 »
1194 722 1241 767 id
1261 732 1324 767 est
1338 759 1349 778 ,
1378 739 1434 768 ne

43 791 117 846 ille
144 793 304 853 rapiat,
330 792 436 845 dum
459 802 510 837 tu
532 808 620 837 non
642 792 816 837 redimis
831 827 843 848 ,
868 807 1013 853 neque
1044 792 1214 838 salvum
1243 793 1364 838 facis.
1393 794 1437 840 Si

42 863 160 916 enim
182 866 297 912 Deus
323 857 414 908 non
432 863 619 908 redimat
633 898 643 918 ,
668 878 812 923 neque
835 861 1002 919 salvum
1031 861 1185 918 faciat,
1210 862 1285 907 ille
1304 865 1431 924 rapit.

103 936 199 991 111.-
220 937 278 990 Et
304 943 354 988 nt
375 933 653 978 manifestum
682 934 735 979 sit
756 934 846 994 jam
874 932 1113 993 perfectam
1141 934 1330 978 animam
1350 936 1436 981 hoc

42 1001 208 1063 dicere,
244 1004 316 1048 cui
352 1004 485 1049 solius
522 1003 684 1049 diaboli
710 1003 1122 1049 fraudulentissimae
1161 1004 1329 1049 insidiae
1365 1022 1433 1052 ca-

42 1075 196 1127 vendae
210 1084 333 1131 sunt,
358 1074 459 1122 vide
481 1074 588 1135 quid
609 1084 816 1135 sequatur
841 1094 851 1120 :
866 1094 891 1136 ,α
907 1074 1092 1119 Domine
1113 1078 1228 1120 Deus
1242 1091 1380 1133 meus,
1400 1078 1436 1122 si

43 1163 65 1188 »
92 1143 174 1195 feci
194 1146 354 1199 istud'2.
374 1145 493 1200 Quid
515 1155 577 1191 est
599 1145 721 1206 quod
741 1155 869 1190 vocat
894 1165 915 1188 «
930 1144 1111 1202 Istud?»
1136 1149 1207 1190 An
1223 1147 1326 1208 quia
1343 1164 1434 1194 non

41 1216 149 1267 dicit
175 1205 338 1267 nomen
358 1217 525 1277 peccati
539 1252 551 1273 ,
570 1216 812 1261 universale
832 1227 1064 1277 peecatum
1099 1217 1435 1277 intelligendum

41 1286 136 1347 est?
168 1288 254 1342 Qui
280 1281 527 1340 intelle-ctus
550 1288 597 1345 =si
638 1287 859 1348 displicet,
903 1286 1016 1334 illud
1047 1289 1310 1349 accipiamus
1349 1291 1434 1336 dici

41 1357 161 1419 quod
178 1359 373 1419 sequitur
395 1378 402 1404 :
423 1368 631 1419 tanquam
655 1358 690 1403 si
706 1359 1090 1418 interrogassemus
1106 1395 1117 1415 ,
1137 1359 1247 1420 quid
1268 1370 1331 1405 est
1350 1362 1434 1406 hoc

40 1429 164 1491 quod
185 1428 307 1485 dicis,
337 1448 358 1471 «
375 1429 530 1474 Istud?
554 1448 574 1472 »
600 1428 850 1488 respondet,
875 1449 895 1472 «
919 1429 961 1474 Si
975 1439 1039 1473 est
1059 1430 1264 1490 iniquitas
1281 1431 1326 1476 in
1346 1447 1435 1476 ma-

43 1517 65 1540 »
100 1499 230 1548 nibus
251 1499 372 1544 meis.
401 1518 421 1541 »
455 1502 552 1544 Jam
575 1515 679 1559 ergo
700 1499 980 1545 manifestum
1004 1510 1068 1544 est
1083 1536 1094 1557 ,
1116 1500 1171 1545 de
1189 1502 1309 1546 omni
1332 1518 1434 1562 pec-

40 1579 138 1631 cato
158 1568 265 1626 dici,
295 1590 316 1613 «
341 1570 383 1616 Si
406 1569 576 1616 reddidi
590 1570 934 1615 retribuentibus
955 1571 1063 1614 mihi
1084 1571 1239 1615 malass.
1260 1590 1280 1613 »
1302 1573 1433 1626 Quod

40 1655 130 1690 non
151 1649 293 1701 potest
319 1655 420 1692 vere
441 1639 609 1696 dicere,
634 1641 715 1684 nisi
738 1639 970 1700 perfectus.
1000 1641 1074 1686 Ait
1095 1642 1258 1702 quippe
1280 1644 1433 1688 Domi-

40 1726 122 1755 nus
148 1704 157 1754 i
187 1730 207 1754 α
227 1713 377 1755 Estote
397 1710 595 1770 perfecti,
615 1710 727 1755 sicut
744 1714 871 1756 Pater
888 1721 1029 1756 vester
1051 1713 1127 1772 qui
1144 1722 1208 1756 est
1228 1713 1274 1756 in
1292 1713 1429 1770 coelis,

8 1810 9 1813 η
42 1798 64 1822 »
86 1781 163 1842 qui
177 1777 311 1826 solem
333 1775 462 1826 suum
479 1781 582 1827 oriri
596 1780 700 1826 facit
714 1798 846 1843 super
861 1783 999 1840 honos
1017 1792 1061 1826 et
1073 1782 1231 1839 malos,
1257 1793 1300 1828 et
1321 1783 1434 1844 pluit

42 1870 63 1894 >›
87 1867 217 1913 super
240 1852 407 1913 justos,
433 1862 476 1897 et
497 1853 678 1914 injustos
693 1855 724 1897 4.
747 1872 767 1895 »
793 1854 879 1907 Qui
904 1869 1005 1913 ergo
1027 1870 1117 1899 non
1139 1854 1285 1900 reddit
1306 1856 1433 1900 retri-

39 1921 278 1979 buentibus
311 1922 448 1980 mala,
473 1923 692 1984 perfectus
723 1934 800 1969 est.
839 1927 953 1970 Cum
986 1925 1133 1984 itaque
1167 1935 1261 1969 oret
1289 1926 1432 1970 anima

39 1991 232 2056 perfecta
247 2029 258 2049 ,
288 2014 308 2042 ςς
327 1998 412 2041 Pro
433 1987 577 2040 verbis
602 1995 759 2050 Chusi,
791 1994 869 2039 filii
891 1995 1086 2051 Gemini,
1116 2014 1136 2036 »
1171 1995 1218 2040 id
1239 2006 1324 2052 est,
1349 2013 1430 2057 pro

39 2064 289 2124 cognitione
326 2064 442 2112 illius
470 2066 623 2117 secreti
660 2076 791 2127 atque
819 2065 1000 2122 silentii,
1035 2066 1155 2127 quod
1188 2083 1266 2127 pro
1290 2067 1429 2113 salute

39 2145 186 2193 nostra
207 2146 410 2198 operatus
424 2147 486 2182 est
499 2137 713 2198 propitius
735 2137 860 2182 nobis
883 2147 926 2182 et
942 2137 1182 2182 misericors
1200 2140 1427 2196 Dominus,

39 2215 91 2251 ut
112 2206 315 2252 toleraret
327 2217 370 2252 et
384 2208 695 2268 patientissime
711 2210 943 2254 sustineret
959 2208 1083 2254 dolos
1099 2209 1319 2254 traditoris
1334 2212 1400 2256 sui
1417 2231 1426 2256 :

39 2287 249 2341 tanquam
265 2280 367 2324 huic
387 2278 592 2342 perfectae
609 2281 786 2337 animae,
808 2280 924 2326 dicat
937 2317 948 2337 ,
972 2297 1192 2343 exponens
1214 2282 1430 2328 rationem

39 2350 172 2410 ipsius
191 2352 341 2395 secreti
359 2371 366 2396 ε
389 2371 408 2393 α
418 2355 512 2412 Ego
527 2368 605 2412 pro
628 2362 671 2400 te
688 2353 820 2412 impio
842 2362 885 2397 et
902 2362 1145 2412 peccatore,
1170 2362 1221 2397 ut
1246 2363 1330 2397 tuae
1350 2354 1428 2399 ini-

40 2421 226 2480 quitates
248 2422 334 2474 mei
355 2423 573 2480 sanguinis
596 2424 809 2468 ess'usione
836 2423 1099 2480 lavarentur,
1124 2440 1284 2483 magno
1307 2424 1434 2470 silen-

40 2483 102 2536 tio
139 2500 182 2536 et
204 2507 358 2550 magna
391 2493 598 2553 patientia
625 2493 876 2538 traditorem
901 2509 1048 2538 meum
1070 2494 1257 2554 pertuli,
1283 2511 1432 2557 nonne

89 2581 100 2597 ¹
123 2585 138 2607 1
154 2577 241 2610 Petr.
266 2586 301 2620 v,
312 2575 346 2611 8.
366 2593 408 2601 --
427 2582 440 2600 ²
458 2576 542 2611 Psal.
559 2588 615 2620 vu,
631 2576 666 2620 4.
687 2596 729 2602 -
745 2576 759 2603 3
780 2579 864 2613 Ibid·
879 2577 914 2612 5.
932 2595 976 2603 -
994 2578 1014 2611 4
1030 2579 1153 2614 Matth.
1168 2592 1202 2624 v,
1223 2579 1265 2624 45
1280 2585 1314 2613 et
1337 2579 1392 2622 48.
