1833 3284
424 168 508 207 416
839 181 871 207 s.
910 179 1140 208 Arcus-‘nm
1176 182 1354 209 muscom

423 267 442 288 »
478 247 594 290 minc
611 250 669 289 ¹.»
696 246 810 292 Nihil
827 246 1059 302 salubrius,
1082 248 1188 292 nihil
1211 248 1417 293 securius.
1446 248 1632 293 Volebas
1652 249 1809 293 imitari

420 317 564 362 nescio
586 333 740 377 quem,
766 318 970 362 invenisti
994 318 1116 362 illum
1144 334 1233 363 non
1257 319 1422 363 bonum
1449 338 1457 362 :
1485 318 1589 363 tolle
1611 319 1812 364 imitatio-

420 404 520 432 nem
550 389 677 433 hanc.
706 388 853 433 Alium
877 390 1097 450 quaesisti,
1128 390 1273 435 nescio
1297 390 1405 451 quid
1426 389 1647 451 displicuit
1675 410 1684 435 ι
1721 400 1811 436 ter-

422 459 529 503 tium
550 459 768 520 quaesisti,
795 469 837 504 et
860 460 951 520 ipse
973 476 1062 504 non
1086 460 1250 520 placuit
1275 480 1285 506 ε
1311 460 1529 522 numquid
1549 461 1650 522 quia
1673 471 1716 506 et
1739 461 1812 506 ille

419 529 661 590 displicuit,
692 540 735 575 et
762 540 811 575 tu
840 531 1026 591 peribis?
1068 550 1087 573 «
1113 531 1233 576 Tolle
1255 533 1310 576 ab
1332 532 1509 576 homine
1537 547 1680 592 spem,
1711 534 1813 593 quia

423 619 443 642 »
479 601 736 646 maledictus
760 602 898 646 omnis
921 602 996 663 qui
1019 617 1139 662 spem
1167 618 1287 647 suam
1313 603 1437 663 ponit
1460 602 1504 647 in
1532 603 1709 648 homine
1732 606 1764 647 ².
1789 622 1809 645 »

422 671 462 716 Si
495 670 682 716 attendis
711 673 856 717 adhuc
886 672 1133 728 hominem,
1170 682 1213 717 et
1241 689 1341 717 eum
1374 673 1532 734 quaeris
1564 674 1746 730 imitari,
1772 683 1815 719 ct

419 758 469 786 ex
501 742 577 787 illo
607 744 821 803 pendere,
851 743 995 788 adhuc
1019 743 1131 789 lacte
1151 743 1214 788 vis
1236 745 1420 803 nutriri3
1443 754 1486 789 et
1508 746 1582 790 fies
1608 759 1816 790 mammo-

423 815 636 875 threptus,
656 814 805 876 quales
828 816 1035 860 dicuntur
1057 816 1181 876 pueri
1202 817 1278 877 qui
1296 816 1370 861 diu
1389 826 1567 876 sugunt,
1589 818 1709 879 quod
1725 834 1816 863 non

420 888 559 933 decet.
596 888 771 932 Etenim
799 888 912 933 lacte
942 888 1033 944 uti,
1060 898 1269 949 tanquam
1289 905 1365 949 per
1387 904 1561 933 carnem
1587 889 1698 934 velle
1731 889 1814 934 sibi

420 959 569 1004 cibum
594 960 750 1021 trajici,
772 961 855 1005 hoc
878 959 993 1004 idem
1017 969 1081 1005 est
1102 976 1178 1020 per
1202 960 1425 1005 hominem
1441 961 1600 1006 vivere.
1626 961 1817 1006 Idoneus

420 1041 512 1076 esto
535 1033 590 1076 ad
618 1047 834 1087 mensam,
860 1031 962 1075 inde
989 1047 1094 1091 capc
1116 1032 1235 1076 unde
1257 1031 1329 1075 ille
1356 1032 1495 1092 cepit,
1532 1041 1606 1077 aut
1637 1031 1818 1077 fortasse

421 1118 509 1147 non
532 1103 662 1162 cepit.
692 1106 824 1147 Forte
842 1101 1007 1147 utiliter
1024 1113 1067 1146 et
1088 1102 1133 1146 in
1156 1101 1322 1146 malum
1344 1101 1557 1159 incidisti,
1584 1119 1713 1164 quem
1734 1103 1816 1147 bo-

421 1189 527 1218 num
562 1173 750 1234 putasti,
788 1182 837 1217 ut
862 1173 907 1217 in
932 1174 1068 1218 ubere
1096 1174 1217 1234 quasi
1254 1183 1453 1218 materno
1480 1173 1816 1219 amaritudinem

420 1244 659 1300 invenires,
688 1254 730 1289 et
753 1261 800 1289 ea
819 1245 1061 1290 offensionc
1085 1244 1369 1304 repellereriS,
1391 1254 1435 1289 et
1456 1245 1511 1289 ad
1534 1245 1683 1290 cibum
1705 1244 1816 1290 vali-

421 1316 586 1360 diorem
617 1315 872 1360 invitareris.
901 1316 1087 1360 Faciunt
1110 1316 1226 1359 enim
1270 1317 1353 1360 hoc
1384 1316 1573 1361 nutrices
1600 1332 1815 1361 mammo-

421 1387 604 1447 threptis
617 1423 632 1443 ,
662 1396 711 1430 ut
739 1386 883 1448 aliqua
907 1403 1051 1431 amara
1070 1396 1237 1447 ponant
1258 1386 1304 1431 in
1325 1386 1495 1447 papillis
1513 1388 1623 1444 suis,
1654 1388 1815 1449 quibus

417 1460 572 1504 offensi
595 1458 766 1520 parvuli
789 1460 844 1504 ab
867 1459 1002 1504 ubere
1026 1459 1243 1515 resiliant,
1270 1469 1313 1503 et
1333 1458 1388 1504 ad
1409 1475 1603 1504 mensam
1627 1460 1809 1505 inhient.

416 1533 533 1589 Ergo
567 1530 707 1575 dicat:
749 1550 768 1572 «
791 1534 885 1590 Ego
916 1541 1061 1575 autem
1093 1530 1137 1574 in
1172 1540 1215 1575 te
1238 1530 1433 1591 speravi,
1460 1531 1644 1576 Domine
1671 1531 1812 1587 :dixi,

418 1620 438 1642 »
477 1605 542 1645 Tu
562 1617 605 1646 es
622 1606 735 1646 Deus
755 1618 890 1646 meus.
919 1605 983 1646 Tu
1002 1619 1045 1646 cs
1069 1606 1183 1646 Deus
1205 1618 1327 1646 meus
1356 1622 1364 1646 :
1392 1602 1566 1647 recedat
1589 1605 1783 1647 Donatus
1799 1638 1810 1658 ‚

416 1672 586 1716 recedat
604 1673 859 1718 Caecilianus
883 1693 890 1717 :
912 1689 992 1717 nec
1013 1672 1085 1716 ille
1102 1708 1112 1727 ,
1139 1689 1218 1717 nec
1240 1673 1319 1717 iste
1338 1676 1451 1717 Deus
1474 1688 1593 1717 meus
1617 1682 1694 1718 est.
1715 1676 1813 1718 Non

413 1743 467 1786 ad
498 1743 685 1787 hominis
715 1759 876 1788 nomen
900 1743 1102 1798 ambulo,
1129 1744 1288 1788 Christi
1306 1759 1466 1788 nomen
1496 1753 1638 1788 teneo.
1665 1747 1811 1803 {psum

415 1813 601 1858 Paulum
624 1814 725 1859 audi
747 1814 963 1859 dicentem
982 1835 990 1859 ι
1013 1835 1029 1855 «
1052 1815 1278 1875 Numquid
1295 1814 1452 1859 Paulus
1470 1830 1548 1874 pro
1565 1815 1688 1860 vobis
1711 1832 1812 1860 cru-

415 1903 435 1926 »
472 1886 624 1930 ciiixus
647 1895 726 1941 cst,
745 1886 882 1930 autin
905 1886 1081 1930 nomine
1102 1886 1223 1930 Pauli
1247 1886 1453 1945 baptizati
1475 1886 1599 1930 cstis³
1614 1891 1630 1928 ’ἐ
1651 1906 1669 1927 »
1689 1887 1810 1930 Peri-

413 1972 503 2001 rem
527 1957 559 2001 si
583 1972 716 2001 essem
736 1956 790 2001 de
816 1967 936 2017 parte
959 1956 1079 2001 Pauli
1095 1992 1107 2013 ,
1127 1957 1350 2017 quomodo
1369 1972 1458 2001 non
1476 1972 1606 2017 pereo
1629 1957 1664 2001 si
1687 1956 1810 2002 fuero

411 2027 466 2072 dc
485 2037 607 2087 parte
632 2028 819 2072 Donati?
844 2032 1023 2072 Prorsus
1048 2028 1252 2073 recedant
1276 2028 1467 2072 humana
1492 2029 1667 2072 nomina
1684 2064 1694 2084 ,
1721 2029 1808 2072 hu-

412 2114 536 2142 mana
556 2098 736 2143 crimina
752 2134 762 2153 ,
789 2099 981 2143 humana
1005 2100 1228 2158 figmenta.
1259 2118 1277 2140 «
1307 2102 1358 2142 In
1386 2108 1428 2143 te
1444 2134 1455 2154 ,
1480 2099 1686 2154 Domine,
1707 2115 1808 2159 spe-

416 2191 431 2211 »
468 2170 558 2214 ravi
581 2189 589 2214 :
619 2170 709 2214 dixi
734 2190 742 2215 :
771 2173 836 2214 Tu
860 2187 903 2215 es
927 2175 1040 2215 Dcus
1065 2186 1198 2214 meus.
1228 2191 1244 2211 »
1271 2173 1368 2216 Non
1391 2171 1523 2215 homo
1546 2172 1776 2232 quisquam
1792 2207 1804 2226 ‚

407 2240 482 2284 sed
515 2250 562 2284 tu
590 2256 633 2284 es
663 2244 777 2285 Deus
805 2257 941 2285 meus.
976 2243 1094 2285 Unus
1117 2241 1288 2296 deficit,
1316 2257 1430 2286 unus
1453 2242 1625 2301 proficit
1651 2260 1660 2286 :
1693 2245 1806 2286 Deus

408 2328 529 2356 meus
552 2328 641 2357 non
662 2312 833 2366 deficit,
859 2328 1002 2373 neque
1024 2312 1222 2372 proficit3
1249 2328 1328 2357 nec
1348 2313 1483 2358 habet
1502 2329 1591 2374 quo
1610 2313 1806 2372 proficiat

407 2383 648 2442 perfectus,
676 2399 757 2427 nec
795 2384 930 2427 habet
966 2382 1084 2427 unde
1122 2383 1297 2427 deficiat
1320 2392 1523 2428 [eternus.
1562 2384 1694 2429 «Dixi
1714 2387 1803 2428 Do·-

410 2472 429 2495 »
466 2455 585 2499 mino
607 2471 614 2496 z
644 2459 755 2500 Deus
778 2470 900 2499 meus
920 2470 963 2498 es
984 2463 1048 2498 tu.
1066 2472 1086 2496 »

455 2549 461 2564 ¹
482 2542 561 2574 rsal.
584 2553 661 2583 nx,
686 2542 737 2574 15.
760 2549 826 2564 —-²
845 2544 965 2574 Jerein.
990 2552 1074 2582 xvii,
1102 2541 1131 2572 ὁ.
1155 2558 1195 2563 -
1214 2540 1227 2564 ³
1257 2552 1268 2573 ι
1290 2544 1363 2574 Cor.
1391 2550 1413 2582 1,
1444 2541 1493 2573 13.
