1833 3284
375 271 616 301 ENARRATIO
649 275 681 300 11
715 275 759 301 IN
793 273 996 302 PsALMUM
1030 274 1146 301 xxxt.
1379 262 1463 303 463

8 351 11 359 ‹
75 325 313 369 defuerunt
333 327 410 387 qui
427 326 622 371 dicerent
633 344 721 372 non
738 343 827 372 esse
849 331 988 372 Deum
1009 363 1020 383 ‚
1043 329 1119 388 qui
1135 327 1352 388 gubernat
1373 344 1467 373 om-

73 397 146 440 nia
168 406 212 441 et
227 396 424 441 condidit
445 398 590 443 omnia
604 434 615 454 ,
643 399 719 443 sed
741 415 829 444 esse
851 398 1012 443 multos
1028 398 1131 443 deos
1151 409 1352 444 vacantes
1381 395 1463 444 sibi

72 476 232 528 praeter
253 467 492 524 mundum,
515 485 606 514 non
627 479 829 514 curantes
853 470 948 514 ista.
975 472 1089 528 Ergo
1113 479 1209 525 aut,
1245 473 1378 516 «Non
1400 479 1465 515 est

78 558 96 580 »
132 542 277 597 Deus;
306 559 324 580 »
362 540 443 584 hoc
471 539 576 585 dicit
607 541 765 600 impius
782 576 793 596 ‚
829 540 900 584 cui
929 539 1128 600 displicet
1155 540 1377 601 quidquid
1399 540 1463 584 illi

72 609 230 654 accidit
262 619 422 670 praeter
446 609 741 667 voluntatem,
781 620 824 655 et
853 611 976 655 alteri
1003 626 1092 655 non
1124 610 1284 656 accidit
1315 611 1386 656 cui
1418 627 1463 656 se

70 681 288 741 praeponit
315 699 323 725 :
349 690 448 737 aut,
475 701 492 723 «
511 683 702 742 Injustus
723 685 836 726 Deus
857 691 920 726 est
938 717 949 738 ,
968 702 985 724 »
1009 682 1080 726 cui
1100 681 1181 726 ista
1197 682 1393 741 placent,
1419 690 1462 727 et

68 753 146 813 qui
179 753 273 797 haec
305 751 430 808 facit,
469 764 565 809 aut,
604 757 733 799 «Non
756 754 971 812 gubernat
993 756 1109 799 Deus
1134 769 1198 797 res
1222 754 1457 809 humanas,

68 836 150 868 nec
171 839 275 868 cura
299 833 363 868 est
390 823 452 868 illi
481 824 536 868 de
569 825 788 869 omnibus.
812 845 829 866 »
857 828 908 869 In
940 825 1030 869 istis
1062 824 1203 869 tribus
1237 824 1460 868 sententiis

66 909 223 954 magna
242 896 439 956 impietas
454 932 465 952 ‚
492 906 567 941 aut
584 912 744 956 negare
772 900 909 941 Deum
928 932 939 952 ‚
966 906 1042 940 aut
1058 895 1203 940 dicere
1224 896 1453 955 injustum,

66 975 142 1012 aut
176 967 346 1011 auferre
379 966 443 1011 illi
472 968 834 1025 gubernationem
856 983 1017 1011 rerum.
1045 970 1188 1020 Quare
1210 967 1324 1011 hoc?
1346 966 1457 1019 Quia

66 1037 274 1083 distortus
309 1047 373 1083 est
404 1038 549 1083 corde.
577 1042 738 1084 Rectus
766 1048 830 1083 est
851 1042 987 1093 Deus,
1019 1048 1063 1082 et
1089 1037 1192 1082 ideo
1221 1037 1454 1082 distortum

65 1125 141 1154 cor
162 1109 225 1154 illi
247 1126 337 1154 non
360 1110 607 1171 acquiescit.
643 1110 771 1164 Quod
789 1110 834 1153 in
853 1109 937 1154 alio
956 1109 1126 1154 Psalmo
1147 1118 1211 1153 est
1229 1144 1239 1164 ‚
1270 1128 1290 1151 «
1315 1111 1457 1162 Quam

69 1203 87 1224 »
124 1182 266 1227 bonus
290 1186 403 1227 Deus
438 1182 594 1238 lsrael,
627 1183 754 1226 rectis
774 1181 945 1226 corde1.
970 1200 990 1223 »
1015 1185 1072 1225 Et
1095 1181 1196 1241 quia
1218 1180 1349 1224 talem
1376 1181 1456 1224 ha-

63 1252 199 1298 bebat
216 1253 308 1313 ipse
324 1252 560 1313 aliquando
578 1252 836 1296 sententiam
853 1287 863 1307 ‚
889 1271 906 1292 «
923 1251 1156 1304 Quomodo
1174 1250 1297 1295 scivit
1315 1253 1429 1294 Deus
1441 1285 1452 1305 ‚

68 1344 87 1366 »
123 1334 199 1369 aut
219 1324 253 1368 si
275 1333 339 1369 est
360 1324 537 1370 scientia
560 1324 835 1368 Altissimo2?
861 1345 878 1366 »
905 1322 1004 1367 ideo
1025 1323 1084 1366 ibi
1103 1322 1308 1383 subjecit,
1338 1321 1456 1366 «Mei

64 1414 86 1438 »
123 1405 268 1439 autem
288 1411 401 1456 pene
431 1397 540 1440 moti
561 1405 663 1439 sunt
696 1394 827 1455 pedes
842 1396 872 1439 3.
902 1413 922 1436 >›
961 1393 1194 1447 Quomodo
1222 1392 1456 1436 distortum

60 1467 248 1527 lignum,
270 1467 348 1511 etsi
371 1483 506 1527 ponas
528 1468 573 1511 in
595 1467 847 1527 pavimento
864 1465 1022 1527 aequali
1040 1500 1049 1520 ‚
1083 1480 1173 1508 non
1195 1462 1451 1508 collocatur:

61 1554 152 1583 non
169 1538 515 1598 compaginatur,
536 1554 617 1582 nec
635 1537 903 1599 adjungitur,
924 1552 1092 1596 semper
1106 1536 1291 1593 agitatur
1307 1543 1351 1578 et
1370 1550 1456 1578 nu-

60 1617 147 1666 tat3
169 1625 259 1653 non
281 1609 382 1669 quia
402 1608 618 1669 inaequale
647 1618 710 1653 est
738 1608 817 1652 ubi
839 1608 1044 1668 posuisti,
1069 1607 1144 1651 sed
1170 1606 1273 1666 quia
1294 1604 1454 1649 distor-

59 1688 157 1724 tum
179 1689 243 1724 est
260 1679 381 1741 quod
402 1680 604 1739 posuisti,
644 1680 702 1724 ita
734 1689 777 1724 et
800 1695 874 1724 cor
898 1689 1025 1723 tuum
1049 1676 1248 1738 quandiu
1270 1691 1454 1736 pravum

59 1759 123 1795 est
141 1759 185 1794 et
207 1749 466 1806 distortum,
492 1766 581 1794 non
604 1759 747 1810 potest
768 1749 984 1794 colliniari
1006 1747 1259 1792 rectitudini
1280 1746 1384 1802 Dei,
1411 1754 1456 1790 et

59 1838 151 1867 non
178 1831 322 1882 potest
353 1823 398 1867 in
430 1821 506 1867 illo
530 1821 732 1867 collocari
754 1831 805 1866 ut
829 1822 994 1865 haereat
1016 1819 1106 1875 illi,
1134 1828 1177 1863 ct
1199 1819 1290 1862 fiat.
1322 1837 1342 1860 α
1369 1817 1455 1871 Qui

61 1891 298 1937 »adhaeret
333 1892 547 1948 Domino⁷
582 1908 696 1936 unus
731 1892 905 1951 spiritus
937 1900 1000 1934 est
1022 1891 1054 1933 4.
1084 1908 1104 1931 »
1148 1888 1253 1933 Ideo
1286 1907 1305 1930 «
1327 1887 1454 1932 Reeti

59 1983 81 2007 ))
97 1963 228 2009 corde
242 1963 484 2023 gloriamini
498 1983 518 2005 n
535 1964 655 2008 dixit.
670 1962 902 2017 Quomodo
916 1962 1021 2006 recti
1036 1960 1166 2005 corde
1183 1959 1454 2019 gloriantur?

57 2035 221 2082 Audite
245 2035 546 2094 gloriationem
570 2035 762 2095 ipsorum
790 2055 798 2079 :
826 2036 957 2079 «Non
984 2032 1126 2077 solum
1149 2041 1321 2085 autem,
1347 2029 1454 2074 dicit

59 2126 80 2149 »
117 2105 375 2166 Apostolus,
397 2105 473 2150 sed
494 2115 536 2150 et
551 2105 786 2164 gloriamur
805 2105 850 2149 in
872 2102 1233 2148 tribulationibus
1251 2104 1317 2145 ⁵.»
1342 2103 1453 2145 Nam

57 2193 148 2222 non
171 2186 235 2221 est
254 2192 463 2235 magnum
486 2176 657 2235 gloriari
690 2177 735 2220 in
769 2174 935 2235 gaudiis
951 2210 962 2229 ,
989 2173 1158 2232 gloriari
1187 2172 1233 2216 in
1252 2170 1414 2215 laetitiis
1439 2190 1449 2215 ε

57 2258 200 2292 rectus
222 2247 353 2292 corde
375 2248 505 2292 etiam
522 2248 568 2292 in
584 2247 868 2292 tribulatione
891 2245 1115 2305 gloriatur.
1130 2247 1188 2288 Et
1209 2242 1312 2287 audi
1333 2257 1448 2302 quo-

57 2319 190 2365 modo
202 2318 411 2378 gloriatur
421 2319 467 2363 in
482 2318 766 2363 tribulatione
783 2340 793 2377 3
810 2318 911 2379 quia
923 2332 1013 2361 non
1028 2315 1187 2359 frustra
1200 2314 1448 2375 quisquam,

58 2406 150 2434 non
172 2405 469 2450 supervacue:
499 2389 599 2435 vide
631 2399 799 2434 rectum
831 2404 906 2433 cor
937 2407 946 2432 :
987 2406 1006 2428 «
1035 2386 1252 2440 Scientes⁷
1276 2384 1447 2445 inquit,

61 2478 84 2502 ))
119 2460 220 2521 quia
260 2460 486 2506 tribulatio
516 2461 767 2521 patientiam
799 2467 1020 2519 operatur,
1057 2456 1264 2516 patientia
1300 2464 1447 2500 autem

107 2565 115 2580 ¹
150 2558 231 2590 Psal.
262 2570 368 2601 Lxxn,
401 2571 430 2591 1.
454 2575 496 2581 —-·
527 2557 639 2590 ²1bid.
664 2569 714 2590 11.
747 2574 788 2580 —-
823 2555 940 2589 3lb1d.
961 2563 993 2588 2.
1014 2572 1056 2576 --
1082 2552 1099 2584 4
1120 2565 1133 2586 1
1154 2555 1301 2595 Cor.v1,
1327 2563 1378 2595 17.
1406 2568 1449 2575 —-

58 2612 74 2637 5
93 2616 182 2646 Rom.
204 2624 239 2656 v,
260 2614 292 2657 3.)
