1833 3284
366 224 449 263 166
812 235 845 264 S.
883 237 1114 265 AUGUSTml
1146 239 1328 266 EPISCOPI

363 301 534 345 silentio
567 301 776 344 Dominus
807 310 1126 345 sacramentum
1159 301 1417 347 venerabilis
1449 302 1658 361 passionis
1680 317 1756 348 oc-

363 370 559 424 cultans,
599 369 891 415 voluntariam
924 371 1097 415 ruinam
1138 370 1304 427 fratris,
1336 371 1380 417 id
1412 381 1499 427 est,
1537 371 1756 418 nefarium

364 440 502 485 scelus
526 440 745 486 traditoris
770 441 852 496 sui,
873 441 919 485 in
940 456 1030 485 suae
1053 442 1357 488 misericordiae
1370 451 1503 503 atque
1521 441 1757 503 providen-

363 513 436 556 tiae
455 511 655 557 ordinem
676 513 808 557 vertit
830 532 840 557 :
865 521 916 557 ut
939 511 1063 573 quod
1086 511 1159 557 ille
1182 513 1237 558 ad
1258 513 1496 574 perniciem
1523 513 1653 558 unius
1674 513 1759 558 ho-

362 583 490 627 minis
518 598 718 642 perversa
746 592 892 627 niente
915 581 1123 638 faciebat,
1161 583 1240 628 iste
1272 583 1326 628 ad
1354 583 1538 628 salutem
1558 583 1758 628 omnium

361 654 593 698 hominum
630 652 810 713 provida
845 653 1164 712 gubernatione
1191 654 1425 699 conferret.
1459 656 1619 700 Cantat
1651 668 1758 713 ergo

362 723 583 769 Psalmum
624 724 810 768 Domino
847 724 990 768 anima
1031 722 1245 783 perfecta,
1285 741 1384 785 quae
1405 726 1498 785 jam
1531 724 1664 784 digna
1693 734 1758 770 est

361 809 486 839 nosse
513 803 728 838 secretum
766 794 858 838 Dei.
895 796 1055 839 Cantat
1083 797 1200 840 «Pro
1237 795 1379 840 verbis
1416 795 1574 850 Chusi,
1593 813 1614 836 »
1654 796 1756 855 quia

360 866 521 910 meruit
542 881 667 911 nosse
687 866 821 911 verba
853 865 972 910 illius
991 865 1166 911 silentii.
1194 866 1327 927 Apud
1348 866 1546 912 infideles
1567 867 1685 911 enim
1713 876 1758 911 et

358 946 655 997 persecutores
698 936 919 981 silentium
953 945 1016 981 est
1045 935 1158 982 illud
1194 947 1327 998 atque
1361 947 1594 982 secretum.
1623 936 1757 998 Apud

361 1024 460 1054 suos
484 1017 628 1053 autem
642 1044 653 1064 ,
680 1008 841 1069 quibus
863 1008 1030 1052 dictum
1057 1017 1121 1052 est
1147 1028 1156 1053 z
1187 1028 1207 1051 «
1226 1011 1325 1053 Jam
1346 1024 1437 1053 non
1453 1007 1553 1053 dieo
1574 1024 1651 1053 vos
1673 1023 1757 1058 ser,-

364 1097 385 1121 »
420 1095 496 1124 vos
511 1115 522 1135 ,
561 1080 664 1140 quia
687 1095 834 1123 servus
862 1079 998 1123 nescit
1020 1078 1129 1139 quid
1149 1077 1280 1125 faciat
1302 1079 1513 1125 Dominus
1541 1081 1655 1140 eJUS,
1680 1095 1757 1125 vos

362 1168 383 1192 »
420 1160 566 1195 autem
585 1150 675 1195 dixi
697 1150 873 1206 amicos,
891 1151 993 1210 quia
1007 1150 1153 1194 omnia
1171 1167 1271 1210 quae
1291 1150 1438 1196 audivi
1456 1167 1479 1195 a
1492 1154 1620 1196 Patre
1637 1166 1753 1206 meo,

363 1239 385 1263 »
422 1230 525 1266 nota
554 1221 638 1265 feci
660 1221 805 1266 vobis¹
835 1241 843 1265 :
873 1239 894 1261 »
919 1220 1039 1280 apud
1064 1221 1224 1266 amicos
1252 1237 1356 1281 ergo
1379 1222 1470 1281 ejus
1492 1237 1583 1265 non
1611 1230 1676 1266 est
1695 1221 1756 1265 si-

362 1291 547 1336 lentium
565 1328 576 1347 ‚
601 1290 677 1336 sed
698 1292 831 1336 verba
850 1290 1030 1347 silentii,
1060 1291 1105 1336 id
1133 1300 1222 1347 est,
1253 1292 1363 1337 ratio
1386 1292 1578 1352 exposita
1600 1301 1644 1336 et
1664 1307 1757 1337 ma-

358 1360 516 1407 nifesta
538 1361 652 1407 illius
666 1362 840 1406 silentii.
866 1361 998 1416 Quod
1017 1362 1240 1407 silentium
1257 1398 1268 1418 ‚
1294 1363 1338 1407 id
1361 1373 1441 1419 est,
1467 1363 1603 1408 Chusi
1619 1399 1630 1418 ‚
1655 1362 1757 1407 dici-

361 1443 434 1478 tur
456 1432 570 1477 filius
585 1433 773 1488 Gemini,
798 1432 845 1477 id
863 1442 943 1488 est,
961 1432 1117 1478 dextri.
1137 1435 1236 1479 Non
1257 1434 1374 1477 enim
1395 1432 1758 1478 abscondendum

361 1514 454 1549 erat
487 1504 644 1549 sanctis
672 1504 795 1564 quod
824 1519 902 1563 pro
926 1503 1008 1548 illis
1031 1513 1199 1562 gestum
1221 1513 1300 1549 est.
1332 1507 1390 1549 Et
1411 1514 1581 1559 tamen,
1610 1507 1757 1550 «Nes-

364 1594 385 1617 »
420 1576 527 1631 ciat,
553 1576 718 1636 inquit,
744 1574 914 1619 sinistra
931 1610 941 1630 ‚
968 1574 1077 1635 quid
1097 1573 1227 1619 faciat
1243 1575 1434 1620 dextra2.
1455 1593 1475 1616 n
1501 1575 1631 1620 Canit
1652 1591 1757 1635 ergo

361 1647 505 1692 anima
523 1646 712 1706 perfecta
735 1646 782 1690 in
802 1645 1031 1707 prophetia
1044 1681 1054 1701 ,
1074 1646 1145 1690 cui
1166 1655 1381 1691 secretum
1397 1644 1509 1690 illud
1530 1646 1723 1691 innotuit
1741 1681 1754 1704 ‚

362 1736 384 1760 n
420 1721 504 1762 Pro
525 1717 668 1762 verbis
690 1717 848 1772 Chusi,
872 1735 892 1758 »
918 1716 965 1761 id
986 1726 1051 1761 est
1066 1753 1076 1772 ‚
1101 1732 1182 1778 pro
1204 1718 1453 1777 cognitione
1471 1718 1668 1778 ejusdem
1689 1733 1757 1762 se-

361 1788 481 1834 creti.
517 1787 648 1842 Quod
668 1796 883 1832 secretum
899 1823 910 1843 ‚
936 1788 1085 1832 dexter
1107 1790 1243 1845 Deus,
1269 1787 1315 1832 id
1336 1797 1401 1833 est
1415 1823 1426 1844 ‚
1451 1787 1601 1833 favens
1623 1797 1756 1849 atque

361 1860 576 1921 propitius
590 1860 628 1903 ei
645 1869 846 1920 operatus
863 1868 941 1904 est.
962 1861 1106 1912 Quare
1124 1861 1207 1904 hoc
1225 1859 1446 1904 silentium
1464 1863 1496 1905 F
1501 1859 1599 1905 'ilius
1616 1858 1757 1906 dextri

362 1931 622 1993 appellatur,
643 1930 765 1992 quod
782 1939 846 1976 est
869 1950 890 1973 «
906 1931 1042 1976 Chusi
1058 1931 1136 1975 filii
1158 1931 1382 1976 Gemini.»

421 2017 479 2059 Π.
519 2033 541 2057 «
565 2013 750 2058 Domine
772 2017 886 2058 Deus
909 2028 1048 2069 meus,
1073 2014 1119 2057 in
1141 2023 1184 2058 te
1201 2014 1386 2074 speravi,
1407 2012 1575 2058 salvum
1594 2028 1664 2057 me
1686 2011 1756 2059 fac

364 2103 387 2128 »
421 2101 472 2129 cx
494 2085 697 2130 omnibus
720 2085 1082 2145 persequentibus
1110 2100 1181 2128 me
1198 2119 1210 2139 ,
1243 2093 1287 2128 et
1307 2085 1424 2144 eripe
1454 2086 1567 2129 me3.
1591 2103 1612 2126 »
1640 2087 1757 2129 Tan-

364 2173 499 2218 quam
520 2157 591 2201 cui
624 2172 714 2201 non
747 2166 877 2201 restat
903 2158 994 2217 jam
1015 2154 1210 2216 perfecto
1233 2156 1315 2200 nisi
1336 2156 1510 2201 invidus
1532 2155 1752 2213 diabolus,

363 2237 566 2288 superato
601 2229 721 2273 omni
758 2227 874 2272 bello
913 2237 1045 2286 atque
1079 2226 1335 2271 adversitate
1366 2228 1595 2283 vitiorum,
1622 2227 1751 2284 dicit,

367 2318 389 2342 «
425 2301 597 2344 Salvum
615 2298 769 2342 mefac
793 2315 842 2342 ex
863 2298 1067 2342 omnibus
1087 2298 1450 2358 persequentibus
1466 2313 1553 2353 me,
1574 2307 1618 2342 et
1635 2299 1755 2358 eripe

366 2388 387 2411 »
424 2385 493 2414 me
527 2391 535 2415 ;
566 2369 802 2430 nequando
834 2370 971 2430 rapiat
1002 2379 1052 2414 ut
1079 2369 1147 2413 leo
1169 2370 1356 2413 animam
1380 2385 1521 2413 meam
1535 2371 1567 2414 4.
1594 2389 1614 2412 «
1641 2369 1755 2416 Dicit
1813 2387 1816 2401 ⁴

363 2441 597 2501 Apostolus
620 2462 628 2487 :
657 2442 974 2487 «Adversarius
997 2450 1137 2485 vester
1153 2440 1354 2486 diabolus
1370 2450 1583 2501 tanquam
1599 2440 1669 2487 leo
1683 2456 1753 2486 ru·
1812 2461 1813 2468 ¹

413 2555 422 2573 ¹
443 2550 537 2583 Joan.
555 2561 607 2591 xv,
625 2550 675 2583 15.
693 2565 734 2573 ·-·
754 2555 767 2574 ²
781 2551 895 2583 matth.
915 2562 961 2593 vi,
980 2550 1011 2584 3.
1033 2566 1075 2573 —-
1089 2547 1104 2575 3
1126 2550 1211 2584 Psal.
1230 2548 1286 2594 vn,
1305 2559 1336 2583 2.
1360 2566 1400 2573 -—
1415 2548 1530 2582 ⁴1bid.
1551 2551 1582 2583 3.
