1833 3284
431 211 672 239 ENARRATIO
706 214 749 239 ir<
783 212 985 240 PsAmimr
1020 214 1095 238 vil.
1371 202 1452 239 179

73 294 94 318 »
128 270 338 331 vibrabit,
361 275 569 320 frameam
599 291 722 320 suam
745 275 1062 336 splendificabit
1090 294 1109 316 »
1136 276 1325 335 positum
1359 286 1450 320 cst:

69 361 159 407 quo
179 346 312 391 verbo
334 346 737 390 convenientissime
769 347 998 406 significari
1031 346 1216 391 arbitror
1249 345 1455 390 ultimum

69 416 300 464 dominicae
327 415 532 462 claritatis
555 416 792 462 adventum
814 437 822 462 :
849 416 1206 478 quandoquidem
1241 433 1290 461 ex
1323 417 1455 477 ipsius

69 503 254 549 persona
274 487 551 548 intelligitur,
568 488 690 549 quod
711 488 819 533 alius
841 488 1036 534 Psalmus
1059 489 1217 534 habet:
1243 508 1261 529 «
1281 489 1451 541 Libera,

72 577 94 602 »
128 559 328 614 Domine,
354 558 409 603 ab
433 559 575 619 impiis
608 560 797 604 animam
826 575 988 614 meam,
1014 558 1224 603 frameam
1258 568 1377 602 tuam
1401 559 1455 602 ab

73 647 94 672 »
128 629 313 675 inimicis
340 642 495 678 manus
511 632 640 674 tuae¹.
666 633 828 675 Arcum
850 645 978 674 suum
999 628 1206 685 tetendit,
1228 638 1271 673 et
1290 629 1457 688 paravit

73 719 94 743 ))
128 699 270 750 illum.
298 719 318 743 »
353 701 639 761 Nonrpassim
669 701 902 747 verborum
936 710 1132 761 tempora
1152 698 1457 761 praetereunda

70 781 187 830 sunt,
206 772 328 834 quod
351 772 544 832 gladium
562 772 616 817 de
634 771 784 818 futuro
806 772 928 828 dixit,
954 793 974 815 α
999 772 1200 817 Vibrabit
1221 792 1230 817 ε
1257 787 1403 817 arcum
1432 790 1453 813 »

70 843 126 889 de
142 844 376 904 praeterito,
401 862 421 886 «
441 843 626 893 tetendit
648 864 656 889 :
680 863 700 887 2>
723 843 881 899 deinde
898 843 1107 905 praeteriti
1124 842 1329 904 temporis
1347 859 1453 888 con·

70 923 314 975 sequuntur
342 914 492 960 verba.

129 987 250 1029 XIV.
280 987 381 1029 «Et
409 985 452 1028 in
474 985 567 1045 ipso
601 987 766 1045 paravit
798 1001 898 1031 vasa
932 986 1082 1030 mortis
1114 1005 1122 1030 ι
1157 985 1330 1043 sagittas
1363 1001 1459 1030 suas

74 1073 96 1096 »
131 1055 387 1100 ardentibus
409 1065 612 1115 operatus
641 1060 744 1100 est‘ss.
771 1075 791 1096 η
828 1059 991 1100 Arcum
1013 1070 1114 1114 ergo
1137 1056 1290 1111 istum,
1318 1056 1462 1115 Scrip-

70 1135 190 1170 turas
206 1135 373 1176 sanctas
387 1125 576 1170 libenter
593 1127 848 1186 acceperim,
869 1127 947 1170 ubi
967 1125 1221 1171 fortitudine
1237 1127 1346 1172 Novi
1365 1129 1463 1170 Tes-

72 1197 278 1253 tamenti,
313 1198 436 1258 quasi
469 1213 602 1243 nervo
634 1196 849 1258 quodam,
876 1198 1034 1242 duritia
1067 1197 1233 1242 Veteris
1272 1198 1381 1242 flexa
1419 1207 1462 1242 et

72 1266 263 1316 edomita
295 1278 372 1316 est.
402 1268 515 1313 Hinc
545 1277 752 1330 tanquam
774 1268 942 1328 sagittae
962 1268 1223 1313 emittuntur
1245 1268 1459 1329 Apostoli,

72 1339 142 1384 vel
164 1339 311 1385 divina
337 1340 556 1400 praeconia
570 1340 837 1401 jaculantur.
869 1343 985 1394 Quas
1007 1340 1182 1398 sagittas
1209 1360 1229 1382 «
1255 1339 1462 1384 Ardenti-

62 1429 96 1453 .>›
133 1410 215 1455 bus
227 1419 430 1471 operatus
449 1419 528 1466 est,
552 1429 572 1452 »
593 1410 639 1454 id
660 1420 738 1466 est,
755 1411 915 1471 quibus
938 1411 1126 1467 percussi
1146 1410 1293 1455 divino
1317 1427 1462 1455 amore

73 1481 321 1541 flagrarent.
351 1484 446 1535 Qua
467 1482 584 1525 enim
606 1480 689 1525 alia
710 1481 865 1540 sagitta
887 1497 1087 1541 percussa
1109 1491 1193 1537 est,
1215 1498 1313 1542 quae
1330 1480 1457 1527 dicit:

79 1572 100 1597 «
134 1552 335 1598 Inducite
355 1567 425 1596 me
447 1553 494 1596 in
519 1551 700 1597 domum
721 1553 830 1608 vini,
866 1553 1115 1597 constituite
1140 1569 1209 1597 me
1239 1555 1352 1598 inter
1378 1571 1464 1599 un-

76 1642 98 1666 »
134 1633 310 1683 guenta,
327 1624 567 1684 constipate
590 1639 660 1668 me
682 1624 794 1667 inter
815 1623 989 1679 mella³‚
1007 1625 1215 1684 quoniam
1236 1625 1462 1670 vulnerata

77 1713 97 1736 »
122 1695 343 1748 vcharitate
370 1710 451 1754 ego
479 1695 631 1739 sum4?
653 1713 671 1735 n
692 1694 862 1747 Quibus
884 1694 974 1738 aliis
997 1695 1159 1752 sagittis
1182 1695 1456 1751 accenditur,

74 1766 150 1827 qui
171 1765 311 1810 redire
333 1766 389 1810 ad
411 1769 549 1810 Deum
571 1766 766 1826 cupiens,
791 1774 834 1809 et
855 1766 910 1810 ab
933 1766 1011 1810 ista
1032 1768 1379 1827 peregrinatione
1397 1785 1464 1813 rc-

75 1851 240 1892 meare,
266 1837 468 1882 adversus
490 1835 660 1881 dolosas
692 1835 860 1894 linguas
882 1838 991 1896 petit
1013 1837 1220 1882 auxilium
1234 1874 1245 1893 ,
1271 1848 1314 1882 et
1336 1839 1373 1883 ei
1396 1839 1464 1883 di-

75 1907 234 1952 dicitur
253 1927 262 1951 :
284 1926 305 1949 «
325 1906 444 1961 Quid
463 1906 592 1951 detur
614 1907 692 1951 tibi
705 1942 716 1961 ,
737 1916 812 1951 aut
832 1905 941 1967 quid
964 1906 1189 1968 adjiciatur
1212 1909 1292 1952 tibi
1309 1909 1463 1955 adver-

79 1997 100 2019 »
134 1993 206 2022 sus
240 1978 436 2035 linguam
474 1976 699 2022 dolosam?
730 1978 905 2036 Sagittae
940 1978 1128 2037 potentis
1163 1988 1324 2035 acutae,
1360 1997 1461 2024 cum

80 2067 102 2090 »
135 2048 398 2097 carbonibus
428 2048 741 2093 vastatoribus5
773 2067 781 2091 :
818 2067 837 2089 »
870 2048 916 2091 id
947 2057 1033 2104 est,
1058 2049 1218 2108 quibus
1241 2065 1464 2110 percussus

77 2127 208 2180 atque
229 2118 526 2170 inflammatus
547 2127 672 2163 tanto
693 2133 839 2163 amore
858 2117 1006 2162 ardeas
1025 2120 1146 2178 regni
1164 2120 1393 2179 coelorum,
1414 2133 1465 2167 ut

77 2192 276 2237 omnium
302 2189 592 2240 resistentium
623 2197 668 2233 et
689 2205 712 2233 a
733 2183 956 2249 pro'posito
985 2204 1189 2234 revocare
1223 2190 1466 2237 volentium

71 2259 247 2318 linguas
271 2268 546 2315 contemnas,
570 2268 614 2304 et
633 2260 954 2319 persecutiones
976 2275 1128 2306 eorum
1151 2260 1370 2318 derideas,
1395 2262 1466 2308 di-

79 2346 208 2376 cens:
231 2350 252 2373 «
272 2331 379 2384 Quis
399 2345 478 2374 me*
490 2330 707 2390 separabit
722 2346 745 2375 a
763 2331 972 2375 charitate
989 2332 1183 2376 Christi?
1209 2334 1467 2382 tribulatio?

82 2418 104 2448 a
139 2417 196 2451 an
227 2400 450 2459 angustia?
476 2416 532 2445 an
551 2401 820 2460 persecutio?
841 2417 897 2445 an
918 2401 1080 2446 fames?
1110 2418 1165 2447 an
1187 2403 1388 2450 nuditas?
1411 2423 1466 2451 an

130 2504 139 2521 ¹
155 2497 236 2531 Psal.
256 2509 310 2530 xw
324 2523 333 2540 ,
364 2498 402 2530 13
416 2522 425 2539 ‚
447 2495 498 2538 14.
518 2515 560 2521 --
580 2505 593 2520 ²
616 2498 662 2530 Id.
679 2509 723 2530 vn
741 2524 749 2540 ‚
774 2498 823 2541 14.
844 2516 886 2520 —-
908 2497 920 2521 3
940 2502 1034 2532 Forte
1053 2500 1246 2532 mala.‘—4
1265 2504 1355 2535 Cant.
1375 2515 1409 2546 11,
1431 2504 1465 2546 4,

79 2554 173 2595 juxta
192 2565 262 2586 Lxx.
281 2571 322 2576 —-
343 2552 357 2576 5
376 2553 454 2585 Psal.
471 2563 558 2594 cxix,
574 2554 605 2594 3,
623 2552 656 2595 4.

525 2613 548 2635 “
1244 2612 1306 2652 12.
