1833 3284
388 242 471 282 494
826 252 858 278 s·
896 251 1126 279 Auens'rim
1160 252 1342 279 EPISCOPI

388 338 409 361 >›
444 318 603 377 probat
632 315 809 361 consilia
831 315 1080 376 principum
1098 317 1127 359 ¹.
1157 333 1178 357 »
1204 314 1390 369 Quando
1412 313 1641 370 dixerunt,
1674 313 1779 359 Tol-

385 389 525 433 lamus
548 403 620 432 cos
641 387 696 432 dc
720 397 847 442 terra,
864 403 954 431 non
971 388 1054 431 erit
1067 402 1229 431 nomen
1251 386 1535 432 christianum
1558 386 1591 430 si
1613 386 1697 430 hoc
1716 383 1780 429 fe-

386 460 571 504 cerimus
595 459 678 503 :sic
701 458 975 513 occidantur,
994 457 1054 502 sic
1072 466 1375 518 torqueantur,
1393 456 1493 501 talia
1513 465 1555 500 et
1572 455 1674 500 talia
1696 455 1781 500 illis

386 530 654 587 infligantur.
680 529 803 573 Dicta
825 538 928 573 sunt
944 529 1059 584 haee,
1082 536 1124 572 ct
1156 529 1268 572 inter
1293 528 1388 573 haec
1409 529 1545 573 crevit
1569 526 1777 571 Ecclesia.

393 621 414 644 «
435 602 659 661 Reprobat
680 601 961 659 cogitationes
993 599 1259 661 populorum
1273 635 1284 657 ,
1317 609 1360 645 ct
1380 599 1584 660 reprobat
1605 597 1783 644 consilia

391 691 412 714 »
438 688 704 733 prlncipum.
730 690 751 713 »

449 747 568 788 XIV.
599 764 619 786 α
639 743 881 789 Consilium
899 759 1003 789 vcro
1024 744 1195 789 Domini
1218 753 1366 789 manet
1386 746 1432 789 in
1453 753 1664 789 aeternum
1683 778 1694 799 ,
1715 757 1784 787 co-

392 835 412 858 »
450 817 679 875 gitationes
701 817 842 861 cordis
864 818 956 878 ejus
978 817 1023 861 in
1045 817 1202 862 seacula
1220 817 1526 873 saecujorqu.
1554 835 1574 859 »
1601 815 1782 876 Repeti-

392 889 451 933 tio
474 889 701 933 sententiae
723 899 800 933 est.
827 888 958 942 Quod
981 890 1040 933 ait
1064 910 1082 931 «
1116 889 1370 947 consilium,
1399 909 1418 932 »
1445 890 1529 934 hoc
1552 889 1611 933 ait
1633 896 1784 949 postea

395 978 413 1000 «
441 959 724 1019 Cogitationis
759 959 901 1004 cordis
923 955 981 1005 ς’»
1014 969 1058 1004 ct
1081 960 1202 1022 quod
1233 977 1363 1021 supra
1397 961 1456 1005 ait
1481 980 1489 1006 :
1520 979 1540 1002 «
1564 962 1716 1005 Manet
1737 959 1787 1002 in

394 1050 414 1073 »
451 1041 666 1075 aeternum
682 1067 692 1087 ,
722 1050 742 1073 »
768 1032 852 1076 hoc
872 1032 928 1076 ait
949 1041 1097 1092 postea
1115 1068 1125 1088 ,
1156 1053 1176 1075 «
1204 1036 1255 1077 In
1279 1032 1432 1077 saecula
1459 1030 1734 1076 saeculorum.
1763 1048 1784 1071 »

393 1104 628 1163 Repetitio,
649 1105 922 1149 confirmatio
944 1114 1021 1149 est.
1039 1107 1102 1150 Ne
1124 1115 1269 1149 autem
1286 1106 1463 1165 putetis,
1488 1104 1640 1148 fratres
1655 1139 1665 1159 ,
1687 1102 1788 1163 quia

392 1175 500 1219 dixit
518 1196 526 1220 2
557 1195 576 1217 «
597 1177 884 1235 Cogitationis
907 1176 1064 1232 cordis,
1089 1196 1108 1219 ³>
1129 1179 1253 1237 quasi
1275 1177 1424 1222 scdcre
1446 1180 1585 1221 Deum
1609 1185 1651 1219 et
1671 1174 1790 1233 cogi-

394 1256 485 1291 tare
504 1248 612 1308 quid
630 1258 743 1306 agat,
759 1258 803 1292 et
824 1249 1052 1309 exquirere
1074 1249 1303 1293 consilium
1324 1247 1511 1293 faciendi
1534 1245 1699 1308 aliquid
1720 1244 1792 1290 vel

394 1333 484 1362 non
506 1317 710 1362 faciendi.
737 1322 840 1363 Tuae
863 1328 966 1364 sunt
987 1320 1079 1364 istac
1094 1356 1104 1376 ,
1131 1336 1156 1364 o
1187 1321 1349 1375 homo,
1374 1319 1626 1374 tarditates,
1650 1331 1792 1377 usque

395 1389 441 1433 in
469 1390 744 1434 velocitatem
778 1392 914 1436 currit
941 1392 1127 1436 verbum
1152 1394 1261 1453 ejus.
1289 1391 1477 1446 Quando
1507 1399 1650 1451 potest
1671 1404 1792 1434 mora

395 1477 484 1506 esse
505 1462 777 1520 cogitationis
799 1460 843 1507 in
866 1462 943 1507 illo
963 1464 1108 1508 Verbo
1124 1499 1134 1519 ,
1160 1463 1282 1524 quod
1313 1479 1452 1507 unum
1475 1472 1564 1519 est,
1586 1471 1629 1507 et
1647 1460 1792 1506 omnia

399 1534 709 1594 complectitur
725 1536 767 1578 3?
803 1534 887 1580 Sed
909 1535 1119 1579 dicuntur
1140 1536 1422 1594 cogitationes
1450 1535 1552 1591 Dei,
1583 1544 1634 1579 ut
1656 1543 1705 1578 tu
1722 1534 1792 1577 in-

397 1604 565 1664 telligas
580 1642 590 1661 ,
616 1615 666 1650 ut
694 1606 935 1651 secundum
961 1618 1002 1651 te
1026 1606 1185 1652 audeas
1207 1608 1370 1667 erigere
1393 1623 1468 1652 cor
1494 1605 1564 1651 vel
1585 1604 1641 1650 ad
1661 1605 1794 1650 verba

397 1686 485 1721 tuae
507 1678 750 1722 infirmitati
782 1678 936 1723 similia
963 1698 971 1723 :
1006 1680 1108 1740 quia
1146 1695 1211 1724 res
1240 1680 1332 1739 ipsa
1353 1678 1545 1723 multum
1568 1687 1632 1722 est
1655 1676 1711 1721 ad
1732 1685 1788 1720 te.

402 1768 423 1791 «
437 1750 733 1809 Cogitationes
747 1751 888 1795 cordis
902 1752 993 1811 ejus
1007 1751 1053 1796 in
1065 1752 1225 1796 saecula
1243 1751 1519 1796 saeculorum.
1536 1769 1556 1792 »
1569 1753 1678 1804 Quae
1691 1756 1794 1793 sunt

397 1821 678 1879 cogitationes
693 1822 835 1866 cordis
847 1823 882 1881 ej
891 1838 954 1877 us,
973 1831 1017 1866 et
1031 1822 1152 1882 quod
1164 1832 1227 1867 est
1241 1822 1470 1867 consilium
1482 1822 1656 1866 Domini
1672 1819 1793 1880 quod

396 1901 545 1935 manet
566 1892 611 1935 in
635 1895 885 1937 aeternum?
908 1896 1071 1939 Contra
1100 1893 1221 1954 quod
1247 1894 1477 1939 consilium
1501 1903 1552 1938 ut
1573 1891 1682 1954 quid
1704 1891 1793 1936 fre-

397 1973 606 2008 muerunt
620 1973 782 2022 gentes,
799 1974 842 2009 ct
860 1964 1012 2025 populi
1033 1965 1230 2010 meditati
1247 1975 1349 2009 sunt
1366 1964 1563 2009 inania4?
1580 1962 1792 2018 Quando-

398 2034 579 2094 quidem
616 2036 827 2080 Dominus
865 2035 1072 2096 reprobat
1103 2036 1386 2095 cogitationes
1418 2035 1683 2096 populorum
1703 2070 1714 2090 ,
1750 2042 1794 2077 et

396 2106 603 2165 reprobat
638 2106 815 2151 consilia
843 2107 1108 2167 principum.
1142 2107 1268 2152 'Unde
1296 2107 1430 2167 igitur
1449 2106 1679 2152 eonsilium
1702 2108 1793 2150 Do-

398 2176 506 2220 mini
528 2187 677 2222 manet
697 2178 742 2222 in
764 2187 980 2223 aeternum
994 2213 1006 2234 ,
1036 2178 1118 2222 nisi
1139 2177 1194 2222 de
1216 2178 1342 2224 nobis
1362 2195 1472 2240 quos
1493 2188 1594 2223 ante
1615 2176 1793 2238 praesci-

398 2248 463 2292 vit
484 2258 527 2292 et
554 2248 933 2308 praedestinavit⁵P
955 2250 1060 2303 Quis
1091 2249 1204 2294 tollit
1229 2250 1658 2310 praedestinationem
1680 2249 1794 2294 Dei?

399 2322 514 2363 Ante
536 2319 693 2364 mundi
716 2321 1074 2366 constitutionem
1108 2321 1218 2366 vidit
1248 2337 1350 2378 nos,
1376 2321 1480 2366 fecit
1501 2336 1580 2366 nos
1596 2357 1608 2377 ,
1641 2335 1794 2365 emen-

399 2390 520 2435 davit
541 2407 620 2436 nos
638 2427 649 2447 ,
670 2392 786 2436 misit
813 2392 868 2437 ad
885 2409 963 2438 nos
977 2428 989 2449 ,
1014 2392 1199 2437 redemit
1218 2409 1296 2438 nos
1318 2413 1327 2438 ;
1352 2394 1436 2438 hoc
1454 2394 1546 2454 ejus
1563 2391 1794 2438 consilium

400 2472 550 2508 manet
570 2464 616 2507 in
654 2473 895 2522 aeternum,
920 2466 1015 2510 haec
1045 2466 1137 2526 ejus
1166 2465 1372 2526 cogitatio
1394 2474 1542 2510 manet
1563 2465 1608 2509 in
1635 2462 1792 2509 saecula

450 2566 458 2582 ¹
482 2559 562 2591 Psal.
588 2571 771 2603 xxx11,1o.
793 2580 834 2585 -
856 2562 967 2596 21birl.
994 2574 1044 2594 11.
1074 2580 1115 2585 --
1144 2561 1353 2596 311l.cxtv11
1370 2588 1378 2603 ,
1403 2566 1453 2595 15.
1474 2579 1512 2586 —-—
1537 2559 1612 2593 41d.
1632 2572 1675 2603 11,
1699 2572 1726 2592 1.
1750 2576 1790 2582 —-

402 2612 417 2637 5
438 2614 551 2657 EpheS.
571 2628 593 2656 1,
613 2615 644 2658 4.
