1833 3284
362 210 706 240 ANNOTATIONUM
738 215 781 241 in
815 215 913 252 JOB,
948 215 1087 241 numi.
1369 204 1422 244 45

38 281 173 328 vitam
193 289 332 336 tuam,
356 280 555 341 quamvis
575 281 670 325 haec
691 280 762 325 isti
779 280 1007 325 carnaliter
1026 281 1188 326 dicant.
1219 301 1238 323 «
1264 285 1320 326 Et
1342 299 1424 343 po-

40 371 61 394 »
97 367 204 396 nens
235 349 347 396 illud
380 364 510 410 super
544 365 740 410 aggerem
775 351 820 395 in
854 360 1022 411 petram
1053 371 1061 396 z
1096 370 1115 393 »
1146 351 1350 398 adversus
1383 350 1428 398 ic‘l

37 421 160 484 quod
199 421 346 467 dixit.
381 439 401 462 «
441 419 629 465 Flumen
671 420 904 466 decutrens
938 420 1223 468 fundamenta
1255 439 1422 469 eorum.

40 513 62 535 »
98 492 210 547 Quia
242 490 492 536 humiliavit
527 492 806 552 semetipsum
840 512 848 537 :
877 511 897 533 »
931 493 1074 553 ipsum
1109 492 1274 538 lumen.
1316 515 1336 537 «
1372 498 1430 539 Et

40 583 62 607 >i
97 564 214 609 dices
239 583 248 609 :
274 562 427 608 Elatus
449 572 514 608 est
534 563 580 607 in
608 564 855 623 superbiam
878 584 886 609 :
919 583 940 606 »
966 564 1168 609 adversus
1201 567 1425 626 superbos.

42 654 63 677 «
96 637 212 679 Erue
234 634 533 689 innocentem,
551 643 595 678 et
615 633 845 679 salvaberis
863 634 1078 680 munditia
1097 651 1307 681 manuum
1329 646 1430 682 tua-

41 724 62 747 »
97 707 236 749 rum2.
271 722 292 747 »
328 703 430 750 Noli
463 703 648 749 deficere
679 707 727 749 in
753 705 879 750 bonis
913 706 1140 765 operibus,
1172 707 1275 768 quia
1307 716 1432 753 curat

37 780 152 822 Deus
172 777 380 821 humana.

95 849 265 891 XXIII.
284 848 432 890 VERBA
452 847 477 890 J
481 865 547 890 OB.
568 865 588 888 «
605 849 662 891 Et
675 847 854 907 quidem
869 847 956 892 scio
968 883 978 902 ,
995 848 1097 908 quia
1111 847 1165 892 de
1182 864 1316 893 manu
1332 865 1428 894 mea

37 936 57 959 »
93 917 410 977 estincrepatio
430 935 439 961 :
461 935 480 958 »
500 916 555 961 de
569 917 756 976 peccatis
775 917 896 962 meis.
912 921 1000 963 «Et
1011 934 1165 963 manus
1178 935 1273 965 mea
1289 921 1430 979 gravis

38 1007 59 1030 »
95 986 207 1032 facta
234 996 300 1032 est
320 1002 451 1047 super
476 988 686 1046 gemitum
709 1003 871 1032 meum.
902 1007 922 1030 »
950 988 1053 1034 Ideo
1075 1006 1145 1034 me
1167 991 1429 1050 percussisti,

36 1068 86 1104 ut
117 1058 305 1103 doleam.
343 1077 363 1101 «
399 1061 457 1102 Et
479 1058 627 1103 venire
657 1075 798 1119 usquc
827 1058 882 1103 ad
902 1059 1044 1104 solum
1068 1063 1200 1122 ejus‘2.
1232 1081 1251 1103 »
1283 1065 1337 1107 Ut
1353 1063 1434 1107 sim

41 1139 126 1174 tam
146 1139 341 1185 sanctus,
363 1138 414 1173 ut
433 1130 682 1189 perveniam
703 1130 758 1174 ad
780 1146 932 1174 eorum
956 1147 1205 1188 numerum,
1220 1134 1296 1194 qui
1315 1133 1436 1178 sedes

37 1201 127 1261 ejus
145 1209 262 1245 sunt.
287 1202 410 1244 Tunc
429 1199 546 1243 enim
564 1215 739 1259 possum
760 1200 903 1245 dicere
921 1218 1037 1257 vera,
1055 1212 1098 1246 et
1115 1202 1266 1247 audire
1286 1223 1294 1248 ε
1316 1203 1435 1248 unde

37 1280 82 1315 et
112 1270 214 1316 coeli
248 1270 458 1315 dicuntur
490 1271 642 1314 sancti.
691 1290 710 1313 «
751 1274 808 1315 Et
841 1288 1101 1331 cognoscam
1142 1274 1433 1329 causationes,

41 1359 62 1383 »
96 1357 203 1403 quas
236 1341 444 1402 loquetur
475 1341 583 1384 mihi
609 1360 617 1385 :
652 1359 672 1382 »
698 1340 964 1387 redditiones
999 1360 1249 1400 causarum,
1275 1346 1438 1406 quibus

38 1429 82 1457 se
104 1413 248 1458 omnia
279 1414 397 1473 juste
424 1411 622 1472 judicare
658 1412 944 1457 demonstrat.
977 1434 995 1455 α
1021 1418 1077 1459 Et
1099 1416 1304 1470 sentiam,
1337 1432 1437 1476 quae

41 1502 62 1525 »
97 1483 332 1527 annuntiat
353 1483 461 1526 mihi
485 1502 494 1526 ;
526 1501 545 1523 »
566 1484 657 1542 jam
674 1484 896 1542 proximus
914 1484 967 1528 ei.
992 1504 1010 1526 «
1036 1489 1104 1529 An
1127 1487 1172 1529 in
1193 1487 1332 1530 multa
1350 1487 1439 1530 vir-

41 1573 62 1597 »
101 1564 193 1599 tute
215 1554 533 1616 dijudicabitur
554 1555 789 1598 mecum3?
814 1575 831 1595 υ
855 1565 905 1599 ut
920 1571 997 1615 per
1014 1558 1254 1615 potentiam
1273 1559 1441 1602 resistat

37 1626 145 1670 mihi
178 1645 187 1670 :
216 1640 516 1686 nequaquam.
558 1644 578 1666 «
622 1628 783 1669 Tamen
818 1627 863 1669 in
900 1635 1063 1671 terrore
1102 1643 1192 1673 non
1231 1630 1440 1673 abutatur

41 1714 61 1738 »
96 1712 192 1740 me:
221 1714 241 1738 »
274 1705 454 1757 propter
477 1704 656 1756 peccata
678 1712 798 1751 mea,
819 1713 898 1756 pro
930 1697 1092 1757 quibus
1126 1699 1257 1744 timeo
1280 1700 1435 1757 modo,

38 1783 140 1812 cum
167 1782 263 1810 sum
290 1767 338 1810 in
362 1776 553 1822 terrore,
575 1782 666 1810 non
696 1766 904 1811 abutatur
927 1784 1010 1812 me.
1042 1788 1062 1810 «
1088 1771 1307 1814 Coeterum
1337 1787 1438 1815 cum

42 1855 62 1878 »
97 1836 154 1881 ad
181 1852 283 1881 eum
304 1852 464 1882 venero
496 1856 504 1881 :
533 1855 553 1877 >›
579 1837 625 1880 in
647 1836 721 1881 illa
742 1836 967 1894 libertate,
994 1856 1079 1900 qua
1112 1856 1193 1899 ego
1223 1857 1439 1886 annume-

38 1908 168 1953 rabor
188 1908 296 1953 solio
318 1909 426 1969 ejus,
448 1908 594 1952 omnia
617 1908 789 1963 amabo,
808 1918 851 1953 et
874 1925 963 1954 non
985 1911 1094 1954 mihi
1112 1912 1277 1956 resistet
1300 1913 1437 1958 virtus

39 1979 158 2039 ejus,
183 1978 379 2039 quamvis
412 1977 544 2022 modo
577 1979 712 2038 possit
734 1994 803 2022 me
832 1979 977 2035 abuti,
1004 1990 1158 2041 utpote
1182 1993 1436 2042 peccatore:

41 2050 86 2094 id
108 2059 193 2106 est,
213 2048 342 2095 faciat
373 2048 428 2094 de
458 2065 528 2093 me
564 2049 685 2110 quod
715 2049 833 2105 vult,
861 2051 992 2095 etiam
1024 2068 1125 2097 cum
1159 2070 1291 2114 poena
1323 2071 1435 2110 mea,

35 2122 152 2182 juste
176 2129 340 2165 tamen.
371 2139 391 2162 «
412 2120 579 2164 Veritas
601 2120 717 2164 enim
740 2130 784 2164 et
805 2121 1045 2181 increpatio
1073 2133 1137 2168 est
1158 2125 1211 2168 ab
1236 2141 1315 2169 eo:
1344 2144 1364 2166 »
1391 2125 1437 2169 id

43 2201 129 2248 est,
161 2208 252 2236 non
282 2191 444 2251 injuste
474 2191 685 2251 increpat.
726 2210 746 2234 α
780 2191 940 2236 Educit
978 2193 1024 2237 in
1054 2195 1187 2239 finem
1217 2196 1435 2256 judicium

47 2282 68 2305 »
103 2248 293 2307 meum&
322 2280 342 2303 »
368 2262 549 2306 Etiamsi
576 2261 709 2306 modo
732 2263 930 2322 corripit,
952 2273 1100 2323 postea
1120 2266 1433 2311 manifestabit.

51 2353 70 2376 «
103 2336 215 2379 Nam
243 2333 278 2378 si
298 2332 464 2393 primus
497 2332 802 2388 ambulavero,
827 2343 977 2393 postea
1009 2351 1099 2380 non
1132 2339 1245 2381 er05.
1287 2356 1306 2379 »
1339 2341 1437 2383 Non

49 2414 301 2465 arroganter
328 2419 519 2465 sperem,
545 2420 636 2450 non
668 2403 903 2449 infideliter
933 2406 1158 2529 desperem
1188 2428 1196 2452 :
1231 2409 1315 2453 hoc
1349 2418 1434 2463 est,

97 2509 104 2524 ¹
138 2502 210 2533 Job.
231 2500 402 2543 xx11,2!;‚
423 2500 488 2542 26,
516 2510 559 2543 29
577 2505 610 2533 et
641 2501 693 2534 30.
711 2518 752 2523 —
773 2501 850 2532 211.
873 2512 971 2543 xxiii,
1021 2504 1078 2544 ,.3
1100 2521 1140 2526 -—
1162 2501 1274 2537 3lbid
1293 2504 1328 2546 5,
1344 2506 1377 2538 6.
1394 2523 1435 2529 —-

51 2556 67 2583 l·
89 2558 170 2590 lbid.
192 2569 223 2600 7.
248 2575 288 2580 -—-
306 2555 320 2579 5
339 2557 467 2589 ibitis.
