1833 3284
357 243 439 279 izi-2
797 252 829 279 s.
868 253 1096 280 Accus'rm'i
1131 255 1310 282 Eriscom

352 335 374 361 a
409 317 516 361 Filio
553 317 653 371 Dei,
690 327 733 361 et
761 319 975 377 pertinere
998 319 1052 363 ad
1076 319 1212 363 filium
1244 320 1431 364 hominis
1450 355 1460 374 ,
1487 329 1528 364 et
1551 335 1640 364 esse
1667 319 1742 363 lilii

351 388 600 443 hominum,
626 387 669 433 id
692 397 776 444 cst,
803 389 902 433 novi
927 389 1147 445 homines,
1173 391 1360 434 serviant
1380 390 1574 444 homini,
1602 390 1647 434 id
1660 398 1738 444 est,

349 460 484 504 veteri
507 460 674 505 homini
697 461 939 521 peccatori,
969 480 989 503 «
1016 461 1232 515 Quoniam
1256 462 1454 507 homines
1475 471 1592 507 sunt.
1622 480 1642 503 »

880 581 1216 625 ENARRATIO

687 703 735 729 IN
780 701 1021 730 ALTEnL‘M
1065 702 1303 731 PsALMUM
1349 704 1405 730 IX.

530 778 631 842 Qui
650 777 927 823 inscribitur
945 777 1002 825 ,Y
1017 777 1279 824 secundum
1301 778 1361 824 H
1359 777 1556 824 ebt-ceos.

402 884 501 926 XX.
527 885 592 927 ΕΤ
613 883 716 943 quia
732 882 805 927 illc
825 880 881 927 ad
903 891 1075 928 tantum
1095 883 1269 928 culmen
1289 883 1429 927 inanis
1453 881 1600 942 gloriae
1629 897 1738 926 ven-

343 963 467 998 turus
489 953 697 1010 creditur,
724 962 846 998 tanta
868 953 907 997 ei
929 953 1078 999 licebit
1099 955 1263 1010 facere,
1298 963 1342 999 et
1363 954 1409 998 in
1429 969 1579 998 omncs
1601 953 1739 998 bomi-

341 1041 443 1080 nes,
478 1034 521 1069 et
554 1025 601 1068 in
633 1034 804 1070 sanctos
842 1025 945 1080 Dei,
981 1034 1031 1069 ut
1063 1041 1182 1070 nunc
1210 1041 1312 1070 vere
1344 1023 1547 1070 nonnulli
1578 1023 1738 1067 infirmi

341 1097 609 1142 arbitrentur
649 1099 789 1140 Deum
826 1112 892 1140 res
932 1096 1146 1141 humanas
1189 1095 1437 1156 negligere,
1481 1095 1736 1155 interposito

341 1166 646 1227 Diapsalmate,
668 1167 841 1226 subjicit
859 1176 1069 1227 tanquam
1084 1183 1236 1212 vocem
1252 1168 1537 1226 gementium,
1559 1175 1600 1210 et
1619 1182 1738 1226 quae-

337 1238 553 1293 rentium,
590 1253 668 1282 cur
691 1236 907 1298 judicium
936 1238 1165 1282 differatur
1191 1257 1200 1282 ;
1230 1258 1249 1280 ‹<
1279 1240 1335 1282 Ut
1361 1236 1493 1298 quid,
1520 1237 1704 1281 Domine
1721 1273 1731 1292 ,

340 1328 360 1351 »
395 1309 554 1369 inquit,
572 1308 781 1353 recessisti
802 1307 988 1367 longe1?
1005 1328 1024 1349 η
1044 1307 1210 1352 Deinde
1232 1308 1306 1369 qui
1331 1308 1389 1353 sic
1407 1307 1620 1369 quaesivit,
1646 1316 1735 1351 tan-

335 1396 469 1442 quam
492 1389 671 1439 repente
689 1379 973 1434 intellexerit,
999 1389 1075 1423 aut
1099 1379 1221 1439 quasi
1244 1379 1380 1423 sciens
1403 1378 1734 1438 interrogaverit

335 1463 387 1497 ut
414 1452 617 1507 doceret,
644 1451 820 1512 subjicit
848 1450 995 1495 dicens
1018 1471 1026 1496 :
1062 1471 1082 1493 «
1108 1452 1296 1511 Despicis
1320 1452 1366 1495 in
1388 1451 1732 1511 opportunitati-

338 1543 359 1567 »
396 1525 477 1569 bus
495 1560 505 1579 ,
531 1524 575 1567 in
604 1522 962 1567 tribulationibus
987 1542 995 1567 :
1024 1540 1044 1564 ))
1070 1521 1116 1566 id
1133 1532 1217 1578 est,
1247 1532 1494 1583 opportune
1518 1522 1700 1582 despicis
1717 1557 1728 1577 ,

333 1604 379 1639 et
407 1594 510 1638 sacis
539 1593 842 1637 tribulationes
866 1592 921 1637 ad
954 1593 1289 1638 inflammandos
1323 1594 1487 1638 animos
1516 1592 1730 1637 desiderio

334 1665 546 1709 adventus
577 1665 652 1709 tui.
683 1665 758 1709 His
787 1664 903 1708 enim
921 1663 1159 1723 jucundior
1182 1674 1243 1708 est
1266 1665 1364 1709 fons
1386 1663 1458 1708 illc
1492 1664 1616 1719 vitae,
1651 1663 1727 1724 qui

332 1735 523 1779 multum
548 1735 746 1779 sitierint.
775 1738 928 1794 ltaque
946 1735 1136 1778 insinuat
1154 1734 1383 1779 consilium
1404 1734 1644 1789 dilationis,
1666 1734 1730 1778 di-

331 1822 454 1851 cens:
471 1826 491 1848 «
509 1809 622 1850 Dum
644 1806 841 1866 superbit
860 1806 1034 1864 impius,
1050 1805 1298 1849 incenditur
1316 1809 1514 1865 pauper?
1535 1805 1728 1850 »Mirum

330 1886 393 1920 est
415 1886 459 1920 et
479 1892 649 1931 verum,
675 1885 841 1937 quanto
863 1875 1006 1920 studio
1030 1875 1158 1920 bonae
1181 1876 1270 1936 spei
1293 1875 1463 1936 parvuli
1486 1874 1727 1920 accendan-

329 1956 401 1991 tur
423 1947 480 1992 ad
508 1957 623 1991 recte
650 1946 888 1992 vivendum
906 1982 917 2002 ,
953 1947 1277 2007 comparatione
1311 1946 1599 2006 peccantium.
1627 1949 1726 1999 Quo

327 2020 534 2077 mysterio
552 2018 711 2078 agitur,
739 2027 789 2062 ut
810 2018 940 2062 etiam
966 2017 1146 2062 haereses
1170 2034 1260 2062 esse
1276 2018 1589 2078 permittantur
1607 2036 1616 2061 ε
1635 2033 1726 2061 non

326 2090 428 2150 quia
452 2090 532 2150 ipsi
553 2089 748 2134 haeretici
776 2089 860 2133 hoc
888 2088 1066 2147 volunt,
1099 2088 1175 2133 sed
1205 2089 1306 2149 quia
1339 2090 1422 2133 hoc
1459 2088 1513 2132 de
1536 2088 1723 2148 peccatis

326 2176 478 2206 eorum
505 2160 650 2205 divina
674 2169 878 2220 operatur
906 2159 1204 2219 providentia,
1233 2176 1332 2220 quae
1354 2159 1498 2203 lucem
1522 2169 1564 2203 et
1592 2158 1719 2214 facit,

324 2242 368 2277 et
390 2232 588 2291 ordinat,
612 2232 812 2276 tenebras
836 2241 982 2276 autem
1000 2240 1171 2275 tantum
1192 2231 1410 2287 01·dinat³‚
1431 2240 1482 2275 ut
1498 2231 1552 2275 sit
1569 2246 1719 2274 earum

323 2304 649 2364 comparatione
663 2302 738 2346 lux
753 2303 928 2361 gratior,
946 2302 1057 2347 sicut
1069 2302 1376 2347 hamericorum
1394 2302 1720 2362 comparatione

320 2375 558 2437 jucundior
580 2384 645 2419 est
665 2374 858 2418 inventio
879 2373 1084 2418 veritatis.
1114 2376 1175 2417 Ea
1206 2375 1370 2435 quippe
1392 2372 1719 2432 comparatione

324 2446 498 2508 probati
520 2444 736 2489 manifesti
754 2445 866 2489 fiunt
889 2446 1000 2489 inter
1021 2445 1219 2489 homines
1238 2481 1248 2503 ,
1274 2444 1350 2505 qui
1374 2448 1462 2489 Deo
1482 2444 1572 2488 noti
1596 2452 1712 2488 sunt.

380 2520 502 2562 XXI.
524 2537 543 2559 «
561 2516 1008 2576 Comprehenduntur
1028 2515 1072 2558 in
1091 2515 1425 2574 cogitationibus
1438 2515 1539 2569 suis,
1558 2514 1719 2574 quibus

370 2627 376 2641 ¹
406 2621 426 2650 1³
444 2617 482 2649 al.
500 2628 543 2648 ix.
567 2628 591 2646 ι.
615 2633 653 2636 -
676 2615 791 2645 211ιί1.
817 2612 1084 2654 2.—1³Gen.r‚
1103 2611 1184 2654 314.
