1833 3284
8 1568 20 1879 «ν-»υτιμῂε--ᾼ-ᾼ-...μκ-
13 1533 17 1549 ,Α
15 1516 17 1522 -
14 1489 17 1505 .-
14 1456 16 1479 .-

14 2222 21 2248 .τι
12 2060 22 2199 ⁴-.<.-...1:.-».>
12 2012 14 2038 ’ἡ
12 1961 14 1981 ⁴⁷
12 1901 15 1930 »ν

398 274 639 301 ENARRATIO
675 276 703 301 11
739 275 780 300 tx
816 274 1017 301 PSALML‘M
1055 275 1175 301 xxvi.
1395 260 1477 300 345

99 364 117 383 »
152 341 361 386 tationem
383 340 584 395 Domini,
609 339 869 384 illuminatio
887 356 983 384 mea
1001 350 1064 385 est
1087 360 1094 385 :
1116 341 1218 401 quia
1242 348 1395 400 proget
1411 355 1480 384 me

99 431 117 452 »
155 410 366 471 templum
389 425 539 465 suum,
564 410 761 455 salutaris
784 426 905 454 meus
932 419 1008 455 cst.
1031 429 1050 452 »

150 484 208 526 X.
225 484 369 536 Quare
385 492 532 526 autem
549 481 673 526 nobis
689 483 772 526 hoc
790 491 964 542 praestat
982 481 1026 525 in
1044 482 1203 525 finem?
1225 501 1241 521 «
1262 481 1480 534 Quoniam

97 573 117 596 »
152 552 380 598 abscondit
399 568 469 596 me
491 552 536 596 in
560 552 843 597 tabernaculo
863 568 941 597 suo
958 553 1001 596 in
1025 551 1095 596 die
1116 551 1329 597 malorum
1359 567 1481 596 meo-

99 643 116 666 »
151 626 291 669 rum1.
327 645 344 665 »
370 624 466 668 Erit
487 639 590 683 ergo
618 624 725 668 mihi
752 625 796 668 in
828 623 959 668 domo
981 623 1195 668 habitatio
1225 639 1302 682 per
1333 638 1482 667 omnes

92 692 183 738 dies
204 695 306 739 vitae
328 710 458 749 meae,
480 694 536 738 ad
558 695 641 739 hoc
664 704 713 739 ut
743 694 1012 754 contempler
1034 694 1369 738 delectationem
1391 697 1481 738 Do-

92 766 223 820 mini,
250 774 295 809 et
324 774 525 824 protegar
545 765 758 826 templum
791 767 897 825 ejus.
928 768 982 810 Ut
1009 774 1155 809 autem
1188 764 1292 809 illuc
1325 780 1480 825 perve-

92 836 233 892 niam,
261 836 377 880 unde
407 837 513 880 mihi
534 837 775 897 promitto?
807 857 823 877 a
855 837 1072 890 Quoniam
1096 835 1322 880 abscondit
1344 851 1414 879 me
1436 835 1483 880 in

97 927 115 949 »
151 906 433 952 tabernaculo
454 923 532 952 suo
557 908 603 951 in
626 907 696 952 die
717 907 933 953 malorum
956 923 1169 952 meorum.
1199 928 1216 948 »
1249 910 1371 951 Tunc
1393 921 1483 950 non

92 988 223 1023 erunt
243 978 332 1024 dies
348 979 564 1024 malorum
588 995 783 1024 meorum
797 1016 808 1035 ,
828 980 903 1024 sed
932 979 1041 1024 vidit
1062 995 1131 1023 me
1152 979 1198 1022 in
1218 977 1371 1022 diebus
1388 994 1483 1022 ma-

91 1048 235 1094 lorum
252 1066 466 1096 meorum.
486 1051 571 1105 Qui
589 1066 692 1110 crgo
709 1067 779 1095 me
797 1051 924 1109 longe
940 1051 1131 1110 positum
1149 1048 1484 1093 misericorditer

92 1121 292 1182 respexit,
311 1137 460 1167 secum
477 1123 667 1183 positum
686 1123 910 1183 quomodo
933 1121 1109 1166 beabit?
1127 1125 1360 1181 Propterea
1381 1136 1484 1178 ergo

93 1208 183 1237 non
209 1193 488 1253 impudenter
520 1209 653 1238 unam
684 1193 801 1237 illam
838 1193 969 1253 petivi
995 1213 1002 1238 :
1032 1208 1111 1237 ncc
1135 1193 1243 1236 mihi
1274 1192 1382 1236 dixit
1410 1208 1485 1236 cor

92 1279 241 1308 meum
259 1285 268 1309 ;
291 1264 410 1318 Quid
431 1265 562 1324 petiS,
585 1274 682 1320 aut,
708 1268 746 1309 A
768 1280 857 1325 quo
878 1265 1019 1324 petis?
1040 1264 1188 1309 Audes
1210 1265 1325 1308 enim
1348 1280 1372 1308 a
1394 1267 1485 1308 Deo

93 1333 260 1395 aliquid
287 1344 457 1395 petere,
484 1344 688 1395 peccator
717 1335 897 1396 inique?
925 1335 1056 1379 audes
1089 1351 1261 1395 sperare
1294 1334 1486 1394 aliquam

80 1402 503 1466 ‘contemplationem
545 1405 623 1450 Dei
657 1415 700 1449 te
731 1406 1009 1461 habiturum,
1036 1407 1228 1461 infirme,
1255 1404 1485 1449 immundo

92 1475 254 1521 corde?
281 1476 458 1532 Audeo,
484 1477 650 1537 inquit,
675 1492 765 1521 non
794 1476 848 1520 de
876 1492 968 1532 me,
994 1475 1069 1520 sed
1099 1476 1154 1520 de
1184 1476 1317 1536 ipsius
1340 1474 1486 1520 delec-

92 1548 286 1605 tatione;
309 1563 398 1592 non
421 1547 476 1592 de
497 1563 593 1591 mea
614 1548 973 1608 praesumptione,
991 1547 1065 1591 sed
1083 1546 1137 1591 de
1152 1547 1268 1591 illius
1285 1547 1481 1607 pignore.

93 1617 179 1671 Qui
201 1627 373 1662 tantum
396 1618 552 1677 pignus
571 1617 692 1662 dedit
712 1618 1021 1678 peregrinanti,
1043 1618 1211 1662 deseret
1230 1618 1487 1678 pervenien-

94 1689 212 1732 tem?
239 1707 257 1729 «
284 1688 502 1741 Quoniam
524 1687 754 1733 abscondit
776 1704 845 1732 me
868 1690 912 1733 in
941 1688 1225 1733 tabernaculo
1248 1704 1326 1733 suo
1348 1688 1394 1732 in
1416 1688 1487 1733 die

95 1777 117 1802 >›
151 1759 368 1804 malorum
398 1775 612 1804 meorum.
650 1780 668 1801 »
695 1763 806 1805 Ecce
839 1760 929 1804 dies
962 1759 1178 1805 malorum
1211 1770 1483 1816 nostrorum,

92 1829 181 1874 vita
197 1830 275 1874 ista
293 1824 370 1874 est.
392 1830 492 1875 Dies
512 1830 726 1875 malorum
752 1830 875 1875 aliter
896 1831 1062 1875 habent
1079 1831 1216 1891 impii,
1238 1830 1362 1875 aliter
1383 1829 1489 1875 fide-

92 1899 169 1944 les.
194 1902 304 1946 Nam
328 1900 458 1945 etiam
481 1900 728 1956 credentes,
749 1900 824 1945 sed
842 1901 985 1946 adhuc
1009 1902 1331 1961 peregrinantes
1354 1917 1378 1945 a
1396 1904 1486 1946 Do-

91 1970 235 2026 mino,
259 1990 276 2011 «
303 1970 510 2024 Quandiu
531 1972 647 2014 enim
670 1987 818 2015 sumus
840 1972 884 2015 in
905 1972 989 2016 hoc
1007 1988 1208 2029 corpore,
1229 1971 1485 2032 peregrina-

96 2060 117 2084 »
151 2057 252 2086 mur
268 2058 292 2087 a
307 2042 520 2087 Domino²
537 2062 546 2088 ε
569 2061 589 2084 »
608 2043 692 2087 hoc
707 2043 941 2103 Apostolus
959 2043 1089 2099 dixit,
1107 2044 1141 2088 si
1158 2043 1249 2088 dies
1270 2043 1486 2089 malorum

93 2128 182 2158 non
204 2122 354 2171 agunt,
381 2112 501 2157 unde
521 2129 606 2158 vox
628 2112 855 2158 dominicae
872 2114 1089 2159 Orationis
1109 2136 1120 2172 3
1140 2134 1156 2152 «
1183 2114 1340 2159 Libera
1363 2131 1441 2160 nos
1464 2131 1488 2160 a

96 2201 117 2225 »
153 2183 320 2239 maloss,
349 2204 367 2225 »
393 2184 427 2228 si
445 2200 535 2229 non
563 2200 712 2229 sumus
735 2185 780 2228 in
810 2183 963 2229 diebus
985 2185 1230 2229 malorum?
1254 2185 1339 2230 Sed
1360 2185 1489 2244 longe

93 2253 320 2300 discretius
341 2254 434 2300 dies
468 2254 684 2300 malorum
715 2266 850 2314 agunt
880 2257 956 2317 qui
988 2256 1133 2301 adhuc
1168 2272 1257 2301 non
1286 2256 1487 2301 credide-

93 2335 198 2370 runt
219 2345 228 2371 :
253 2341 334 2370 nec
358 2326 472 2384 ipsos
494 2325 568 2370 ille
587 2327 797 2387 despexit.
829 2328 1004 2372 Etenim
1021 2327 1219 2373 Christus
1245 2343 1321 2387 pro
1345 2328 1487 2388 impiis

93 2405 293 2440 mortuus
316 2397 420 2441 est4.
441 2395 614 2441 Audeat
634 2413 736 2457 ergo
759 2413 1021 2458 praesumere
1044 2398 1187 2442 anima
1209 2399 1423 2454 humana,
1445 2408 1490 2444 et

95 2483 229 2512 unam
261 2466 381 2511 illam
417 2477 592 2527 petere,
624 2484 774 2514 secura
810 2470 1011 2525 habebit,
1042 2486 1192 2514 secura
1231 2469 1483 2530 possidebit.

97 2540 285 2582 Tantum
324 2537 483 2584 dilecta
518 2548 581 2583 est
612 2538 754 2596 foeda,
787 2540 970 2600 pulchra
1003 2540 1227 2601 quomodo
1263 2539 1480 2599 fulgebit!

145 2628 153 2644 ¹
181 2622 258 2653 Psal.
280 2633 367 2659 xxvi,
387 2623 418 2655 5.
436 2639 478 2646 ·--
498 2629 510 2645 2
530 2631 550 2655 2
570 2625 646 2656 Cor.
667 2635 700 2664 v,
716 2623 737 2655 6
771 2642 812 2648 --
834 2623 846 2647 3
866 2625 980 2657 Matth.
1003 2636 1047 2663 vi,
1071 2625 1121 2657 13.
1143 2642 1184 2647 -
1199 2620 1213 2650 4
1229 2627 1319 2656 Rom.
1343 2636 1376 2664 v,
1392 2624 1425 2656 6.
