1833 3284
351 243 436 282 476
784 258 817 284 s.
853 255 1084 285 Auous'rnvt
1117 257 1297 284 EPISCOPl

351 329 507 364 tarent.
542 319 626 365 Sed
661 329 710 364 tu
743 322 937 380 cogitans
969 321 1163 382 requiem
1196 322 1241 364 in
1274 326 1360 365 Deo
1393 328 1470 364 tuo
1493 329 1536 363 ct
1565 328 1742 379 propter

349 392 485 450 ipsam
523 392 720 451 requiem
751 393 895 436 omnia
918 392 1100 447 faciens,
1136 392 1304 436 abstine
1333 392 1386 436 ab
1418 406 1558 451 opere·
1580 390 1738 435 servili.

353 481 372 502 «
398 462 550 505 Omnis
573 463 687 505 enim
705 463 781 523 qui
804 463 908 507 facit
932 472 1157 522 peecatum
1172 498 1182 517 ,
1208 478 1355 507 servus
1377 472 1441 506 est
1468 462 1657 521 peccati1
1679 479 1687 505 ε
1718 479 1739 502 »

348 541 392 576 et
417 532 584 576 utinam
607 533 811 588 hominis⁷
837 543 880 577 et
897 549 986 578 non
1009 533 1195 593 pcccati!
1224 536 1326 578 Haec
1344 533 1423 577 tria
1445 533 1667 592 pertinent
1688 531 1746 577 ad

347 602 626 648 dilectionem
646 605 739 660 Dei,
757 606 881 666 cujus
903 606 1046 665 cogita
1068 606 1283 650 unitatem
1296 640 1307 660 ,
1328 605 1555 650 veritatem
1571 639 1582 659 ‚
1608 613 1652 648 et
1670 619 1746 648 vo-

346 673 578 734 luptatem.
618 678 696 720 Est
733 677 848 720 enim
877 676 1081 738 quaedam
1106 676 1308 736 voluptas
1336 676 1384 720 in
1424 676 1635 731 Domino,
1666 674 1744 719 ubi

344 759 498 789 verum
520 745 769 803 sabbatum,
793 763 894 792 vera
912 748 1098 809 requies.
1120 746 1246 792 Unde
1268 746 1449 802 dicitur,
1478 766 1499 789 «
1519 745 1746 791 Delectare

348 832 369 857 »
395 815 441 860 in
465 817 675 873 Domino,
711 827 754 862 et
775 818 897 862 dabit
918 819 997 862 tibi
1019 818 1250 879 petitiones
1272 816 1414 862 cordis
1448 819 1559 862 tui2.
1589 834 1610 858 »
1630 817 1745 870 Quis

344 886 463 930 enim
495 887 554 932 sic
572 886 787 944 delectat,
814 904 948 950 quam
975 888 1049 933 ille
1072 889 1149 950 qui
1177 887 1281 933 fecit
1306 887 1451 933 omnia
1473 903 1574 948 quae
1595 885 1745 931 delec-

344 959 466 1001 tant?
488 960 540 1001 In
572 959 637 1003 his
660 959 801 1005 tribus
837 961 1022 1004 charitas
1039 961 1145 1016 Dei,
1180 961 1226 1004 in
1249 969 1415 1020 septem
1443 959 1536 1003 aliis
1558 958 1745 1003 charitas

343 1028 559 1086 proximi,
585 1045 640 1073 ne
669 1029 799 1074 facias
822 1030 893 1074 alii
915 1029 1037 1091 quod
1059 1031 1150 1090 pati
1180 1046 1270 1075 non
1297 1030 1376 1075 vis.
1404 1049 1421 1071 «
1449 1031 1646 1073 Honores
1663 1045 1744 1088 pa-

346 1115 367 1139 »
395 1107 506 1142 trem
536 1108 580 1143 et
616 1109 799 1144 matrem
836 1120 845 1145 2
869 1119 889 1142 »
916 1102 1019 1162 quia
1050 1101 1113 1146 vis
1142 1110 1185 1145 te
1218 1101 1424 1145 honorari
1452 1116 1476 1144 a
1510 1099 1607 1144 filiis
1637 1100 1738 1144 tuis.

347 1188 368 1211 «
393 1172 491 1214 Non
511 1172 742 1215 moecheris
770 1191 779 1216 ε
805 1190 825 1213 »
851 1173 953 1232 quia
976 1188 1056 1216 nec
1076 1172 1290 1216 moechari
1309 1187 1489 1216 uxorem
1506 1180 1627 1215 tuam
1644 1180 1744 1231 post

346 1249 387 1284 te
401 1241 479 1284 vis.
511 1260 528 1281 «
555 1244 652 1287 Non
675 1242 845 1287 occidas
868 1263 876 1288 :
903 1261 922 1285 »
950 1244 1052 1304 quia
1070 1253 1113 1287 et
1130 1243 1270 1288 occidi
1293 1259 1382 1287 non
1398 1244 1474 1287 vis.
1504 1262 1524 1285 «
1548 1245 1646 1288 Non
1668 1241 1742 1286 fu-

346 1329 366 1351 »
392 1312 496 1355 reris
519 1332 528 1356 2
557 1332 576 1354 »
602 1313 705 1373 quia
728 1313 898 1357 furtum
926 1315 1015 1373 pati
1039 1331 1128 1358 non
1151 1315 1228 1359 vis.
1254 1334 1274 1357 «
1306 1317 1404 1360 Non
1433 1313 1593 1358 falsum
1622 1314 1743 1358 testi-

346 1399 367 1422 »
393 1382 592 1426 monium
610 1383 726 1428 dieas
754 1403 763 1428 ;
787 1402 807 1425 »
833 1385 935 1444 quia
965 1385 1095 1429 odisti
1118 1384 1347 1429 adversum
1371 1394 1415 1428 te
1437 1383 1595 1428 falsum
1619 1384 1742 1427 testi—

342 1453 539 1496 monium
562 1452 795 1499 dicentem.
818 1457 916 1500 Non
934 1455 1214 1515 concupiscas
1228 1471 1409 1500 uxorem
1421 1455 1606 1515 proximi
1628 1455 1737 1498 tui.»

342 1524 446 1584 quia
464 1534 507 1568 et
523 1534 645 1569 tuam
661 1541 751 1569 non
770 1526 834 1570 vis
848 1527 903 1570 ab
917 1527 1000 1571 alio
1018 1528 1283 1587 concupisci.
1305 1547 1325 1569 «
1345 1530 1443 1573 Non
1460 1526 1742 1586 concupiscas

346 1613 366 1636 »
394 1610 485 1639 rem
508 1595 699 1657 aliquam
731 1598 918 1657 proximi
941 1599 1030 1642 tui3
1059 1618 1068 1643 z
1098 1617 1118 1640 »
1140 1600 1242 1659 quia
1265 1600 1297 1642 si
1318 1599 1415 1659 quis
1438 1608 1559 1642 tuam
1579 1613 1742 1642 concu-

341 1667 481 1726 piscit,
508 1667 707 1727 displicet
737 1669 830 1712 tibi.
863 1671 1082 1714 Converte
1105 1678 1148 1714 et
1180 1670 1225 1713 in
1248 1679 1290 1714 te
1312 1669 1534 1729 linguam,
1562 1668 1741 1729 quando

343 1736 425 1779 tibi
445 1736 646 1796 displicet
666 1739 743 1799 qui
757 1739 836 1782 tibi
851 1749 994 1783 nocet.
1013 1743 1116 1784 Haec
1135 1740 1280 1784 omnia
1295 1749 1513 1799 praecepta
1525 1739 1606 1783 Dei
1619 1749 1737 1793 sunt,

341 1807 551 1866 sapientia
569 1808 762 1853 donante
781 1810 882 1854 data
903 1820 1028 1865 sunt,
1060 1810 1245 1870 desuper
1259 1819 1431 1855 sonant.
1457 1814 1604 1869 Tange
1622 1811 1740 1870 psal-

341 1878 500 1922 terium
513 1914 523 1934 ,
544 1879 676 1939 imple
691 1883 871 1938 Legem,
888 1897 1021 1941 quam
1039 1882 1249 1926 Dominus
1267 1885 1382 1926 Deus
1396 1891 1495 1925 tuus
1509 1897 1598 1926 non
1621 1882 1741 1926 venit

340 1947 532 2005 solvere,
572 1950 647 1994 sed
685 1949 964 2010 adimplere4.
1005 1951 1212 2011 Implebis
1255 1953 1370 1995 enim
1411 1967 1582 2007 amore,
1618 1951 1741 2013 quod

341 2021 498 2065 timore
520 2037 611 2066 non
643 2032 830 2082 poteras.
863 2024 948 2076 Qui
980 2024 1096 2067 enim
1128 2023 1326 2068 timendo
1346 2040 1435 2068 non
1469 2023 1573 2068 facit
1594 2024 1736 2078 male,

340 2091 493 2135 mallet
514 2093 677 2148 facere,
704 2093 736 2137 si
766 2093 929 2138 liceret.
955 2097 1108 2155 Itaque
1139 2095 1218 2139 etsi
1252 2094 1434 2139 facultas
1463 2111 1553 2139 non
1584 2095 1735 2151 datur,

339 2162 542 2207 voluntas
574 2172 763 2208 tenetur.
789 2166 887 2209 Non
907 2164 1042 2219 facio,
1070 2165 1227 2225 inquit.
1254 2168 1424 2219 Quare?
1451 2166 1561 2219 Quia
1586 2167 1733 2210 timeo.

340 2234 549 2279 Nondum
566 2250 681 2278 amas
697 2235 933 2295 justitiam,
958 2235 1102 2281 adhuc
1119 2252 1266 2282 servus
1290 2253 1334 2281 es
1355 2257 1364 2281 :
1390 2246 1481 2281 esto
1499 2236 1627 2281 filius.
1653 2237 1738 2281 Sed

341 2320 391 2348 ex
414 2305 531 2349 bono
548 2322 671 2350 servo
688 2307 736 2351 fit
751 2307 893 2351 bonus
912 2306 1040 2352 filius.
1060 2309 1239 2352 Interim
1255 2308 1450 2353 timendo
1467 2307 1556 2352 noli
1575 2308 1732 2364 facere,

340 2377 458 2422 dices
481 2387 524 2421 et
546 2378 733 2423 amando
757 2394 846 2423 non
878 2378 1033 2424 facere.
1060 2383 1138 2424 Est
1168 2381 1284 2424 enim
1313 2379 1518 2441 quaedam
1537 2379 1736 2439 pulchri·-

340 2446 449 2491 tudo
463 2449 659 2507 justitiae.
687 2453 822 2494 Poena
845 2459 887 2494 te
924 2450 1153 2495 deterreat.
1193 2451 1337 2495 Habet
1352 2451 1520 2511 justitia
1549 2449 1736 2494 sormam

388 2550 397 2567 ¹
417 2547 508 2576 Joan.
536 2558 561 2587 1,
579 2545 632 2588 34.
655 2565 697 2570 —
716 2554 728 2569 ²
747 2547 828 2579 Psal.
851 2549 959 2589 xxxvi,
981 2547 1012 2590 4.
1028 2547 1093 2572 -3
1111 2549 1211 2581 Exod.
1230 2561 1285 2591 xx,
1308 2560 1397 2591 1-17‚
1418 2553 1452 2583 et
1468 2551 1562 2583 Deut.
1584 2559 1614 2589 v,
1631 2547 1727 2580 6-21.

342 2616 383 2622 —
402 2598 416 2629 4
435 2601 549 2632 Manli.
571 2611 604 2644 v,
627 2613 677 2643 ¹7-
