1833 3284
0 602 3 620 l

353 253 595 284 ENARRATIO
627 257 660 282 11
692 256 738 283 IN
769 254 973 283 PsALMUM
1005 256 1132 283 xvm.
1359 242 1442 281 265

56 324 195 383 majus
217 322 425 367 delictum
443 357 452 377 ,
478 336 611 382 quam
629 330 906 381 apostatarea
921 323 1027 375 Deo,
1053 319 1175 381 quod
1191 328 1255 364 est
1269 319 1444 364 initium

55 394 271 454 superbiae
286 392 472 438 hominis
482 394 513 436 1.
529 394 587 436 Et
598 408 699 436 vere
714 391 787 436 ille
802 391 1106 436 immaculatus
1120 400 1198 446 est,
1220 390 1296 451 qui
1312 391 1445 434 etiam

55 466 140 509 1100
162 463 321 509 delicto
343 472 460 508 caret
485 481 494 508 ε
530 463 632 523 quia
658 464 742 508 hoc
769 473 833 508 est
853 462 1059 507 ultimum
1081 461 1367 507 redeuntibus
1389 459 1445 506 ad

0 526 5 553 ι·

56 538 197 580 Deum
220 533 342 595 qnod
362 533 665 578 recedentibus
686 533 877 594 primum
899 532 999 577 fuit.

113 607 211 649 XV.
251 624 269 646 «
295 607 353 649 Et
383 612 512 648 erunt
541 613 590 649 ut
616 603 915 664 complaceant
940 602 1110 663 eloquia
1143 602 1228 647 oris
1262 602 1376 657 mei,
1402 610 1446 645 ct

58 694 79 718 >›
100 674 326 720 meditatio
350 673 490 720 cordis
516 675 600 718 mei
626 675 672 718 in
700 683 938 735 conspectu
959 684 1036 719 100
1060 676 1229 734 51111012.
1257 692 1274 714 »
1300 671 1444 717 Medi-

0 792 3 801 ,
55 747 161 791 tatio
185 743 325 798 cordis
347 746 456 801 mei,
483 761 571 790 non
594 746 650 790 ad
667 746 920 806 jactantiam
939 744 1140 805 placendi
1163 743 1414 789 hominibus
1431 778 1442 798 ,

55 818 157 878 quia
169 818 259 878 jam
277 815 398 862 nulla
420 816 623 876 superbia
635 826 699 860 est
717 836 725 861 :
741 816 817 861 sed
838 817 884 860 in
906 825 1143 876 conspectu
1161 825 1237 859 tuo
1258 829 1443 874 semper,

55 888 132 949 qui
148 887 458 933 conscientiam
481 903 637 948 puram
659 887 847 947 inspicis.
874 906 891 927 «
910 887 1092 931 Domine
1111 885 1283 945 adiutor
1304 900 1444 939 meus,

58 979 78 1001 »
100 969 143 1004 et
164 958 415 1018 redemptor
436 974 573 1003 meus.
601 979 617 1000 »
645 958 851 1013 Domine,
877 958 1050 1018 adjutor
1068 972 1206 1013 meus,
1226 956 1446 1001 tendentis

55 1029 111 1074 ad
129 1038 170 1074 te
187 1051 198 1087 3
217 1029 427 1090 quoniam
442 1029 691 1088 redemptor
707 1044 830 1073 meus
847 1044 890 1072 es
908 1037 957 1072 tu
968 1063 978 1083 ,
1000 1037 1051 1072 ut
1067 1027 1292 1072 tenderem
1312 1027 1366 1071 ad
1379 1035 1444 1084 te,

55 1116 111 1145 ne
128 1101 359 1161 quisquam
380 1099 453 1144 vel
475 1101 696 1160 sapientise
725 1116 813 1144 suae
837 1100 1032 1144 tribuens
1055 1098 1175 1159 quod
1198 1098 1254 1142 ad
1282 1107 1325 1141 te
1346 1113 1448 1142 con—

8 1217 12 1224 ,
53 1172 254 1226 vertitur,
279 1171 350 1216 vel
365 1171 528 1216 viribus
550 1171 666 1231 quod
687 1170 742 1214 ad
764 1180 802 1214 te
824 1170 1037 1230 pervenit,
1059 1169 1197 1228 magis
1210 1167 1449 1228 repellatur

56 1242 132 1288 abs
156 1251 218 1297 te,
244 1241 321 1303 qui
349 1242 546 1301 superbis
568 1241 725 1285 resistis
741 1243 755 1266 3
794 1261 802 1285 :
839 1241 940 1301 quia
962 1240 1201 1284 mundatus
1223 1255 1313 1283 non
1335 1248 1399 1282 cst
1424 1254 1446 1283 a

56 1312 216 1357 delicto
238 1327 395 1371 magno
412 1347 423 1368 ,
448 1328 529 1357 nec
552 1310 816 1371 complacuit
830 1312 875 1356 111
902 1321 1139 1371 conspectu
1157 1320 1257 1366 tuo,
1282 1310 1358 1370 qui
1376 1325 1458 1353 re-

56 1383 183 1429 dimis
203 1393 255 1428 ut
275 1392 597 1438 convertamur,
623 1392 667 1427 et
684 1381 860 1442 adjuvas
877 1392 928 1427 ut
949 1382 1251 1442 perveniamus
1270 1380 1326 1425 ad
1344 1390 1401 1425 te.

21 1523 28 1531 x
57 1531 617 1549 ΝΙΙἋΙΜᾹΛΛΙἋΝἏΜΜΝῚΜΜΜΜΜΊ
621 1531 903 1547 mmmwmmvvu
909 1528 1450 1546 mmttsuwuvwmmaeuwxmumuwx

505 1623 898 1671 ENARRATIO
937 1625 979 1669 Il

382 1756 433 1794 1N
466 1756 675 1795 EUMDEM
705 1755 945 1796 PSALMUM
981 1756 1121 1794 xvm.

117 1877 153 1918 Ι.
179 1877 431 1920 -DEPRECATI
457 1875 718 1932 Dominum,
743 1885 794 1920 ut
812 1876 867 1920 ab
890 1876 1069 1921 occultis
1088 1876 1244 1920 nostris
1266 1875 1452 1920 mundet

57 1961 158 2001 nos,
185 1955 228 1989 et
255 1946 310 1990 ab
332 1946 483 1990 alienis
505 1956 654 2006 parcat
679 1947 808 1991 servis
839 1947 925 1990 suis
944 1982 954 2002 ‚
977 1946 1086 2007 quid
1109 1947 1192 1990 hoc
1215 1946 1269 1990 sit
1289 1946 1453 1990 intelli-

59 2031 160 2075 gere
181 2015 406 2072 debemus,
427 2026 478 2061 ut
498 2017 689 2061 humana
708 2018 897 2071 ratione,
923 2033 1014 2061 non
1035 2017 1161 2077 quasi
1179 2017 1325 2061 avium
1346 2032 1452 2062 voce

58 2095 307 2146 cantemus,
331 2103 433 2132 nam
456 2097 499 2132 ct
523 2087 680 2131 meruli
700 2097 743 2132 et
763 2088 956 2147 psittaci,
978 2097 1020 2131 01
1046 2088 1165 2132 corvi
1187 2097 1228 2132 et
1252 2088 1358 2148 picae
1373 2124 1383 2143 ,
1409 2097 1453 2133 et

57 2157 309 2217 hujusmodi
330 2157 530 2202 volucres
545 2194 555 2213 ,
579 2174 694 2218 saepe
712 2158 766 2202 ab
785 2158 1038 2202 hominibus
1061 2158 1276 2203 docentur
1299 2170 1452 2203 sonare

59 2228 180 2289 quod
203 2228 421 2272 nesciunt,
459 2229 652 2273 Scienter
681 2238 828 2273 autem
850 2237 1024 2272 cantare
1041 2264 1051 2283 ,
1076 2239 1245 2273 naturae
1266 2230 1454 2274 hominis

59 2298 206 2344 divina
237 2298 465 2344 voluntate
497 2315 750 2344 concessum
780 2309 857 2344 est.
890 2302 947 2343 Et
971 2315 1104 2360 quam
1128 2299 1255 2344 multi
1285 2299 1386 2344 mali
1410 2310 1453 2345 et

58 2369 270 2414 luxuriosi
291 2370 350 2414 sic
373 2369 697 2429 cantantdigna
711 2371 889 2414 auribus
909 2370 995 2414 suis
1017 2379 1060 2414 et
1081 2370 1306 2427 cordibus,
1333 2372 1454 2416 novi-

60 2456 158 2484 mus
180 2450 222 2484 et
240 2440 453 2486 dolemus.
478 2444 543 2486 Eo
566 2443 680 2485 enim
703 2444 870 2502 pejores
900 2451 1025 2497 sunt,
1048 2459 1136 2503 quo
1158 2459 1248 2488 non
1269 2454 1453 2503 possunt

60 2512 260 2571 ignorare
278 2511 400 2573 quod
418 2522 609 2557 cantant.
632 2513 783 2558 Sciunt
800 2514 915 2557 enim
939 2530 983 2558 se
1002 2524 1175 2560 cantare
1191 2515 1350 2574 flagitia
1374 2551 1385 2571 ,
1410 2525 1453 2560 ct

111 2615 119 2631 ¹
140 2609 238 2642 Eccli.
262 2620 294 2651 x,
316 2609 367 2652 14.
383 2627 424 2633 -
447 2617 459 2633 ²
480 2611 562 2643 Psal.
580 2622 677 2653 xvm,
696 2612 745 2644 15.
764 2630 804 2634 —
824 2610 965 2645 3Jacob.
988 2624 1036 2655 zv,
1051 2614 1082 2644 G.
