1833 3284
387 208 471 248 262
817 223 850 249 s.
887 220 1119 249 Aucus-‚nm
1151 221 1333 250 Emscom

446 287 523 329 Vl.
564 304 583 327 «
606 288 655 329 In
680 284 768 329 sole
789 286 934 346 posuit
959 286 1292 331 tabernaculum
1316 303 1442 331 suum
1465 289 1492 332 ¹.
1517 306 1537 329 »
1570 289 1781 334 Dominus

389 366 536 401 autem
562 365 611 400 ut
629 356 833 402 adversus
855 374 985 417 regna
1007 357 1307 417 temporalium
1334 375 1531 403 errorum
1550 359 1780 419 belligera-

387 437 478 483 ret,
519 444 609 472 non
639 444 817 488 pacem,
850 430 925 473 scd
959 429 1152 487 gladium
1182 431 1388 475 missurus
1416 430 1462 474 in
1490 440 1648 475 terram
1671 435 1704 487 2,
1737 432 1782 476 in

388 508 584 559 tempore
601 499 669 544 vel
683 500 727 544 in
748 500 1099 545 manifestatione
1112 501 1257 560 posuit
1274 511 1482 562 tanquam
1497 501 1682 547 militare
1703 503 1782 547 ha-

388 570 633 615 bitaculum
655 587 782 615 suum
798 608 808 628 ,
849 573 933 617 hoc
964 582 1054 627 est,
1088 571 1452 632 dispensationem
1474 573 1782 619 incarnationis

387 657 492 686 suae.
532 661 551 683 «
578 645 632 686 Et
669 643 759 702 ipse
785 640 996 704 tanquam
1019 659 1202 703 sponsus
1233 644 1473 704 procedens
1507 644 1562 689 de
1590 645 1783 690 thalamo

390 731 409 753 »
433 729 526 757 suo.
556 731 574 753 ³)
613 716 670 757 Et
700 715 789 773 ipse
811 714 1052 774 procedens
1076 714 1130 758 de
1154 724 1280 759 utero
1303 714 1533 774 virginali,
1566 716 1784 761 ubiDeus

387 793 557 828 naturae
590 784 795 829 humanae
824 794 1034 846 tanquam
1057 801 1238 845 sponsus
1260 802 1429 846 sponsae
1449 786 1679 846 copulatus
1701 797 1779 832 est.

393 875 413 898 ι(
432 855 659 900 Exultavit
676 856 789 900 sicut
806 857 923 916 gigas
947 856 1002 901 ad
1020 857 1281 902 currendam
1304 859 1432 902 viam.
1456 878 1474 900 n
1494 858 1719 904 Exultavit
1733 860 1786 904 si-

387 937 464 973 cut
485 926 764 983 fortissimus,
787 937 831 971 et
848 938 1026 972 caeteros
1049 929 1246 972 homines
1270 929 1600 989 incomparabili
1623 930 1785 975 virtute

388 998 656 1059 przecedens,
684 1015 773 1043 non
797 998 851 1043 ad
874 998 1176 1054 habitandam,
1203 999 1276 1043 sed
1301 1000 1356 1044 ad
1378 1000 1639 1046 currendam
1652 1001 1783 1046 viam.

393 1091 413 1115 «
446 1074 545 1116 Non
568 1072 684 1115 enim
706 1071 753 1115 in
773 1071 841 1115 via
864 1081 1145 1131 peccatorum
1159 1072 1322 1116 stetitss.
1346 1091 1366 1113 »

448 1148 549 1190 VII.
576 1148 648 1190 «A
670 1160 842 1189 summo
867 1144 981 1189 coelo
1005 1145 1190 1204 egressio
1218 1146 1324 1205 ejus.
1344 1166 1367 1195 ,»
1391 1148 1429 1190 A
1453 1148 1580 1190 Patre
1598 1145 1786 1204 egressio

388 1218 503 1277 ejus,
529 1233 618 1261 non
632 1216 880 1277 temporalis
895 1253 906 1272 ,
933 1216 1009 1261 sed
1029 1226 1212 1272 aeterna,
1234 1233 1320 1277 qua
1338 1216 1393 1261 de
1412 1220 1539 1261 Patre
1555 1226 1683 1261 natus
1705 1225 1784 1261 est.

394 1308 414 1332 «
448 1292 506 1333 Et
527 1304 730 1333 occursus
746 1289 837 1349 ejus
860 1304 1000 1348 usque
1024 1287 1078 1333 ad
1095 1304 1314 1333 summum
1338 1287 1438 1332 coeli
1455 1289 1487 1332 ⁴.
1512 1306 1532 1330 »
1559 1291 1616 1333 Et
1632 1303 1788 1332 oecur-

388 1359 444 1404 rit
480 1359 756 1420 plenitudine
779 1359 1023 1404 Divinitatis
1052 1375 1191 1420 usque
1220 1359 1275 1403 ad
1306 1359 1603 1420 aequalitatem
1631 1360 1784 1404 Patris.

394 1451 415 1475 «
439 1434 496 1475 Et
514 1448 604 1476 non
625 1440 688 1476 est
711 1431 787 1492 qui
810 1446 854 1474 se
876 1430 1119 1475 abscondat
1140 1447 1163 1475 a
1187 1431 1330 1476 calore
1348 1432 1482 1490 ejus.»
1505 1433 1618 1476 Cum
1642 1441 1789 1476 autem

396 1521 413 1543 «
426 1503 625 1546 Verbum
647 1503 778 1546 etiam
801 1518 901 1546 caro
924 1501 1091 1547 factum
1114 1511 1178 1547 est
1199 1512 1242 1546 et
1259 1501 1475 1546 habitavit
1503 1502 1549 1545 in
1571 1501 1738 1557 nobis⁵,
1767 1522 1784 1542 »

392 1573 703 1617 mortalitatem
747 1582 938 1617 nostram
979 1573 1214 1633 suscipiens
1233 1609 1243 1628 ‚
1284 1589 1374 1617 non
1415 1572 1609 1632 permisit
1646 1571 1789 1617 ullum

394 1644 649 1690 mortalium
672 1659 874 1688 excusare
897 1660 940 1690 se
971 1644 1026 1689 de
1053 1645 1209 1690 umbra
1238 1645 1417 1703 mortis3
1452 1654 1496 1689 et
1517 1644 1654 1704 ipsam
1676 1644 1793 1688 enim

395 1715 644 1776 penetravit
660 1715 794 1760 Verbi
817 1714 950 1760 calor.

453 1789 535 1830 VII
543 1790 576 1831 Ι.
618 1806 637 1828 «
659 1784 747 1830 L‘ex
769 1786 942 1831 Domini
966 1785 1243 1831 immaculata
1263 1796 1521 1831 convertens
1536 1786 1700 1831 animas
1714 1788 1745 1830 ⁰.
1772 1806 1790 1828 »

394 1861 482 1902 Lex
505 1873 608 1916 ergo
633 1857 807 1902 Domini
831 1857 920 1916 ipse
946 1867 1010 1901 est
1026 1893 1036 1913 ,
1068 1858 1144 1917 qui
1167 1858 1287 1902 venit
1313 1857 1452 1915 legem
1476 1856 1679 1917 implere,
1705 1873 1797 1902 non

392 1929 589 1974 solverc⁷
619 1949 626 1973 :
666 1938 707 1973 et
739 1928 1018 1973 immaculata
1051 1929 1140 1983 lex,
1178 1930 1255 1990 qui
1282 1938 1514 1990 peccatum
1541 1945 1632 1974 non
1659 1929 1791 1985 fecit,

391 2016 472 2045 nee
493 2000 696 2043 inventus
713 2008 777 2043 est
798 1998 925 2043 dolus
948 1999 992 2042 iu
1016 2016 1089 2044 ore
1107 2001 1198 2060 ejus
1213 2002 1226 2026 ⁸
1247 2020 1255 2045 :
1291 2016 1381 2044 non
1404 2015 1606 2059 premens
1630 2000 1795 2044 animas

393 2072 611 2116 servitutis
622 2073 730 2131 jugo
744 2106 754 2126 ‚
780 2069 855 2113 sed
877 2069 931 2114 ad
951 2087 994 2114 se
1017 2070 1276 2115 imitandum
1298 2070 1500 2115 libertate
1518 2080 1791 2115 convertens.

398 2162 418 2186 α
445 2144 762 2187 Testimonium
791 2142 967 2187 Domini
999 2141 1149 2198 fidele,
1177 2143 1432 2202 sapientiam
1464 2152 1671 2202 praestans
1692 2159 1795 2202 par-

395 2233 415 2255 »
442 2213 553 2258 vulis
572 2216 603 2257 ⁹.
633 2213 946 2257 Testimonium
970 2213 1144 2256 Domini
1168 2213 1325 2271 fidele·7
1352 2232 1372 2254 »
1400 2216 1502 2274 quia
1524 2229 1655 2258 nemo
1673 2214 1795 2258 novit

395 2289 569 2329 Patrem
592 2284 673 2336 nisi
695 2283 855 2338 Filius,
882 2293 925 2328 et
942 2283 1012 2328 cui
1030 2283 1217 2329 voluerit
1236 2284 1373 2328 Filius
1396 2283 1638 2329 revelare¹0
1665 2304 1672 2328 :
1695 2300 1795 2344 quae
1832 2288 1833 2315 i

394 2356 648 2401 abscondita
671 2366 773 2400 sunt
795 2372 818 2400 a
841 2355 1109 2416 sapientibus
1127 2393 1137 2412 ‚
1164 2365 1206 2400 et
1230 2357 1420 2402 revelata
1442 2355 1658 2417 parvulis3
1679 2374 1794 2418 quo-

443 2479 452 2495 ¹
472 2472 554 2505 psal.
582 2484 685 2514 xvm,
704 2473 737 2503 (5.
766 2491 807 2496 —
827 2479 840 2495 ²
859 2473 975 2505 Matth.
991 2484 1031 2515 x,
1053 2471 1106 2515 34.
1127 2491 1168 2496 -
1190 2472 1202 2497 3
1222 2473 1301 2506 Psal.
1319 2486 1351 2516 1⁷
1369 2485 1398 2506 1.
1415 2491 1457 2496 —
1475 2472 1668 2515 41d.xv1n‚
1689 2484 1720 2515 7.
1745 2491 1787 2495 —

394 2526 409 2550 5
426 2531 519 2560 Joan.
548 2540 580 2571 1,
609 2528 660 2571 [ᾗ.
680 2547 722 2552 -
737 2528 752 2552 6
772 2530 850 2561 Psal.
875 2541 969 2571 xvni,
989 2529 1021 2561 8.
1043 2547 1084 2552 -—
1099 2537 1112 2562 7
1136 2524 1249 2563 Mattli.
1276 2541 1307 2569 v,
1328 2541 1345 2573 7
1373 2547 1411 2553 -
1429 2529 1445 2551 ⁸
1465 2539 1484 2562 2
1502 2532 1725 2570 Pctr.11‚22.
1742 2546 1783 2552 —-

397 2593 411 2611 ’ν
430 2585 510 2618 I’sal.
538 2597 630 2627 xvm,
651 2586 682 2616 8.
703 2603 744 2608 —-
766 2592 796 2609 ¹0
815 2586 930 2618 Mauh.
954 2597 1000 2627 xi,
1021 2595 1077 2629 27.

1830 2421 1833 2476 1
