1833 3284
398 301 478 341 124
834 310 867 337 s.
906 307 1136 338 AUGUSTINI
1169 310 1352 339 Emscom

397 377 636 423 Abessalon
660 376 799 420 Patris
826 391 909 436 pax
933 376 1109 431 dicitur,
1140 376 1242 436 quia
1273 384 1396 435 pater
1417 371 1573 417 habuit
1601 385 1752 431 pacem
1769 405 1781 427 ,

396 463 529 509 quam
549 447 622 490 ille
640 462 730 490 non
747 445 919 491 habuit.

457 522 515 563 ΙΙ.
542 519 760 562 «Domine
776 516 884 578 quid
899 516 1176 577 multiplicati
1193 526 1295 561 sunt
1306 516 1382 577 qui
1401 513 1613 560 tribulant
1633 515 1745 558 me¹.
1759 531 1781 555 »

397 592 504 633 Tam
525 588 688 633 scilicet
710 586 994 647 multiplicati
1011 597 1128 642 sunt,
1149 596 1199 631 ut
1213 587 1343 631 etiam
1367 586 1421 630 de
1444 600 1628 629 numero
1650 584 1785 629 Disci-

394 660 601 720 pulorum
620 676 708 704 non
732 659 945 714 defuerit,
971 659 1046 720 qui
1068 674 1252 704 numero
1275 659 1498 703 accesserit
1520 671 1788 717 persequen-

396 732 521 775 tium.
552 730 711 774 «Multi
742 729 976 788 insurgunt
1002 745 1131 789 super
1165 745 1235 774 me
1260 749 1269 774 ε
1297 729 1424 773 multi
1447 728 1600 772 dicunt
1633 727 1788 771 animae

397 819 418 841 »
454 816 562 843 mem
580 820 588 845 ε
607 803 705 845 Non
729 808 791 844 est
809 799 923 844 salus
941 800 1003 844 illi
1026 800 1072 843 in
1093 804 1184 845 Deo
1205 801 1340 860 ejus&
1360 819 1380 841 n
1416 799 1697 844 Manifestum
1726 805 1790 841 est

394 870 517 931 quod
532 871 612 915 nisi
627 870 906 930 desperarent
929 879 1275 915 resurrecturum
1292 907 1303 926 ‚
1324 886 1414 915 non
1436 871 1592 930 utique
1619 867 1791 913 occide-

395 950 507 985 rent.
539 941 608 985 Ad
626 943 707 985 hoc
726 940 875 985 valent
894 940 980 985 illae
1003 957 1130 986 voces
1157 960 1166 986 :
1197 960 1217 983 «
1232 941 1476 985 Descendat
1499 940 1554 984 de
1576 954 1729 994 eruce,
1756 938 1790 982 si

397 1030 417 1052 n
454 1011 590 1055 Filius
620 1012 697 1056 Dei
715 1021 778 1056 est
796 1031 804 1056 ε
834 1030 854 1053 »
881 1020 923 1056 et
939 1047 950 1067 ,
972 1011 1128 1057 «Alios
1150 1011 1355 1067 salvavit,
1376 1012 1577 1071 seipsum
1598 1025 1688 1054 non
1710 1024 1791 1069 po-

398 1100 418 1123 »
455 1083 578 1126 test3.
603 1100 623 1123 »
645 1086 760 1140 Ergo
782 1098 862 1128 nec
884 1085 909 1127 J
914 1083 1019 1128 udas
1041 1099 1142 1127 eum
1167 1081 1437 1138 tradidisset,
1460 1082 1540 1127 nisi
1564 1097 1616 1125 ex
1638 1095 1789 1125 eorum

394 1162 504 1196 esset
533 1168 741 1209 numero,
786 1153 862 1214 qui
899 1153 1123 1198 Christum
1167 1161 1521 1208 contemnerent,
1557 1150 1750 1196 dicentes
1777 1169 1786 1194 2

398 1242 418 1265 «
438 1226 537 1270 Non
556 1234 620 1268 est
639 1224 753 1268 salus
776 1223 840 1268 illi
860 1225 908 1268 in
930 1227 1020 1270 Deo
1039 1225 1145 1285 ejus.
1167 1242 1188 1266 »

453 1297 534 1338 ΙΙΙ.
567 1314 586 1336 «
605 1298 670 1338 Tu
688 1304 851 1351 autem,
873 1296 1073 1351 Domine,
1099 1304 1322 1355 susceptor
1335 1310 1460 1339 meus
1476 1308 1520 1338 es
1535 1295 1552 1320 4
1572 1311 1581 1338 :
1598 1314 1615 1335 »
1632 1307 1790 1337 secun-

395 1365 503 1409 dum
524 1365 749 1409 hominem
772 1365 932 1410 dieitur
965 1369 1056 1411 Deo
1093 1386 1102 1411 :
1136 1366 1239 1427 quia
1266 1366 1452 1410 hominis
1480 1364 1697 1424 susceptio
1727 1373 1792 1408 est

396 1436 594 1480 Verbum
616 1451 717 1481 caro
731 1435 911 1481 factum.
932 1456 951 1478 «
969 1436 1113 1482 Gloria
1129 1453 1277 1481 mea.»
1296 1437 1490 1481 Gloriam
1507 1450 1629 1480 suam
1650 1438 1792 1479 Deum

394 1504 500 1550 dicit
527 1506 658 1550 etiam
679 1506 754 1551 ille
768 1542 779 1563 ‚
801 1523 935 1568 quem
957 1507 1016 1552 sie
1033 1507 1222 1568 suscepit
1243 1506 1320 1552 Dei
1338 1507 1533 1551 Verbum
1549 1540 1560 1561 ‚
1590 1514 1640 1550 ut
1661 1503 1790 1548 simul

393 1593 496 1622 eum
518 1593 569 1622 eo
587 1581 702 1622 Deus
720 1578 856 1623 fieret.
885 1578 1063 1624 Discant
1084 1578 1280 1639 superbi‚
1299 1579 1372 1639 qui
1397 1593 1488 1622 non
1505 1576 1695 1621 libenter
1717 1592 1792 1620 au-

393 1647 542 1703 diunt,
562 1665 664 1693 cum
690 1649 748 1692 eis
767 1648 952 1694 dicitur:
981 1669 1000 1691 «
1017 1649 1134 1703 Quid
1154 1658 1299 1694 autem
1318 1649 1454 1693 habes
1467 1647 1590 1709 quod
1607 1663 1698 1692 non
1715 1662 1791 1691 ac-

397 1737 417 1759 »
453 1718 635 1778 cepisti?
660 1720 702 1764 Si
720 1728 867 1763 autem
881 1720 1098 1780 accepisti⁷
1119 1720 1229 1781 quid
1247 1719 1441 1779 gloriaris
1463 1718 1587 1779 quasi
1608 1734 1699 1763 non
1719 1733 1793 1762 ac-

395 1806 416 1830 »
452 1789 676 1848 ceperis⁵P
707 1791 765 1833 Et
795 1789 987 1833 exaltans
1015 1799 1148 1849 caput
1180 1805 1382 1834 meum.»
1415 1792 1610 1834 Mentem
1651 1788 1791 1847 ipsam

393 1861 633 1904 humanam
654 1861 726 1905 hie
749 1860 1047 1920 accipiendam
1070 1870 1178 1921 puto
1193 1896 1204 1917 ⁷
1225 1860 1346 1921 quod
1367 1869 1500 1920 caput
1522 1860 1678 1904 animae
1700 1873 1792 1902 non

392 1932 581 1976 absurde
604 1932 849 1992 appellatur
867 1951 876 1977 :
894 1949 994 1993 quae
1016 1934 1075 1977 ita
1092 1933 1267 1976 inhaesit
1284 1942 1327 1976 et
1344 1932 1535 1992 quodam
1547 1930 1682 1976 modo
1697 1945 1792 1974 coa-

392 2002 474 2046 luit
495 2002 721 2047 excellenti
745 2003 1125 2062 supereminentiae
1148 2003 1281 2047 Verbi
1308 2003 1533 2047 hominem
1551 2001 1792 2061 suscipien-

392 2074 443 2117 tis
458 2109 469 2128 ,
490 2083 540 2118 ut
559 2083 679 2117 tanta
698 2075 906 2133 passionis
928 2074 1177 2119 humilitate
1193 2089 1283 2118 non
1306 2075 1616 2133 deponeretur.

452 2147 528 2188 IV.
569 2163 589 2186 «
609 2147 728 2189 Voce
746 2160 840 2189 mea
862 2145 917 2189 ad
933 2146 1171 2190 Dominum
1188 2145 1371 2190 clamavi
1385 2147 1401 2172 ⁰
1432 2165 1441 2190 :
1469 2165 1489 2186 »
1517 2144 1562 2189 id
1584 2153 1648 2188 est
1664 2179 1675 2199 ,
1701 2159 1791 2188 non

390 2215 583 2274 corporis
609 2231 732 2271 voce,
748 2232 848 2277 quae
866 2232 967 2260 cum
986 2217 1170 2275 strepitu
1185 2216 1403 2261 verberati
1419 2216 1526 2260 aeris
1542 2215 1759 2275 promitur
1776 2233 1786 2259 :
1826 2272 1828 2287 μ

390 2285 467 2329 sed
488 2301 594 2330 voce
617 2285 779 2341 cordis,
806 2302 906 2347 quae
939 2286 1192 2331 hominibus
1215 2287 1335 2341 silet,
1363 2290 1453 2331 Deo
1476 2295 1650 2341 autem,
1676 2285 1790 2329 sicut
1825 2289 1828 2342 J

389 2355 556 2400 clamor
577 2366 717 2401 sonat.
742 2359 839 2410 Qua
866 2372 972 2401 voce
1006 2359 1201 2402 Susanna
1224 2357 1425 2402 exaudita
1447 2359 1569 2401 est⁷:
1599 2375 1619 2397 »
1651 2364 1694 2399 et
1734 2355 1791 2399 de
1825 2371 1826 2374 ’

390 2442 590 2504 quavoee
610 2428 700 2487 ipse
722 2428 934 2472 Dominus
958 2428 1171 2487 praecipit,
1192 2437 1243 2472 ut
1257 2428 1302 2471 in
1319 2426 1532 2472 cubiculis
1550 2426 1720 2480 clausis,
1742 2425 1788 2469 id

390 2505 480 2552 est,
517 2497 562 2541 in
597 2498 770 2542 seeretis
802 2497 943 2543 cordis
972 2499 1064 2543 sine
1095 2499 1279 2558 strepitu
1307 2499 1500 2543 oreturss.
1535 2499 1624 2542 Nee
1656 2495 1785 2540 facile
1822 2511 1823 2514 ¹

439 2599 447 2614 ¹
466 2592 547 2624 Psal.
563 2604 609 2634 in,
628 2601 660 2624 2.
683 2610 725 2616 —-
746 2600 758 2615 ²
780 2593 860 2625 Ibid.
879 2593 909 2625 3.
935 2610 976 2616 —
998 2591 1010 2616 3
1029 2593 1143 2625 matth.
1171 2604 1270 2634 xxvn,
1291 2591 1343 2634 42.
1371 2591 1437 2622 -4
1460 2592 1537 2624 Psal.
1558 2603 1604 2634 ιιι,
1625 2590 1645 2633 [ff
1664 2607 1706 2614 —-
1730 2589 1745 2612 5
1768 2602 1781 2622 ι

390 2650 463 2681 Cor.
486 2659 530 2690 iv,
549 2659 580 2690 7.
601 2666 643 2672 —-
661 2648 675 2671 ‘³'
695 2649 775 2682 l‘sal.
798 2661 851 2692 ιιι,
871 2649 901 2681 5.
924 2657 990 2682 -7
1015 2652 1093 2683 Dan.
1116 2660 1188 2692 xm,
1203 2649 1259 2692 Μ.
1279 2666 1320 2672 —
1339 2647 1354 2671 3
1374 2648 1552 2690 Mattl1.v1‚
1566 2648 1601 2679 6.
