1833 3284
591 276 926 306 Anno-rumeins.
1376 267 1460 308 549

460 432 703 462 ΑΝΝοΤΑΤιο
734 419 826 475 (15)
847 433 944 477 pag.
974 423 1072 462 351.

133 551 326 612 Respicit
348 550 460 598 forte
471 550 527 597 ad
540 550 701 612 Pelagii
721 566 927 607 errorem,
947 551 1169 598 invectum
1187 552 1233 598 in
1250 550 1458 611 Africam,

75 637 190 669 anno
212 627 263 668 41
274 631 293 667 1
304 657 313 666 .

458 775 702 806 Annona-10
723 761 817 819 (16)
838 774 938 821 pag.
960 764 1060 806 352.

132 899 377 942 Romanam
409 895 726 956 rempublicam
747 905 893 952 notat,
928 905 1223 943 senescentem
1250 895 1385 942 veluti
1408 895 1463 941 ad

74 967 349 1013 deficientem
366 983 390 1013 a
412 977 609 1029 tempore
630 977 806 1014 vastatae
823 967 976 1025 Italiae,
996 983 1112 1014 anno
1134 972 1242 1025 406,
1265 977 1309 1014 et
1324 976 1463 1028 captae

78 1038 205 1084 Urbis
227 1053 343 1084 anno
363 1042 464 1083 410.

462 1189 705 1222 Annorum
725 1178 819 1236 (17)
835 1190 933 1238 pag.
959 1178 1061 1222 404.

133 1311 246 1357 Hinc
262 1311 504 1371 intelligere
521 1319 585 1356 est
598 1312 787 1371 primum
805 1312 952 1368 istum,
969 1311 1169 1374 duosque
1190 1314 1463 1376 subsequen-

74 1390 137 1426 tes
165 1382 211 1426 in
241 1381 462 1427 Psalmum
492 1399 573 1426 xxx
599 1391 807 1426 tractatus
840 1382 1013 1428 habitos
1035 1383 1080 1427 in
1106 1385 1335 1444 peregrino
1368 1384 1465 1430 loco

73 1451 205 1497 fuisse
222 1461 341 1498 extra
364 1452 690 1512 Hipponensem
706 1452 960 1498 Ecclesiam.

460 1614 704 1645 ΑΝΝοΤΑΤιο
721 1602 816 1658 (18)
836 1614 934 1660 pag.
961 1603 1060 1645 431.

133 1743 352 1793 Παντάμμος,
373 1736 566 1792 saltator,
583 1736 660 1796 qui
674 1750 814 1781 mores
837 1745 880 1780 et
900 1735 1082 1781 affectus
1105 1735 1324 1797 quoslibet
1343 1744 1465 1794 gestu

78 1807 359 1869 exprimebat.
381 1806 492 1851 Vide
504 1805 580 1852 lib.
600 1809 644 1850 ΙΙ
663 1805 716 1850 de
738 1806 944 1851 Doctrina
967 1806 1222 1862 christiana,
1240 1821 1334 1866 cap.
1355 1811 1425 1850 25.

463 1955 708 1986 ΑΝΝΟΤΑΤῙΟ
731 1944 825 1999 (19)
842 1956 942 2001 pag.
968 1944 1067 1985 473.

135 2075 326 2121 Consule
358 2090 602 2120 sermonem
628 2076 683 2120 de
718 2076 905 2121 Diversis
937 2094 1035 2133 cxv,
1071 2091 1166 2136 cap.
1197 2081 1238 2133 5,
1271 2075 1349 2120 ubi
1371 2076 1466 2121 haec

76 2148 167 2207 ipsa
189 2162 255 2191 res
273 2146 540 2192 luculentius
557 2145 759 2202 refertur,
780 2162 921 2208 eoque
938 2162 989 2191 ex
1005 2147 1124 2203 loco,
1149 2147 1215 2192 uti
1235 2156 1277 2191 et
1300 2163 1351 2192 ex
1367 2163 1466 2207 pro-

77 2218 190 2261 xime
217 2217 500 2278 subsequenti
526 2217 859 2262 Enarrationem
891 2234 936 2262 n.
978 2225 1019 2273 9,
1056 2217 1270 2277 intelliges
1301 2218 1379 2262 hos
1411 2218 1466 2262 de

78 2287 248 2333 Psalmo
284 2304 411 2333 xxxn
449 2297 656 2333 tractatus
700 2287 871 2333 habitos
910 2287 1040 2333 fuisse
1077 2288 1123 2333 in
1155 2287 1346 2333 Ecclesia
1388 2287 1466 2332 ubi

79 2359 286 2419 Cypriani
301 2359 504 2418 Martyris
518 2373 676 2419 corpus
692 2359 879 2419 jacebat.
