1833 3284
371 284 455 324 514
809 295 844 324 S.
880 294 1110 324 AUGUSTIM
1143 297 1324 324 Emscom
1481 298 1493 318 t

365 359 468 405 fecit
484 359 566 404 illis
580 360 866 420 quaestionem
881 396 891 415 ,
913 369 957 404 et
978 360 1086 404 dixit
1108 379 1116 404 :
1142 379 1162 403 «
1187 362 1321 421 Cujus
1342 358 1483 404 filium
1505 371 1594 402 esse
1616 355 1757 400 dicitis

367 451 388 473 »
424 432 677 477 Christum?
709 435 765 477 Et
787 431 1108 492 responderunt
1135 449 1143 473 :
1175 431 1336 477 Filium
1373 429 1526 477 David.
1565 431 1622 474 Et
1655 426 1755 484 ille,

369 519 390 543 »
426 502 659 556 Quomodo
682 519 785 562 crgo
806 502 945 548 David
966 503 1009 547 in
1035 503 1188 562 spiritu
1217 513 1343 548 vocat
1371 517 1472 547 eum
1495 499 1755 554 Dominum,

368 591 389 615 »
423 574 501 618 ubi
521 575 579 619 ait
593 595 601 619 ;
615 575 728 619 Dixit
744 575 956 620 Dominus
980 575 1166 620 Domino
1189 591 1287 620 meo
1304 594 1313 620 :
1332 575 1443 620 Sede
1460 572 1516 618 ad
1537 571 1759 616 dexteram

367 658 387 685 5)
422 660 586 700 meam,
613 646 753 690 donec
772 661 934 705 ponam
957 661 1107 690 omnes
1130 645 1328 690 inimicos
1351 655 1448 690 tuos
1466 644 1548 689 suh
1572 641 1758 703 pedibus

367 733 387 756 »
424 716 538 760 tuis?
559 717 599 761 Si
629 732 730 775 ergo
765 716 902 761 David
935 718 980 761 in
1011 717 1165 776 spiritu
1196 727 1323 762 vocat
1359 731 1460 761 eum
1489 714 1755 769 Dominum,

365 804 386 827 »
421 786 645 847 quomodo
670 787 783 831 silius
805 789 897 849 ejus
919 789 1008 832 est?
1032 791 1089 832 Et
1111 803 1201 832 non
1224 797 1465 847 potuerunt
1491 785 1554 829 illi
1576 799 1758 844 respon-

365 875 385 899 »
423 859 545 902 dere1
569 879 577 903 ;
606 878 625 900 »
652 859 755 920 quia
788 875 878 903 non
906 869 1119 904 noverant
1150 860 1194 903 in
1229 859 1416 904 Domino
1447 857 1620 903 Christo
1628 892 1653 916 ,-
1678 855 1759 900 nisi

361 929 484 989 quod
500 928 732 974 videbatur
754 930 912 986 oculis,
939 946 1028 975 non
1048 929 1168 990 quod
1190 930 1321 975 corde
1344 927 1685 987 intelligebatur.
1715 926 1758 971 Si

359 1009 506 1043 autem
529 999 646 1044 intus
667 1001 882 1045 haberent
904 1000 1053 1045 oculos
1068 1036 1078 1055 ,
1105 1002 1215 1045 sicut
1234 1000 1460 1045 habebant
1481 998 1584 1043 foris
1603 1034 1613 1053 ,
1634 1013 1686 1041 ex
1707 1011 1759 1042 eo

360 1068 486 1131 quod
520 1070 624 1115 foris
652 1070 893 1126 videbant,
926 1069 1222 1129 intelligerent
1254 1071 1394 1115 filium
1423 1069 1584 1127 David,
1624 1085 1675 1113 ex
1707 1083 1759 1112 eo

357 1141 480 1203 quod
501 1142 619 1186 intus
637 1142 960 1202 intelligebant,
981 1142 1275 1201 intelligerent
1296 1142 1535 1187 Dominum
1557 1139 1710 1185 David.

419 1216 519 1257 VII.
544 1233 562 1255 (ι
584 1215 770 1258 Mutavit
787 1229 890 1273 ergo
908 1213 1080 1258 vultum
1100 1230 1228 1259 suum
1247 1229 1394 1259 coram
1416 1211 1714 1258 Abimelech2.
1734 1229 1754 1252 υ

357 1283 466 1345 quid
484 1294 545 1328 est
557 1321 567 1339 ,
589 1304 608 1327 «
626 1287 785 1330 Coram
803 1283 1087 1330 Abimelechi)
1103 1303 1122 1326 »
1141 1288 1300 1331 Coram
1321 1300 1455 1343 regno
1473 1283 1619 1344 patris.
1640 1281 1760 1336 Quid

357 1363 437 1410 est,
459 1357 617 1400 Coram
639 1371 772 1414 regno
790 1356 951 1415 patris?
973 1357 1131 1400 Coram
1147 1358 1170 1400 J
1175 1356 1322 1400 udaeis.
1346 1358 1436 1400 «Et
1458 1354 1621 1399 dimisit
1639 1369 1755 1410 eum,

361 1443 381 1468 »
417 1436 461 1471 et
496 1426 618 1470 abiit.
643 1445 664 1468 »
691 1429 832 1480 Quem
857 1422 1047 1470 dimisit?
1071 1429 1219 1486 Ipsum
1250 1426 1466 1487 populum
1499 1424 1758 1470 Judaeorum

359 1497 549 1551 dimisit,
586 1506 630 1541 et
652 1497 772 1541 abiit.
807 1498 975 1551 Quaeris
999 1497 1131 1542 modo
1153 1499 1376 1543 Christum
1408 1496 1525 1557 apud
1555 1497 1755 1552 Judaeos,

360 1577 404 1612 et
424 1584 515 1612 non
536 1567 719 1612 invenis.
747 1567 873 1612 Unde
906 1567 1068 1612 dimisit
1091 1577 1134 1612 et
1152 1569 1288 1613 abiit?
1311 1569 1422 1623 Quia
1449 1568 1635 1612 mutavit
1660 1566 1760 1612 vul-

356 1648 453 1684 tum
474 1654 618 1683 suum.
646 1641 872 1683 Haerentes
899 1639 1016 1683 enim
1038 1639 1101 1683 illi
1132 1640 1341 1684 sacrificio
1365 1639 1609 1684 secundum
1638 1638 1758 1683 ordi-

359 1726 459 1755 nem
476 1713 637 1764 Aaron,
657 1726 747 1754 non
763 1719 1003 1754 tenuerunt
1020 1711 1278 1755 sacrificium
1297 1711 1539 1756 secundum
1558 1709 1759 1754 ordinem

360 1781 726 1836 Melchisedech3,
749 1790 792 1825 et
809 1781 1047 1825 amiserunt
1064 1782 1288 1826 Christum
1305 1817 1315 1837 ,
1341 1791 1384 1826 et
1405 1790 1637 1841 coeperunt
1657 1796 1758 1825 eum

359 1853 522 1898 habere
543 1854 725 1908 Gentes,
750 1868 841 1913 quo
867 1869 958 1897 non
981 1853 1155 1896 miserat
1185 1862 1285 1897 ante
1306 1868 1542 1912 praecones.
1569 1855 1680 1898 Nam
1701 1851 1758 1896 ad

359 1923 456 1968 illos
488 1939 710 1984 praecones
741 1924 941 1977 miserat,
980 1924 1123 1983 ipsum
1158 1923 1324 1979 David,
1359 1927 1478 1968 Isaac
1513 1933 1558 1968 et
1591 1924 1752 1980 Jacob,

359 1999 533 2050 Isa'i’am,
551 1999 578 2040 J
583 1995 803 2051 eremiam,
827 2004 870 2039 et
891 2003 1070 2040 caeteros
1085 1996 1325 2055 Prophetas
1344 1996 1540 2051 miserat,
1564 2005 1609 2040 et
1627 1995 1758 2056 pauci

356 2066 458 2111 inde
481 2075 783 2124 cognoverunt
798 2101 809 2120 ,
836 2077 879 2110 et
900 2065 981 2126 ipsi
999 2065 1128 2125 pauci
1150 2067 1195 2110 in
1219 2067 1543 2126 comparatione
1563 2072 1756 2126 pereun-

358 2138 468 2181 tium
490 2156 499 2181 :
523 2152 627 2180 nam
649 2136 777 2180 multi
795 2145 932 2180 erant.
958 2134 1096 2181 Miltia
1111 2135 1423 2196 enimlegimus
1442 2135 1587 2181 fuisse.
1608 2136 1756 2196 Scrip-

360 2215 455 2252 tum
473 2217 538 2252 est
559 2206 674 2251 enim
692 2227 700 2251 2
720 2206 970 2267 «Reliquiae
993 2205 1122 2251 salvae
1142 2207 1291 2251 fient4.
1311 2226 1332 2249 »
1353 2208 1437 2252 Sed
1450 2208 1607 2268 quaeris
1622 2207 1757 2252 modo

358 2279 636 2324 circumcisos
652 2277 945 2333 Christianos,
968 2286 1012 2322 e't
1032 2293 1122 2322 non
1150 2278 1333 2322 invenis.
1366 2281 1504 2323 Erant
1530 2287 1676 2323 autem
1701 2277 1757 2322 de

359 2350 687 2396 circumcisione
721 2350 970 2394 recentibus
1004 2349 1275 2409 temporibus
1309 2347 1412 2393 fidei
1447 2349 1586 2394 multa
1620 2347 1755 2394 millia

360 2421 723 2467 Christianorum.
746 2421 915 2474 Quaeris
938 2420 1092 2476 modo,
1114 2431 1158 2466 et
1173 2437 1263 2467 non
1280 2422 1463 2467 invenis.
1488 2420 1646 2467 Merito
1664 2432 1755 2466 non

360 2493 543 2538 invenis.
570 2511 589 2534 «
609 2492 799 2536 Mutavit
820 2493 933 2535 enim
954 2490 1128 2536 vultum
1151 2508 1279 2536 suum
1303 2502 1448 2538 coram
1469 2492 1749 2548 Abimelech,

409 2595 419 2612 ¹
447 2588 561 2620 Matth.
584 2587 790 2630 xx11,42*-lj(j.
810 2606 850 2610 ——
872 2594 884 2611 2
909 2599 919 2619 1
943 2590 1019 2629 ch.
1043 2599 1106 2627 xxi,
1131 2591 1178 2620 13.
1203 2607 1242 2611 ν-
1265 2587 1277 2612 3
1298 2589 1396 2621 chr.
1417 2591 1542 2631 v11‚·11.
1563 2608 1602 2612 -—
1625 2589 1638 2619 3,
1660 2593 1748 2623 Rom.

361 2643 491 2686 usli·

1653 2691 1672 2708 b
