1833 3284
357 252 412 290 96
795 261 828 286 s.
866 258 1096 285 ‚mausum
1129 259 1309 287 Ei‘iscom

359 346 380 368 «
413 329 482 370 An
519 324 683 383 aperies
720 322 950 368 Mazuroth
988 322 1033 365 in
1072 331 1269 383 tempore
1307 339 1386 368 suo
1428 333 1472 367 et
1513 337 1742 383 vesperum

360 416 381 439 »
417 411 546 455 super
566 394 894 439 aedificationem
914 394 1003 453 ejus
1022 393 1288 439 induces1P»
1309 397 1423 440 Num
1451 403 1495 439 et
1515 395 1745 454 astrologia

357 465 668 527 perscrutanda
696 474 782 520 est,
810 463 864 508 ad
883 463 1235 522 cognoscendum
1262 465 1545 524 proprietates
1565 465 1746 510 istorum

359 538 548 582 siderum
566 573 577 593 ,
609 546 659 581 ut
690 537 810 580 hunc
836 534 983 579 locum
1017 534 1259 593 intelligere
1287 535 1524 595 possimus?
1544 536 1679 581 Miror
1712 535 1748 580 si

360 610 443 654 hoc
466 608 668 668 congruit
693 606 881 651 sermoni
899 613 1046 649 nostro
1073 623 1082 649 ε
1109 613 1153 649 et
1172 615 1287 650 certe
1307 606 1432 649 nimis
1449 605 1631 666 longum
1654 615 1746 664 est3

359 679 590 724 transimus
613 692 715 736 ergo
739 675 794 719 ad
816 674 913 719 alia.
933 678 1003 719 An
1025 674 1284 735 quibusdam
1306 676 1519 720 sideribus
1546 677 1748 721 nomina-

361 749 437 804 tis,
465 750 603 807 figura
623 745 855 791 locutionis
883 760 969 806 qua
989 743 1244 803 intelligitur
1265 762 1288 790 a
1311 755 1432 806 parte
1455 755 1598 790 totum
1614 781 1625 801 ‚
1651 762 1749 791 om—

361 819 432 863 nia
465 819 604 862 sidera
629 815 880 876 accipienda
902 817 1031 859 sunt?
1051 818 1066 872 (
1079 815 1121 860 Si
1143 825 1288 859 tamen
1310 826 1354 860 et
1374 817 1604 861 Mazuroth
1632 817 1751 877 sidus

363 898 427 933 est
441 924 452 944 ‚
477 888 598 949 quod
612 888 947 947 interpretatum
965 901 1044 930 nce
1066 885 1111 929 in
1133 901 1272 944 graeca
1294 886 1442 945 lingua
1465 887 1712 932 invenimus
1738 906 1748 932 z

363 974 465 1003 nam
506 959 730 1003 hebraeum
764 972 854 1001 esse
885 971 1048 1000 nomen
1085 957 1185 1000 satis
1218 959 1445 1017 apparet.)
1484 960 1548 1001 Ita
1583 958 1700 1001 enim
1729 973 1753 1001 a

363 1039 485 1090 parte
507 1039 649 1074 totum
676 1027 937 1086 intelligitur
953 1036 996 1071 et
1018 1027 1138 1087 quod
1159 1027 1369 1087 scriptum
1391 1037 1481 1086 est3
1509 1047 1530 1070 «
1554 1031 1668 1073 Ante
1688 1027 1754 1072 lu-

366 1118 387 1142 »
422 1100 608 1145 ciferum
632 1099 762 1157 genui
778 1102 855 1142 te‘2.
875 1116 894 1139 »
918 1100 1017 1143 Non
1038 1098 1154 1141 enim
1170 1097 1344 1142 Lucifer
1361 1099 1406 1142 in
1422 1099 1541 1144 omni
1555 1107 1754 1143 creatura

364 1171 482 1231 prior
495 1181 559 1215 est
580 1169 782 1214 conditus
796 1203 807 1223 ,
833 1177 884 1212 ut
903 1177 1002 1212 ante
1025 1169 1279 1213 Luciferum
1295 1204 1306 1224 ,
1330 1178 1431 1213 ante
1448 1185 1622 1214 omnem
1641 1184 1755 1213 crea-

368 1251 507 1286 turam
526 1241 693 1285 dictum
716 1239 914 1284 videatur
937 1259 945 1283 ;
965 1238 1041 1283 sed
1064 1254 1140 1298 per
1159 1239 1410 1284 Luciferum
1433 1240 1577 1285 omnia
1596 1239 1751 1295 sidera,

365 1313 487 1373 quod
509 1323 572 1357 est
595 1330 617 1357 a
645 1321 767 1372 parte
789 1320 931 1356 totum
949 1332 959 1368 3
985 1320 1028 1355 et
1055 1327 1132 1370 per
1153 1312 1299 1356 omnia
1319 1311 1457 1356 sidera
1479 1312 1622 1356 omnia
1646 1321 1757 1356 tem-

365 1399 471 1443 pora
486 1384 822 1443 intelliguntur3
843 1384 924 1442 (de
947 1383 1160 1428 sideribus
1179 1385 1295 1428 enim
1318 1386 1527 1444 seriptum
1549 1394 1641 1429 est:
1664 1404 1683 1426 α
1700 1387 1759 1429 Et

369 1472 390 1495 »
426 1455 512 1498 sint
545 1455 590 1497 in
622 1455 751 1512 signis
774 1463 818 1497 et
839 1454 884 1497 in
906 1454 1227 1513 temporibus³3
1252 1473 1272 1495 »
1292 1460 1304 1511 )
1326 1464 1376 1499 ut
1399 1455 1608 1499 Dominus
1631 1463 1759 1499 natus

368 1534 469 1569 ante
487 1524 634 1568 omnia
656 1533 878 1584 tempora,
901 1539 991 1568 non
1004 1525 1157 1584 utique
1177 1534 1304 1569 natus
1324 1526 1371 1568 in
1393 1535 1608 1585 tempore,
1634 1535 1677 1569 et
1700 1525 1757 1570 ob

367 1595 451 1639 hoc
477 1596 592 1639 Patri
613 1604 855 1639 coaeternus
877 1595 1184 1639 insinuaretur.
1204 1595 1391 1640 Pleiadis
1406 1611 1510 1655 ergo
1527 1605 1570 1640 et
1586 1595 1759 1640 Orionis

368 1677 408 1708 et
430 1667 659 1710 Mazuroth
681 1676 724 1710 et
746 1666 912 1725 vesperi
941 1665 1320 1721 commemoratio,
1351 1676 1509 1711 cuncta
1530 1666 1669 1710 sidera
1691 1666 1760 1709 in-

370 1734 605 1794 telligenda
617 1736 670 1779 de
681 1734 1228 1796 compendiopersuadent.
1249 1736 1291 1780 Si
1305 1736 1420 1780 enim
1438 1752 1527 1781 uno
1536 1735 1756 1791 Lucifero,

368 1816 535 1866 quanto
550 1807 683 1865 magis
706 1817 771 1852 tot
787 1808 1020 1851 nominatis
1037 1807 1168 1851 etiam
1186 1817 1339 1851 caetera
1361 1808 1497 1867 accipi
1515 1824 1591 1868 per
1607 1809 1682 1868 huj
1691 1824 1761 1852 us—

369 1877 488 1920 modi
510 1874 779 1922 locutionem
808 1876 940 1921 licet?
962 1880 1052 1923 Cur
1073 1892 1176 1936 ergo
1199 1876 1301 1921 alibi
1330 1877 1499 1922 dictum
1519 1887 1582 1922 est
1597 1913 1607 1933 ‚
1637 1897 1658 1920 «
1683 1881 1760 1921 In·-

371 1966 391 1989 n
430 1947 803 2006 tellexistinexus3
825 1968 844 1989 »
871 1948 996 2003 alibi,
1024 1949 1278 2008 «Aperuisti
1296 1969 1304 1993 ;
1324 1967 1344 1990 n
1369 1949 1487 2004 alibi,
1519 1949 1760 2009 «Aperiens

372 2036 392 2059 »
428 2018 473 2062 in
492 2028 688 2078 tempore
710 2035 812 2076 suo3
839 2038 859 2060 »
886 2028 930 2063 et
956 2019 1082 2074 alibi,
1112 2038 1132 2062 «
1153 2022 1292 2079 Super
1313 2019 1647 2064 aedificationem
1670 2021 1761 2080 ejus

371 2107 391 2129 »
428 2088 639 2133 induces?
656 2108 674 2131 »
701 2089 879 2149 Propria
897 2099 1000 2134 sunt
1016 2089 1094 2134 ista
1113 2089 1386 2149 singulorum
1405 2106 1456 2134 ex
1474 2091 1626 2135 ordine
1640 2106 1762 2135 eom-

370 2164 731 2204 memoratorum?
743 2164 811 2204 An
825 2169 938 2204 recte
951 2161 1036 2204 dici
1050 2169 1215 2219 posset:
1236 2161 1410 2205 «Etiam
1421 2170 1594 2220 septum
1617 2161 1758 2205 Plei'a-

370 2229 436 2274 dis
459 2231 664 2290 aperuisti
679 2266 690 2286 ⁷
713 2241 752 2275 et
769 2230 1016 2275 intellexisti
1038 2246 1173 2275 nexus
1191 2231 1391 2275 Orionis?
1408 2250 1428 2273 »
1449 2235 1595 2292 Atque
1616 2231 1698 2287 ita,
1719 2241 1763 2276 et

370 2301 452 2345 alia
465 2301 554 2346 duo
571 2303 831 2347 commutari
850 2311 1032 2362 possunt
1051 2322 1059 2346 :
1081 2302 1193 2346 sicut
1213 2301 1326 2347 illud
1348 2302 1394 2346 in
1417 2301 1588 2347 Psalmo
1610 2322 1621 2348 :
1645 2302 1762 2356 «Qui

374 2390 394 2412 »
429 2372 600 2417 habitat
619 2373 665 2417 in
687 2372 808 2417 coelis
830 2372 1029 2416 irridebit
1050 2388 1122 2417 eos
1138 2408 1149 2428 ,
1175 2382 1218 2416 et
1241 2373 1450 2418 Dominus
1476 2372 1763 2417 subsannabit

374 2460 394 2483 »
429 2458 501 2487 eos
514 2445 528 2468 4
546 2479 557 2499 ‚
579 2462 599 2484 »
625 2443 738 2487 nihil
756 2444 982 2488 sententiae
997 2442 1213 2503 deperiret
1229 2478 1240 2499 ,
1260 2444 1426 2488 etiamsi
1447 2444 1506 2487 ita
1527 2442 1758 2498 diceretur,

374 2532 395 2555 «
409 2515 495 2566 Qui
510 2515 681 2559 habitat
692 2515 738 2558 in
749 2515 871 2559 coelis
881 2515 1167 2559 subsannabit
1179 2530 1268 2570 eos,
1280 2524 1324 2559 et
1338 2514 1549 2560 Dominus
1564 2514 1763 2558 irridebit

419 2604 428 2621 ¹
449 2598 522 2630 Job.
542 2610 675 2641 xxxviii,
695 2599 750 2640 31,
770 2600 821 2631 32.
838 2606 903 2622 —2
923 2599 1000 2632 Psal.
1022 2609 1096 2640 cm,
1117 2600 1147 2631 3.
1171 2616 1211 2622 —
1232 2598 1245 2622 3
1260 2602 1339 2632 Gen.
1360 2610 1383 2641 ι,
1406 2597 1457 2641 14.
1477 2597 1545 2630 —4
1564 2598 1644 2631 Psal.
1667 2610 1706 2640 11,
1725 2596 1758 2640 4.
