1833 3284
357 224 600 256 ENARRAno
631 228 664 255 11
696 228 742 256 m
773 224 980 255 »SALMUM
1010 227 1104 255 xx1.
1345 216 1431 255 299

47 311 69 336 «
88 294 146 338 Et
161 307 186 338 a
206 290 412 338 cornibus
430 292 706 337 unicornium
724 291 1017 337 humilitatem
1032 306 1189 337 meam.
1212 309 1234 334 »
1254 292 1432 338 Unicora

43 379 121 409 nes
137 379 228 409 non
248 363 436 420 diceret,
458 364 537 409 nisi
552 363 784 425 superbos3
808 362 908 409 ideo
925 364 1131 424 subjecit,
1155 381 1176 406 ι(
1197 363 1433 409 Humilita-

46 452 68 477 »
93 444 182 479 tem
204 450 361 480 meam.
389 452 411 476 ³)

100 507 267 550 XXIII.
289 504 478 551 Audistis
500 520 599 566 quae
615 519 764 566 passus
781 513 861 561 est,
876 512 920 549 et
937 503 1045 564 quid
1063 503 1217 560 oravit,
1234 513 1286 549 ut
1302 520 1432 550 erua-

40 584 116 621 tur
149 577 204 621 ab
235 577 355 622 istis:
384 577 660 621 attendamus
681 575 813 621 modo
846 590 981 637 quare.
1012 590 1159 635 passus
1190 584 1269 620 est.
1296 574 1434 621 Modo

37 648 129 709 jam
145 647 310 703 videte,
335 647 505 703 fratres,
525 647 709 708 quinon
730 656 794 691 est
814 648 858 691 in
874 662 925 691 ea
944 655 1059 691 sorte
1071 681 1083 702 ‚
1103 655 1282 707 propter
1299 661 1434 707 quam

40 731 188 779 passus·
206 727 269 762 est
289 718 507 774 Christus,
530 734 665 779 quare
687 717 957 764 Christianus
979 719 1072 762 est?
1096 719 1235 773 Ecce,
1269 716 1435 762 intelli-

39 789 181 848 gimus
201 804 301 849 quae
317 803 465 849 passus
488 797 552 832 est
576 807 586 833 ε
612 789 886 833 dinumerata
909 797 1013 832 sunt
1036 803 1130 834 ossa
1151 790 1267 849 ejus,
1286 787 1434 832 irrisus

42 869 106 905 est
121 896 132 917 ,
168 859 303 906 divisa
323 869 426 905 sunt
451 860 710 906 vestimenta
741 861 831 921 ejus
846 895 858 915 ,
891 860 1070 919 insuper
1102 859 1231 904 missa
1258 868 1323 904 est
1344 874 1434 904 sors

40 944 172 992 super
185 940 352 977 vestem
363 932 512 992 ipsius,
533 931 920 977 circumdederunt
935 929 1063 974 illum
1079 929 1275 975 furentes
1294 940 1337 974 et
1353 946 1435 975 sae-

40 1003 206 1048 vientes
217 1013 231 1059 ‚'
260 1011 304 1047 et
326 1002 518 1063 dispersa
538 1011 642 1047 sunt
662 1002 808 1047 omnia
825 1017 918 1046 ossa
938 1002 1051 1062 eJ'US‚
1078 1010 1121 1045 et
1144 1000 1216 1045 hic
1234 999 1434 1045 audimus

41 1082 85 1118 et
109 1073 156 1117 in
174 1073 412 1131 Evangelio
433 1073 632 1133 legimus]
659 1071 894 1117 Videamus
924 1087 1072 1133 quare.
1095 1073 1132 1116 Ο
1155 1072 1324 1116 Christe
1351 1070 1434 1115 Fili

41 1142 146 1200 Dei,
171 1145 205 1188 si
226 1143 365 1189 nolles
386 1160 477 1190 non
502 1144 707 1205 patereris
722 1179 733 1199 ‚
758 1143 940 1188 ostende
968 1143 1094 1188 nobis
1117 1141 1310 1187 fructum
1333 1157 1434 1202 pas-

41 1216 173 1261 sionis
200 1225 304 1261 tuae.
331 1216 473 1272 Audi,
500 1216 646 1277 inquit
663 1250 674 1271 ,
703 1213 899 1259 fructum
922 1233 931 1259 ε
957 1230 1038 1274 ego
1060 1229 1150 1258 non
1181 1222 1333 1269 taceo,
1358 1212 1435 1258 sed

41 1287 164 1333 surdi
186 1296 288 1332 sunt
305 1288 519 1332 homines.
546 1286 677 1343 Audi,
697 1287 857 1347 inquit,
884 1285 1104 1331 fructum:
1130 1301 1265 1346 quare
1285 1300 1435 1345 passus

42 1371 140 1403 sum
160 1358 241 1403 ista
263 1358 425 1403 omnia.
455 1377 473 1399 ‹<
491 1358 686 1404 Narrabo
708 1373 870 1402 nomen
892 1366 1020 1401 tuum
1038 1356 1247 1401 fratribus
1267 1357 1390 1400 meis.
1412 1376 1430 1398 »

40 1428 278 1474 Videamus
306 1429 340 1473 si
371 1429 418 1473 in
441 1438 564 1489 parte
600 1437 749 1473 narrat
780 1444 942 1472 nomen
974 1427 1053 1472 Dei
1087 1426 1294 1471 fratribus
1329 1427 1430 1471 suis.

46 1519 64 1542 «
99 1501 294 1545 Narrabo
310 1515 473 1545 nomen
489 1509 615 1544 tuum
634 1499 840 1544 fratribus
854 1499 959 1543 meis
976 1515 984 1541 τ
1005 1499 1052 1543 in
1068 1497 1213 1543 medio
1230 1496 1435 1543 Ecclesiae

42 1590 65 1613 >»
99 1571 288 1616 cantabo
318 1573 406 1615 te1.
437 1590 454 1613 »
482 1571 554 1615 Fit
573 1572 658 1615 hoc
685 1569 834 1615 modo.
865 1569 948 1616 Sed
970 1569 1195 1614 videamus
1222 1569 1314 1629 ipsa
1345 1571 1434 1614 Ec-

40 1640 168 1686 clesia
202 1657 303 1703 quae
323 1651 402 1686 est.
431 1641 672 1703 Namdixit
698 1661 706 1686 :
737 1659 755 1682 «
784 1644 836 1686 In
855 1640 1002 1685 medio
1023 1639 1227 1685 Ecclesiae
1244 1640 1434 1685 cantabo

44 1729 63 1753 »
97 1721 156 1756 te.
179 1731 197 1754 »
218 1712 456 1757 Ecclesiam
468 1711 693 1757 videamus
708 1747 719 1768 ‚
739 1721 919 1772 propter
941 1727 1074 1772 quam
1093 1726 1243 1771 passus
1261 1719 1339 1754 est.
1363 1754 1366 1757 .

96 1785 261 1828 XXIV.
279 1783 398 1837 «Qui
415 1783 575 1828 timetis
592 1783 827 1828 Dominum
839 1782 1016 1827 laudate
1031 1785 1167 1826 eum‘2.
1187 1801 1204 1823 »
1228 1781 1434 1826 Ubicum-

37 1869 124 1914 que
140 1854 320 1899 timetur
339 1858 454 1900 Deus
471 1863 515 1898 et
535 1853 756 1909 laudatur⁷
781 1854 844 1898 ibi
860 1862 924 1897 est
941 1852 1133 1898 Ecclesia
1154 1852 1331 1897 Christi.
1358 1852 1431 1896 Vi-

37 1923 154 1980 dete,
176 1923 329 1969 fratres
346 1925 447 1980 mei,
464 1925 498 1968 si
520 1924 587 1968 his
605 1924 760 1968 diebus
782 1939 860 1983 per
881 1932 1025 1968 totum
1048 1923 1197 1967 orbem
1216 1931 1433 1966 terrarum

35 1993 128 2038 sine
167 2010 294 2039 causa
327 1994 511 2050 dicitur,
546 1997 687 2038 Amen
719 2003 763 2038 et
795 1993 998 2038 Alleluia.
1037 1996 1135 2038 Non
1164 1992 1226 2037 ibi
1253 1993 1433 2037 timetur

35 2066 182 2110 Deus?
208 2068 306 2111 Non
334 2065 397 2109 ibi
423 2063 628 2110 laudatur
655 2067 801 2110 Deus?
828 2065 975 2109 Exivit
1008 2068 1225 2120 Donatus,
1258 2073 1301 2108 et
1334 2064 1394 2108 ait
1419 2082 1428 2107 :

36 2138 216 2180 Prorsus
231 2151 322 2181 non
342 2136 536 2192 timetur,
562 2145 680 2181 totus
701 2135 894 2180 mundus
915 2136 1057 2195 periit.
1087 2135 1187 2180 Sine
1208 2150 1334 2179 causa
1359 2133 1430 2178 di-

33 2205 94 2250 cis
117 2224 126 2250 ι
153 2208 286 2251 Totus
316 2206 507 2251 mundus
526 2207 668 2267 periit.
695 2210 812 2266 Ergo
833 2205 1005 2251 modica
1026 2222 1125 2267 pars
1157 2205 1362 2250 remansit
1383 2205 1430 2248 in

32 2275 205 2321 Africa?
222 2279 337 2336 Ergo
350 2293 440 2322 non
461 2277 567 2322 dicit
583 2277 748 2339 aliquid
763 2278 959 2323 Christus
977 2313 988 2333 ⁷
1012 2276 1131 2321 unde
1149 2276 1328 2321 obturet
1343 2275 1426 2319 ista

32 2348 134 2390 ora?
153 2349 251 2392 Non
276 2347 382 2392 dicit
410 2347 575 2408 aliquid
590 2383 601 2404 ⁷
626 2348 745 2392 unde
767 2347 957 2392 eradicet
977 2347 1146 2406 linguas
1170 2347 1249 2391 ista
1272 2345 1427 2390 dicen-

34 2416 177 2460 tium?
197 2416 433 2462 Videamus
453 2434 509 2462 ne
531 2418 643 2464 forte
665 2419 880 2464 inveniam
889 2434 951 2463 us.
982 2418 1141 2463 Adhuc
1162 2417 1289 2462 nobis
1316 2416 1428 2461 dici-

33 2495 126 2532 tur:
147 2506 164 2528 «
183 2490 236 2532 In
256 2489 402 2534 medio
422 2490 649 2547 Ecclesiae,
674 2511 692 2533 »
713 2490 768 2535 de
784 2490 975 2536 Ecclesia
990 2499 1135 2535 nostra
1155 2488 1275 2534 dicit.
1302 2507 1319 2529 «
1341 2487 1427 2541 Qui

84 2579 93 2596 ¹
115 2572 193 2606 Psal.
210 2585 276 2615 xxi,
295 2574 350 2607 23.
371 2592 412 2598 —
433 2575 617 2617 ²1bi‹1.24.
