1833 3284
0 183 1 210 l

0 211 3 301 l
251 298 253 300 v
352 253 594 282 ENARRA'HO
627 257 659 282 11
693 256 736 282 [Ν
770 254 973 282 PSALMUM
1006 256 1111 281 xxv.
1336 244 1419 283 335

34 317 133 362 davi
149 333 250 364 eum
265 319 362 364 :tali
375 320 491 364 enim
501 320 641 365 hostia
658 319 915 365 delectatur.
938 339 958 363 «
972 320 1171 365 Cantabo
1181 329 1225 365 et
1238 319 1419 380 psallam

37 405 59 431 »
83 389 285 435 Domino.
316 409 334 432 »
359 390 502 436 Corde
523 400 655 452 atque
671 406 801 451 opere
821 390 1005 435 laetabor
1022 392 1067 436 in
1088 392 1289 437 Domino.

94 461 192 504 VII.
230 460 451 518 «Exaudi,
476 463 660 506 Domine
674 498 685 518 ,
711 470 863 507 vocem
885 477 1040 517 meam,
1057 479 1144 523 qua
1165 462 1348 508 clamavi
1365 463 1422 508 ad

4 528 6 531 ’
37 533 166 576 »te¹.
189 551 207 574 »
239 531 430 588 Exaudi,
466 534 673 589 Domine,
714 549 865 579 vocem
902 533 1178 590 interiorem,
1210 550 1342 596 quam
1374 535 1421 579 in

35 618 158 647 aures
175 612 269 648 tuas
281 603 386 649 forti
404 604 647 650 intentione
661 605 811 649 direxi.
835 605 1067 650 «Miserere
1085 606 1185 662 mei,
1201 615 1246 651 et
1266 605 1420 652 exaudi

37 692 58 716 »
81 687 166 718 me'.
188 692 208 716 »
233 675 436 720 Miserere
457 676 569 732 mei,
594 685 637 720 et
657 675 812 720 exaudi
833 691 903 720 me
924 676 970 720 in
989 691 1053 720 ea.

92 747 214 790 VIII.
253 765 274 789 «
296 747 392 791 Tibi
408 747 515 792 dixit
528 763 603 792 cor
619 763 767 792 meum
785 767 793 792 :
813 747 1000 800 Quaesivi
1017 746 1191 792 vultum
1207 750 1375 792 tuum2.
1396 768 1417 791 »

33 818 132 862 Non
150 816 268 861 enim
288 817 541 862 hominibus
562 833 633 862 me
654 818 889 869 ostentavi3
913 817 989 861 sed
1006 818 1053 862 in
1075 827 1239 863 secreto
1257 819 1335 863 ubi
1358 834 1422 863 so-

32 885 101 931 lus
123 886 243 932 audis
259 923 270 944 ,
290 888 371 933 tibi
386 888 497 934 dixit
513 905 587 934 cor
602 905 747 934 meum
777 909 786 934 z
811 889 998 943 Quaesivi
1020 905 1110 934 non
1133 906 1157 934 a
1178 899 1221 934 te
1242 890 1423 951 aliquod

33 968 153 1003 extra
172 969 214 1004 te
235 961 480 1020 praemium,
504 961 580 1007 sed
592 961 765 1006 vultum
784 970 924 1005 tuum.
941 981 958 1001 α
975 960 1159 1005 Vultum
1174 971 1317 1017 tuum,
1339 966 1423 1007 Do-

36 1048 57 1072 »
81 1031 198 1075 mine
214 1066 226 1087 ,
251 1031 482 1093 requiram.
509 1053 526 1074 »
553 1033 666 1077 Huic
695 1032 965 1094 inquisitioni
987 1041 1312 1091 perseveranter
1332 1033 1422 1077 ins-

32 1101 137 1146 tabo
156 1121 165 1146 :
190 1117 280 1147 non
301 1103 417 1147 enim
437 1103 524 1149 vile
546 1102 731 1164 aliquid,
758 1102 834 1147 sed
853 1102 1025 1147 vultum
1047 1112 1190 1159 tuum,
1216 1103 1417 1159 Domine,

32 1173 272 1233 requiram,
308 1183 359 1218 ut
387 1174 516 1234 gratis
550 1183 594 1218 te
623 1173 800 1233 diligam
818 1209 828 1229 ,
861 1174 963 1234 quia
995 1173 1224 1233 pretiosius
1253 1174 1421 1235 aliquid

31 1258 122 1289 non
143 1231 333 1289 invenio.

92 1316 170 1359 IX.
210 1318 309 1362 «Ne
336 1325 502 1361 avertas
522 1314 696 1360 vultum
719 1324 845 1360 tuum
868 1331 892 1359 a
917 1316 1014 1359 me3
1043 1334 1051 1360 :
1081 1333 1100 1357 n
1126 1324 1176 1360 ut
1201 1314 1421 1360 inveniam
1458 1339 1461 1340 ν

31 1385 154 1447 quod
170 1402 338 1447 quaero.
364 1389 462 1432 «Ne
475 1385 664 1431 declines
678 1386 724 1430 in
740 1386 800 1430 ira
825 1402 847 1430 a
871 1402 993 1431 servo
1011 1395 1109 1431 tuo:
1127 1407 1144 1428 »
1168 1401 1223 1430 ne
1242 1395 1285 1430 te
1297 1402 1421 1447 quae-

30 1473 155 1514 rens,
184 1458 231 1502 in
264 1458 385 1502 aliud
415 1459 650 1505 incurram.
679 1458 796 1511 Quid
833 1457 949 1501 enim
978 1458 1060 1502 hac
1090 1473 1222 1517 poena
1251 1459 1421 1517 gravius

32 1530 193 1575 amanti
215 1538 258 1574 et
279 1529 493 1590 quaerenti
514 1530 740 1574 veritatem
760 1528 908 1573 vultus
930 1530 1019 1573 tui?
1045 1548 1062 1569 «
1090 1529 1276 1589 Adjutor
1299 1544 1422 1573 meus

33 1617 56 1643 >2
76 1610 218 1645 esto.»
239 1600 426 1654 Quando
448 1601 560 1645 hanc
579 1600 812 1656 inveniam,
838 1600 920 1644 nisi
940 1609 988 1645 tu
1008 1600 1206 1661 adjuves?
1230 1603 1327 1646 «Ne
1349 1601 1423 1645 de-

34 1688 56 1712 »
81 1670 300 1732 relinquas
311 1687 397 1728 me,
408 1688 552 1733 neque
565 1670 775 1732 despicias
787 1687 872 1727 me,
887 1675 1002 1716 Deus
1017 1670 1214 1716 salutaris
1229 1674 1417 1717 meus4.»

30 1741 182 1803 Neque
220 1751 473 1787 contemnas
500 1742 621 1803 quod
649 1741 844 1787 mortalis
876 1751 1089 1786 aeternum
1115 1741 1248 1787 audet
1275 1742 1422 1804 inqui-

31 1828 125 1857 rere
141 1834 152 1872 3
175 1822 225 1858 tu
242 1813 359 1858 enim
381 1817 496 1859 Deus
513 1829 635 1858 sanas
651 1812 824 1873 plagam
838 1814 1004 1873 peccati
1022 1814 1122 1857 mei.

89 1886 146 1928 X.
185 1904 206 1927 «
226 1885 444 1939 Quoniam
462 1894 586 1945 pater
605 1900 728 1929 meus
747 1894 788 1929 et
811 1894 949 1929 mater
974 1900 1071 1929 mea
1092 1884 1423 1945 dereliquerunt

33 1973 57 1998 n
80 1971 150 2000 me
167 1958 198 2000 ⁵.
228 1975 248 1999 »
269 1957 486 2011 Quoniam
506 1972 691 2016 regnum
714 1956 860 2001 saeculi
880 1957 1011 2017 hujus
1034 1965 1078 2001 et
1102 1957 1250 2001 civitas
1274 1956 1422 2001 saeculi

30 2025 187 2087 hujus⁷
220 2043 272 2071 ex
298 2027 461 2088 quibus
490 2026 785 2087 temporaliter
808 2036 851 2070 et
873 2027 1113 2071 mortaliter
1139 2036 1265 2071 natus
1295 2043 1391 2072 sum
1407 2063 1418 2083 ,

31 2095 361 2158 dereliquerunt
393 2113 462 2141 me
493 2106 765 2158 quaerentem
800 2106 867 2152 te,
903 2107 945 2142 et
981 2097 1292 2157 despicientem
1321 2114 1422 2158 quae

31 2169 368 2229 promittebant,
403 2185 507 2213 cum
541 2168 586 2213 id
623 2168 744 2230 quod
781 2185 934 2230 quaero
967 2169 1071 2213 dare
1107 2185 1197 2214 non
1226 2179 1417 2229 possent.

37 2258 56 2280 «
78 2240 289 2285 Dominus
311 2249 457 2286 autem
479 2240 710 2300 assumpsit
730 2255 813 2283 me.
846 2260 863 2281 »
904 2241 1114 2284 Dominus
1142 2249 1309 2296 autem,
1347 2240 1423 2301 qui

33 2319 175 2371 potest
191 2312 283 2372 ipse
305 2312 408 2356 dare
429 2312 536 2356 mihi
553 2327 596 2356 se
615 2347 626 2368 ‚
651 2311 879 2372 assumpsit
901 2327 985 2355 me.

90 2384 171 2426 XI.
211 2401 229 2423 «
251 2386 411 2441 Legem
440 2383 548 2427 mihi
569 2383 785 2427 constitue
803 2417 813 2437 ,
839 2381 1024 2426 Domine
1041 2417 1052 2437 ,
1078 2382 1123 2425 in
1157 2381 1225 2427 via
1248 2382 1369 2427 tua⁶.
1400 2402 1418 2424 »

33 2452 103 2499 Ad
123 2462 167 2498 te
183 2453 317 2512 igitur
337 2452 554 2510 tendenti,
570 2463 612 2498 et
628 2462 795 2498 tantam
817 2452 1126 2513 professionem
1141 2453 1423 2514 perveniendi

83 2556 92 2573 ¹
117 2550 197 2583 Psal.
216 2561 311 2594 xxvi,
339 2561 370 2593 7.
391 2568 434 2574 —-
452 2557 465 2573 ²
482 2550 566 2584 Ibid.
586 2549 620 2582 8.
642 2567 682 2573 —
708 2548 819 2583 31hid.
841 2560 873 2593 9.
896 2567 937 2572 —
960 2548 977 2575 4
1003 2550 1086 2583 Ibid.
1107 2568 1149 2574 —
1172 2548 1287 2585 ⁵1bid.
1314 2563 1364 2585 ιο.
1381 2567 1423 2574 ·-

35 2601 146 2640 ⁶lbid.
170 2618 221 2640 11.
