1833 3284
1811 128 1812 157 1

420 185 504 224 430
861 198 896 222 s.
928 194 1162 223 -Auaus'rim
1197 196 1380 224 El‘lsCOPI
1812 181 1814 229 i

415 261 492 305 illo
506 259 675 305 Psalmo
693 279 702 303 2
719 277 739 301 «
755 259 797 305 Si
812 257 1013 304 dicebam
1030 276 1038 301 ε
1055 264 1201 305 Motus
1213 271 1276 306 est
1290 277 1361 321 pes
1373 275 1510 305 meus.
1519 263 1603 306 »Et
1614 260 1736 322 quod
1746 243 1815 317 esti

418 332 462 375 in
477 330 596 385 illo,«
610 329 904 375 Misericordia
925 340 1013 385 tua,
1036 332 1237 387 Domine,
1255 331 1492 393 adjuvabat
1505 347 1574 375 me
1596 351 1640 377 :n
1654 332 1736 377 hoe
1746 319 1817 387 esti

417 403 463 445 in
485 402 582 455 isto,
613 420 629 441 «
650 401 754 445 ldeo
777 400 1005 456 exaudisti,
1024 403 1221 457 Domine,
1237 418 1389 448 vocem
1414 402 1622 447 orationis
1644 417 1766 448 meae.
1785 391 1818 445 »l

417 471 608 517 Attende
629 471 739 515 illud
768 472 813 515 in
847 475 973 516 Petro
1003 490 1011 516 ι
1035 472 1156 516 videt
1184 475 1419 518 Dominum
1442 473 1741 518 ambulantem
1764 443 1819 532 ini

417 543 561 604 aquis,
588 552 714 603 putat
731 543 1004 603 phantasma.
1028 542 1252 588 Exclamat
1270 546 1481 589 Dominus
1507 564 1516 590 z
1541 564 1557 585 «
1579 547 1674 604 Ego
1694 533 1819 602 sums

418 632 439 656 »
475 613 565 658 noli
581 614 747 658 timere.
778 634 794 655 »
811 614 1006 659 Confidit
1029 617 1197 670 Petrus,
1222 624 1265 659 et
1282 615 1388 660 dicit
1414 636 1422 660 ;
1444 635 1461 655 «
1489 615 1599 661 Situ
1616 631 1682 672 es,
1702 616 1822 676 Jubew

421 708 437 727 »
475 700 543 729 me
563 686 708 729 venire
732 685 787 729 ad
806 694 849 729 te
866 700 996 746 super
1013 688 1172 746 aquasl
1191 705 1200 731 :
1226 707 1242 726 »
1262 688 1374 731 Hinc
1397 686 1539 746 probo
1562 687 1663 731 situ
1685 701 1750 743 es,
1777 687 1823 744 si]

414 758 459 800 in
482 756 617 801 verbo
635 766 712 801 tuo
734 767 918 816 potuero
941 756 1062 817 quod
1080 766 1129 801 tu
1147 767 1285 817 potes.
1305 758 1374 802 Ait
1396 757 1702 817 illezvenisEt
1714 774 1810 805 ver-

413 828 521 872 bum
537 828 733 889 jubentis
748 828 858 872 facta
881 838 945 872 est
960 837 1149 888 potestas
1167 828 1396 873 audientis.
1423 829 1550 885 Veni,
1568 830 1726 891 inquit.
1753 832 1825 875 Et¹

414 899 641 943 deseendit
674 919 682 944 z
710 899 843 959 coepit
866 899 949 953 ire,
982 900 1075 943 ibat
1104 899 1346 960 intrepidus
1365 936 1375 955 ,
1407 910 1617 961 tanquam
1653 901 1696 945 in
1731 899 1807 945 illo

413 986 615 1031 sperans:
651 970 804 1015 videns
834 981 980 1015 autem
1004 980 1184 1015 ventum
1221 971 1415 1015 validum
1435 1008 1446 1027 ,
1478 972 1638 1016 timuit.
1669 991 1689 1014 «
1714 975 1807 1032 Ego

419 1062 436 1083 »
472 1042 561 1086 dixi
579 1043 624 1086 in
637 1041 768 1086 extasi
787 1058 903 1086 mea:
924 1043 1146 1103 Projeetus
1167 1058 1262 1087 sum
1279 1059 1301 1087 a
1323 1042 1430 1088 facie
1454 1042 1683 1088 oculorum
1706 1053 1806 1088 tuo-

360 1117 363 1119 ’
419 1134 435 1154 -»
472 1129 585 1157 rum.
629 1134 646 1155 »
673 1116 729 1157 Et
762 1128 864 1157 eum
898 1114 1099 1173 coepisset
1139 1114 1275 1172 mergi
1295 1110 1570 1169 {clamavitz
1596 1114 1805 1170 Domine,

411 1199 558 1245 pereo.
585 1188 642 1228 Et
655 1188 778 1229 Jesus
799 1185 1030 1244 porrigens
1052 1184 1090 1228 ei
1114 1200 1316 1240 manum,
1337 1184 1497 1229 levavit
1517 1200 1616 1229 eum
1636 1185 1803 1231 dicens:

412 1256 598 1300 Modicae
627 1256 727 1300 fidei
741 1291 751 1309 ,
777 1272 912 1316 quare
934 1255 1169 1300 dubitasti?
1192 1255 1288 1300 Dixi
1311 1271 1412 1314 ergo
1434 1256 1478 1299 in
1503 1271 1663 1316 pavore
1685 1272 1804 1313 meo,

416 1347 433 1368 «
463 1329 685 1389 Projeetus
709 1343 805 1371 sum
824 1343 844 1371 a
871 1326 979 1371 faeie
1003 1326 1232 1371 oculorum
1252 1336 1456 1371 tuorum:
1483 1347 1500 1368 »
1531 1336 1574 1371 et
1598 1337 1807 1388 tanquam

405 1400 495 1459 jam
519 1399 658 1459 perire
675 1398 920 1458 incipientis
938 1398 982 1441 in
1005 1399 1127 1452 mari,
1148 1397 1419 1453 «Exaudisti,
1436 1398 1635 1454 Domine,
1656 1413 1807 1443 vocem

415 1490 435 1513 «
455 1471 660 1515 orationis
678 1486 800 1514 meae.
827 1468 1053 1513 Exaudisti
1077 1479 1238 1524 autem,
1269 1486 1368 1513 eum
1387 1469 1617 1514 clamarem
1637 1469 1690 1514 ad
1713 1480 1766 1515 te.
1784 1491 1801 1512 »

410 1542 588 1588 Clamor
609 1542 663 1586 ad
689 1546 827 1586 Deum
851 1557 941 1585 non
964 1550 1027 1585 est
1049 1557 1156 1586 voce
1172 1577 1182 1596 ,
1208 1542 1284 1586 sed
1306 1541 1452 1586 corde.
1479 1541 1609 1587 Multi
1633 1541 1806 1587 silentes

410 1614 536 1659 labiis
553 1650 564 1670 ‚
595 1613 726 1658 corde
750 1614 1050 1658 clamaverunt
1078 1633 1086 1656 ε
1119 1613 1246 1657 multi
1279 1630 1352 1657 ore
1382 1623 1647 1673 strepentes,
1674 1614 1805 1658 corde

410 1702 560 1730 averso
594 1684 704 1728 nihil
728 1685 959 1743 impetrare
980 1693 1233 1743 potuerunt.
1265 1685 1305 1729 Si
1329 1699 1432 1743 ergo
1455 1683 1614 1728 clamas
1629 1720 1640 1740 ,
1667 1684 1805 1730 clama

408 1757 526 1801 intus
544 1792 553 1809 ,
586 1755 661 1799 ubi
696 1754 819 1798 audit
856 1757 984 1798 Deus.
1020 1755 1134 1798 Cum
1172 1753 1406 1799 clamarem
1426 1790 1437 1810 ,
1473 1755 1637 1816 inquit,
1678 1754 1733 1800 ad
1762 1764 1804 1799 te

408 1827 619 1871 exaudisti
641 1841 792 1871 vocem
809 1825 1014 1869 orationis
1035 1840 1158 1868 meae.

477 1902 557 1943 XI.
595 1901 691 1942 Jam
719 1911 821 1954 ergo
852 1905 1055 1956 expertus
1091 1894 1196 1955 quid
1224 1911 1302 1940 nos
1324 1896 1559 1940 hortatur?
1582 1916 1602 1939 «
1627 1896 1803 1956 Diligite

411 1989 430 2012 »
468 1969 704 2014 Dominum
727 1983 876 2012 omnes
900 1967 1037 2011 saneti
1058 1968 1192 2027 ejus‘l.
1214 1986 1232 2008 »
1255 1970 1477 2028 Tanquam
1497 1967 1676 2023 diceret,
1697 1970 1804 2013 Cre-

407 2040 498 2086 dite
522 2041 627 2085 mihi
646 2076 656 2095 ,
678 2056 759 2099 ego
782 2055 878 2083 sum
908 2048 1137 2099 expertus,
1166 2039 1301 2082 habui
1323 2039 1625 2084 tribulationes
1642 2075 1653 2095 ‚
1677 2041 1803 2085 invo-

406 2114 522 2168 cavi,
548 2123 590 2157 et
608 2129 696 2157 non
720 2127 816 2155 sum
839 2110 1069 2171 deeeptus;
1090 2110 1255 2170 speravi
1278 2110 1322 2154 in
1342 2114 1506 2166 Deum,
1528 2122 1570 2155 et
1593 2127 1682 2156 non
1704 2127 1802 2156 sum

406 2185 648 2231 confusus:
681 2183 964 2243 cogitationes
993 2198 1107 2226 meas
1136 2182 1425 2238 illuminavit,
1463 2183 1801 2243 trepidationem

405 2272 545 2301 meam
569 2255 772 2299 firmavit.
799 2274 818 2296 «
844 2253 1016 2312 Diligite
1040 2254 1275 2297 Dominum
1301 2270 1450 2298 omnes
1473 2254 1609 2299 sancti
1627 2256 1746 2314 ejus:
1774 2271 1795 2295 »

405 2327 451 2372 id
468 2337 553 2382 est,
578 2343 654 2372 vos
677 2326 842 2384 diligite
866 2325 1096 2369 Dominum
1111 2361 1121 2380 ,
1151 2326 1226 2385 qui
1250 2341 1337 2369 non
1358 2324 1533 2384 diligitis
1555 2325 1794 2382 mundum,

404 2399 488 2443 hoc
511 2408 592 2453 est,
613 2399 810 2442 «Omnes
828 2396 963 2440 sancti
978 2397 1082 2456 ejus.
1106 2398 1245 2440 »Nam
1260 2396 1330 2440 cui
1350 2396 1449 2440 dico
1466 2406 1516 2440 ut
1537 2395 1688 2456 diligat
1706 2400 1796 2441 Do-

405 2470 571 2515 minum
592 2504 602 2523 ‚
632 2469 706 2529 qui
742 2468 886 2512 adhuc
918 2465 1059 2524 diligit
1091 2467 1494 2526 amphitheatrum?
1522 2467 1606 2513 Cui
1626 2467 1725 2513 dico
1747 2476 1797 2512 ut

454 2562 460 2577 ⁸
483 2555 596 2587 Matth.
617 2565 680 2593 xiv,
703 2553 813 2585 26-28.
830 2570 872 2576 -
893 2559 906 2575 ²
926 2552 1009 2584 Psal.
1031 2563 1106 2593 xxx,
1126 2550 1180 2593 24.
