1833 3284
0 2570 2 2620 i

225 258 467 289 ENARRATIO
499 262 531 288 11
564 262 609 289 m
641 260 844 290 PsALMUM
876 262 992 299 xxx,
1027 260 1152 289 semi.
1188 263 1237 288 11.
1339 249 1422 289 417

99 328 224 371 XIII.
263 344 283 368 «
303 329 356 371 In
380 325 584 370 manibus
609 326 695 370 tuis
717 335 850 370 sortes
873 341 980 370 meae
998 328 1028 370 ¹.
1053 344 1072 367 2>
1100 328 1198 371 Non
1219 325 1266 369 in
1287 327 1426 371 mani-

41 397 123 441 bus
137 397 389 452 hominum,
413 395 488 440 sed
506 396 551 440 in
573 396 774 441 manibus
792 397 891 441 tuis.
913 398 1021 450 Quae
1037 406 1141 441 sunt
1157 396 1249 441 istae
1267 398 1429 442 sortes?

42 469 186 520 Quare
202 465 539 511 sortesPAudito
561 467 736 511 nomine
758 467 937 511 sortium
951 502 962 521 ,
987 482 1076 511 non
1099 467 1312 512 debemus
1333 484 1427 513 sor-

43 537 194 595 tilegos
215 552 425 597 quaerere.
454 539 552 582 Sors
572 537 689 580 enim
711 553 798 581 non
827 535 989 597 aliquid
1014 536 1115 580 mali
1145 548 1234 594 est3
1256 537 1331 582 sed
1365 554 1429 582 res

43 616 107 651 est
132 607 178 651 in
205 607 479 651 dubitatione
496 608 686 651 humana
709 606 898 651 divinam
922 606 1118 651 indicans
1139 600 1428 652 voluntatemss

43 680 153 723 Nam
186 686 231 721 et
256 687 387 722 sortes
410 678 621 721 miserunt
642 677 862 737 Apostoli,
903 678 1081 737 quando
1110 678 1245 722 Judas
1272 678 1432 722 tradito

45 747 234 793 Domino
250 747 402 807 periit,
420 756 464 791 et
487 748 596 792 sicut
618 746 672 791 de
688 747 763 791 illo
782 748 989 807 scriptum
1003 757 1088 802 est,
1117 767 1133 788 «
1155 748 1276 792 Abiit
1302 749 1346 791 in
1368 748 1436 793 lo-

49 837 69 860 »
83 834 183 863 cum
201 834 329 863 suum
347 838 355 862 ε
373 839 389 860 »
408 818 543 877 coepit
560 818 698 878 quaeri
715 819 812 879 quis
824 818 868 862 in
881 818 1026 863 locum
1040 820 1130 879 ejus
1143 819 1432 874 ordinaretur,

48 889 174 934 electi
191 898 293 933 sunt
309 889 398 933 duo
408 887 571 949 judicio
586 889 801 943 humano,
823 897 866 932 et
884 887 1046 932 electus
1062 888 1116 932 de
1137 888 1310 933 duobus
1324 905 1438 934 unus

45 959 212 1021 judicio
233 959 381 1004 divino
408 979 416 1004 :
438 959 492 1003 de
514 959 689 1004 duobus
711 959 935 1004 consultus
957 969 1020 1003 est
1037 963 1150 1003 Deus
1168 995 1178 1014 ‚
1200 975 1438 1020 quemnam

50 1032 243 1092 ipsorum
269 1047 358 1076 esse
379 1030 528 1086 vellet,
564 1034 651 1075 «Et
667 1030 824 1075 cecidit
845 1047 934 1075 sors
962 1047 1092 1091 super
1117 1030 1391 1076 Matthiam2.
1417 1053 1433 1073 »

51 1102 168 1156 Quid
190 1103 323 1162 igitur
356 1111 441 1157 est,
481 1105 570 1146 «ln
592 1102 794 1146 manibus
817 1102 901 1146 tuis
930 1111 1063 1146 sortes
1094 1105 1228 1145 meae?
1250 1122 1268 1144 »
1298 1105 1441 1147 Sortes

55 1173 188 1224 dixit,
218 1182 434 1234 quantum
456 1188 537 1232 ego
560 1173 776 1227 existimo,
803 1173 984 1231 gratiam
1007 1188 1093 1232 qua
1110 1172 1222 1216 'salvi
1244 1172 1346 1217 facti
1366 1189 1441 1216 su-

57 1259 169 1288 mus.
201 1246 344 1297 Quare
375 1243 498 1288 sortis
521 1242 697 1286 nomine
719 1240 909 1301 appellat
937 1242 1118 1300 gratiam
1143 1243 1244 1287 Dei?
1267 1243 1378 1296 Quia
1400 1243 1444 1286 in

57 1324 172 1360 sorte
193 1330 282 1360 non
303 1324 367 1359 est
391 1314 546 1359 electio
564 1349 574 1368 ,
596 1313 672 1358 sed
688 1313 888 1358 voluntas
917 1313 1008 1357 Dei.
1034 1316 1143 1358 Nam
1167 1314 1243 1357 ubi
1267 1313 1442 1368 dicitur,

61 1390 146 1430 Iste
167 1386 294 1441 facit,
311 1386 390 1430 iste
412 1401 502 1430 non
517 1384 640 1439 facit,
662 1385 814 1428 merita
833 1400 921 1428 non
936 1383 1289 1442 considerantur,
1307 1393 1350 1428 et
1371 1385 1447 1428 uhi

60 1457 212 1502 merita
232 1457 577 1510 considerantur,
602 1454 755 1499 electio
784 1464 847 1499 est
862 1489 873 1509 ,
898 1470 988 1498 non
1009 1469 1098 1498 sors
1125 1473 1133 1498 :
1169 1454 1345 1514 quando
1370 1470 1449 1499 au-

61 1535 150 1572 tem
165 1531 279 1572 Deus
301 1526 423 1571 nulla
441 1527 594 1570 merita
608 1535 754 1570 nostra
771 1524 938 1569 invenit
950 1560 960 1577 ,
977 1533 1091 1569 sorte
1111 1524 1347 1569 voluntatis
1361 1541 1449 1569 suae

63 1615 142 1644 nos
175 1597 314 1643 salvos
345 1595 477 1651 fecit,
517 1596 620 1657 quia
650 1595 814 1649 voluit,
852 1611 941 1639 non
977 1595 1078 1654 quia
1115 1595 1235 1653 digni
1269 1594 1447 1639 suimus.

64 1673 169 1716 Haec
201 1679 266 1714 est
292 1685 396 1714 sors.
428 1669 585 1713 Merito
614 1667 760 1712 tunica
783 1665 856 1710 illa
877 1666 1051 1710 Domini
1078 1665 1262 1725 desuper
1284 1675 1398 1710 texta
1417 1668 1449 1720 3,

65 1756 165 1802 quae
186 1740 402 1799 significat
416 1738 638 1783 charitatis
652 1737 956 1791 aeternitatem,
982 1752 1082 1780 cum
1107 1735 1242 1781 dividi
1264 1753 1288 1780 a
1310 1752 1456 1796 perse-

66 1812 292 1857 cutoribus
313 1826 404 1855 non
425 1817 571 1870 posset
581 1822 601 1864 ,‘
618 1824 707 1853 sors
729 1823 858 1867 super
876 1822 970 1851 eam
998 1807 1123 1851 missa
1146 1816 1210 1851 est
1231 1826 1239 1851 :
1267 1806 1322 1853 ad
1343 1823 1454 1867 quos

68 1881 280 1942 pervenit,
315 1895 387 1924 eos
419 1878 678 1939 significavit
700 1878 777 1938 qui
808 1877 1014 1921 videntur
1037 1876 1092 1921 ad
1114 1886 1273 1921 sortem
1301 1893 1455 1936 perve-

69 1954 162 1997 nire
198 1961 462 1997 sanctorum.
494 1969 511 1990 «
539 1949 684 1994 Gratia
713 1948 818 1992 salvi
841 1946 943 1992 facti
977 1948 1075 1991 estis
1103 1963 1179 2007 per
1213 1947 1367 2002 fidem,
1399 1948 1458 1992 ait

75 2044 93 2066 »
128 2022 349 2084 apostolus
368 2019 550 2076 Paulus,
585 2019 731 2064 Gratia
758 2018 864 2062 salvi
888 2017 989 2062 facti
1017 2018 1115 2062 estis
1137 2033 1214 2078 per
1236 2018 1390 2073 fidem,
1416 2028 1460 2062 et

77 2114 111 2138 ».
130 2094 214 2139 hoc
232 2108 321 2138 non
343 2107 395 2136 ex
411 2091 552 2145 vobis,
574 2089 716 2146 (Vide
738 2090 944 2146 sortem,)
961 2097 1004 2132 et
1024 2089 1108 2133 hoc
1130 2104 1219 2132 non
1241 2103 1292 2132 ex
1308 2089 1430 2133 vobis
1445 2124 1456 2144 ,

75 2183 96 2206 »
131 2163 209 2209 sed
229 2163 308 2209 Dei
328 2162 495 2208 donum
511 2170 590 2205 est.
617 2163 716 2207 Non
733 2176 784 2204 ex
800 2159 1006 2220 operibus
1026 2194 1036 2213 ,
1062 2159 1214 2219 (quasi
1235 2175 1311 2204 vos
1333 2159 1460 2203 bene-

76 2253 97 2276 »
132 2234 346 2289 feceritis,
385 2242 436 2277 ut
469 2231 523 2276 ad
553 2232 638 2276 hoc
671 2229 875 2275 accedere
904 2229 1027 2288 digni
1058 2229 1256 2286 essetis,)
1291 2245 1381 2273 non
1413 2245 1464 2273 ex

78 2325 98 2348 »
135 2305 362 2367 operibus,
390 2320 447 2352 ne
481 2302 594 2348 sorte
625 2303 721 2363 quis
743 2300 988 2346 extollatur.
1016 2300 1154 2360 Ipsius
1178 2300 1294 2344 enim
1317 2316 1466 2345 sumus

81 2395 103 2419 r>
136 2378 413 2437 figmentum⁷
437 2374 569 2419 creati
590 2373 636 2417 in
652 2369 825 2419 Christo
844 2372 1006 2417 Jesuin
1023 2372 1226 2431 operibus
1250 2371 1418 2416 bonis&
1443 2392 1462 2412 >¹

80 2450 184 2493 Haec
204 2445 396 2509 quodam
415 2443 549 2490 modo
572 2459 662 2489 sors
684 2442 856 2488 occulta
882 2451 946 2486 est
966 2441 1169 2486 voluntas
1193 2442 1293 2500 Dei3
1317 2442 1363 2487 in
1384 2443 1469 2487 hu-

82 2535 210 2564 mano
224 2533 381 2579 genere
393 2532 482 2562 sors
500 2524 579 2571 est,
591 2530 680 2560 sors
692 2515 869 2559 veniens
883 2513 936 2557 de
946 2512 1022 2557 Dei
1035 2512 1208 2558 occulta
1221 2513 1463 2570 voluntate,

133 2612 140 2629 ¹
161 2605 239 2638 Psal.
264 2616 340 2646 xxx,
362 2605 412 2636 16.
438 2619 479 2625 -·
499 2609 511 2625 ²
530 2604 602 2634 Act.
619 2612 642 2643 1,
657 2602 710 2633 20.
732 2617 774 2623 -
796 2597 913 2631 3Joau.
936 2609 986 2631 nx
1002 2624 1010 2640 ,
1033 2597 1167 2631 ἰλ-4
1183 2599 1300 2642 Ephes.
1324 2610 1354 2639 v,
1375 2602 1467 2634 8-10.

353 2669 474 2699 cxiv.
1236 2655 1286 2693 ΞΠ
