1833 3284
232 250 475 279 ENAnnAno
507 253 540 278 11
572 252 618 279 m
650 228 855 278 PsALMtJM
886 249 1029 288 xxxn,
1062 247 1188 276 snum.
1224 250 1257 275 1.
1352 235 1440 277 479

53 317 278 376 imperitus
293 333 385 363 non
407 318 624 376 agnoscit,
651 317 806 361 artifex
827 314 1107 376 reprehendit
1130 334 1139 360 ε
1165 315 1262 376 quis
1283 314 1440 360 offerat

54 389 144 432 Deo
176 387 290 432 bene
317 396 493 433 cantare
507 423 519 443 ‚
559 389 618 433 sie
635 387 851 449 judicanti
872 386 928 430 de
948 395 1125 430 cantore
1142 421 1153 441 ,
1193 385 1254 430 sic
1276 386 1440 430 exami-

53 457 177 502 nanti
195 458 361 513 omnia,
381 457 441 502 sic
464 458 691 503 audienti?
711 456 898 511 Quando
915 466 1039 516 potes
1060 458 1214 502 afferre
1230 466 1327 501 tam
1349 456 1440 500 ele-

54 543 160 586 gans
181 529 412 573 artificium
429 527 650 584 cantandi,
671 537 826 573 uttam
838 525 1040 588 perfectis
1059 527 1234 571 auribus
1249 528 1295 570 in
1316 526 1440 572 nullo

53 598 316 658 displiceas?
349 602 463 645 Ecce
497 598 636 645 veluti
666 598 848 644 modum
871 598 1077 643 cantandi
1099 596 1175 642 dat
1195 598 1276 641 tibi
1303 617 1312 642 :
1350 597 1442 642 noli

52 685 248 729 quaerere
263 670 418 725 verba,
444 671 569 732 quasi
591 670 802 729 explicare
823 669 958 729 possis
975 667 1096 713 unde
1119 671 1233 713 Deus
1254 667 1443 712 delecta-

52 749 139 784 tur.
169 760 190 784 «
220 744 273 785 In
303 740 566 802 jubilatione
597 761 617 784 »
643 757 762 786 cane.
790 744 883 786 Hoc
905 749 970 785 est
996 741 1113 784 enim
1139 740 1251 784 bene
1287 754 1443 784 canere

54 815 170 866 Deo,
210 813 257 856 in
285 813 546 873 jubilatione
584 823 772 858 cantare.
799 812 918 866 Quid
939 820 1002 856 est
1022 812 1068 855 in
1084 810 1346 871 jubilatione
1367 827 1444 856 ca-

53 885 187 927 nere?
202 883 466 943 Intelligere,
480 885 624 930 verbis
642 884 854 944 explicare
876 899 965 927 non
987 898 1110 942 posse
1131 882 1253 942 quod
1274 882 1445 926 canitur

53 953 199 998 corde.
225 955 400 998 Etenim
422 955 484 1000 illi
505 956 582 1016 qui
607 964 809 1010 cantant,
834 954 923 998 sive
944 954 991 997 in
1015 968 1173 1008 messe,
1198 953 1286 997 sive
1307 953 1354 997 in
1375 953 1444 998 vi-

53 1040 150 1081 nea,
167 1025 256 1069 sive
276 1025 324 1069 in
343 1025 489 1087 aliquo
511 1042 642 1086 opere
664 1025 865 1080 ferventi,
885 1040 987 1069 eum
1002 1023 1218 1083 coeperint
1239 1023 1285 1067 in
1301 1023 1445 1067 verbis

52 1097 325 1142 cantieorum
353 1099 550 1143 exultare
571 1098 745 1154 laetitia,
768 1096 905 1141 veluti
927 1095 1096 1156 impleti
1122 1104 1242 1139 tanta
1264 1094 1414 1139 laetitia
1429 1130 1442 1150 ,

53 1178 104 1212 ut
125 1184 220 1212 eam
241 1169 385 1214 verbis
408 1169 622 1230 explicare
643 1186 733 1214 non
754 1169 946 1229 possint,
978 1175 1180 1212 avertunt
1208 1182 1252 1211 se
1275 1183 1299 1210 a
1321 1166 1446 1224 sylla-

54 1238 120 1282 bis
140 1239 399 1295 verborum,
421 1249 464 1283 et
487 1249 595 1284 eunt
617 1240 662 1284 in
685 1255 841 1284 sonum
858 1238 1146 1299 jubilationis.
1163 1236 1363 1281 Jubilum
1381 1251 1447 1280 so-

53 1325 137 1354 nus
159 1310 340 1370 quidam
363 1320 430 1355 est
453 1311 700 1370 significans
722 1327 796 1356 cor
817 1310 1032 1370 parturire
1052 1308 1172 1370 quod
1195 1308 1339 1353 dicere
1355 1322 1446 1352 non

54 1374 276 1440 potestAEt
287 1396 419 1441 quem
434 1380 561 1425 decet
576 1382 655 1426 ista
662 1381 884 1442 jubilatio,
900 1380 982 1424 nisi
995 1378 1266 1423 ineffabilem
1280 1378 1446 1422 Deum?

55 1450 296 1496 Ineffabilis
316 1451 434 1496 enim
456 1461 544 1508 est,
570 1468 703 1513 quem
727 1451 806 1496 fari
828 1467 919 1496 non
939 1459 1084 1510 potest
1105 1469 1114 1494 ε
1136 1448 1215 1493 etsi
1237 1464 1337 1492 eum
1364 1447 1448 1492 fari

54 1539 145 1568 non
162 1533 306 1583 potes⁷
341 1533 385 1568 et
408 1533 551 1569 tacere
574 1540 664 1569 non
683 1523 839 1579 debes,
872 1522 980 1584 quid
1008 1530 1141 1567 restat
1161 1520 1242 1565 nisi
1263 1529 1314 1565 ut
1331 1519 1449 1581 jubi-

54 1594 117 1638 les
138 1615 150 1652 3
169 1603 220 1639 ut
241 1595 431 1653 gaudeat
449 1611 524 1640 cor
546 1595 637 1640 sine
653 1595 798 1639 verbis
812 1630 823 1648 ,
845 1603 888 1638 et
910 1594 1121 1637 immensa
1138 1590 1325 1636 latitudo
1349 1605 1448 1648 gau-

55 1663 228 1709 diorum
249 1674 386 1709 metas
403 1681 493 1710 non
513 1665 676 1710 habeat
696 1664 997 1723 syllabarum?
1023 1683 1044 1706 «
1073 1665 1191 1708 Bene
1214 1670 1387 1707 cantate
1409 1661 1448 1705 ei

57 1753 80 1776 »
113 1734 160 1778 in
177 1734 453 1795 jubilatione.
477 1753 498 1776 »

125 1807 205 1849 IX.
242 1824 263 1848 «
288 1806 509 1859 Quoniam
543 1815 687 1850 rectus
719 1814 783 1850 est
818 1820 959 1849 sermo
992 1804 1193 1860 Domini,
1227 1811 1272 1848 et
1303 1802 1450 1847 omnia

60 1893 81 1917 »
115 1891 246 1935 opera
263 1877 354 1936 ejus
370 1877 416 1920 in
439 1876 526 1920 fide
542 1878 573 1919 ¹.
597 1894 617 1918 »
640 1880 693 1921 In
713 1891 803 1937 quo
824 1876 956 1920 etiam
976 1873 1174 1934 displicet
1195 1889 1286 1918 non
1303 1872 1447 1927 rectis,

56 1956 200 1991 rectus
223 1956 289 1990 est
309 1946 398 1990 ille.
429 1965 451 1989 «
476 1950 533 1991 Et
560 1947 708 1991 omnia
737 1962 866 2006 opera
897 1946 988 2005 ejus
1010 1945 1056 1988 in
1077 1945 1179 1988 fide.
1208 1961 1230 1985 »
1257 1946 1348 1987 Tua
1365 1943 1450 1987 sint

57 2032 189 2077 opera
204 2016 251 2060 in
276 2016 386 2072 fide,
416 2035 437 2059 «
461 2017 574 2070 Quia
598 2018 742 2078 justus
769 2032 821 2060 ex
846 2015 934 2060 fide
955 2015 1087 2060 vivit²
1102 2049 1113 2070 ‚
1140 2033 1160 2055 »
1187 2023 1246 2070 et,
1277 2033 1297 2055 «
1322 2011 1451 2057 Fides

61 2105 83 2130 »
116 2103 195 2148 per
222 2086 501 2132 dilectionem
532 2089 763 2147 operatur3
786 2106 796 2131 :
826 2105 846 2127 »
872 2095 947 2130 tua
980 2086 1066 2130 sint
1095 2100 1226 2144 opera
1254 2084 1300 2127 in
1332 2082 1447 2138 fide,

59 2159 162 2219 quia
193 2158 240 2203 in
262 2161 404 2203 Deum
434 2157 656 2203 credendo
686 2157 827 2202 fidelis
849 2156 1047 2201 efficeris.
1073 2157 1216 2216 Opera
1247 2154 1325 2199 Dei
1343 2169 1454 2214 quo-

59 2227 193 2273 modo
216 2237 398 2288 possunt
431 2243 521 2272 esse
551 2229 598 2272 in
625 2227 713 2272 fide
728 2262 739 2283 ‚
764 2227 888 2288 quasi
911 2235 954 2270 et
981 2229 1096 2271 Deus
1118 2241 1170 2269 ex
1191 2224 1279 2269 fide
1298 2224 1453 2269 vivat?

62 2299 315 2345 Invenimus
346 2308 390 2343 et
420 2302 561 2344 Deum
593 2298 793 2354 fidelem,
823 2307 868 2341 et
896 2298 982 2342 hoc
1008 2312 1099 2341 non
1118 2295 1263 2341 verbis
1294 2293 1453 2339 nostris

62 2369 245 2426 dieitur,
284 2369 545 2430 Apostolum
577 2370 680 2414 audi
712 2389 721 2414 :
751 2389 772 2412 «
806 2368 969 2413 Fidelis
987 2403 998 2424 ‚
1033 2367 1205 2428 inquit,
1230 2370 1345 2412 Deus
1375 2365 1454 2426 qui

65 2457 87 2482 »
120 2456 198 2486 vos
227 2457 318 2485 non
349 2440 574 2500 permittat
604 2440 763 2484 tentari
794 2455 923 2499 supra
951 2454 1085 2499 quam
1110 2437 1290 2498 potestis
1311 2437 1450 2491 ferre,

67 2529 88 2553 »
122 2511 199 2556 sed
217 2509 351 2556 faeiat
370 2526 473 2555 cum
490 2510 731 2555 tentatione
753 2510 883 2554 etiam
905 2509 1086 2564 exitum,
1104 2517 1155 2553 ut
1170 2507 1340 2570 possitis
1359 2523 1454 2552 sus-

113 2601 123 2618 ¹
148 2594 230 2628 Psal.
251 2605 350 2637 xxxu,
368 2593 401 2636 4.
424 2611 466 2618 -
486 2601 500 2618 ²
516 2597 609 2627 Rom,
633 2605 656 2637 1,
680 2605 730 2637 ¹7·
751 2610 794 2618 —-
809 2591 823 2617 3
841 2592 910 2626 Gal.
925 2604 960 2634 v,
978 2592 1012 2625 6.
