1833 3284
379 229 464 266 396
819 238 852 266 S.
890 239 1120 266 AUGUSTINI
1153 239 1333 266 EPISCOPI

377 304 499 364 quod
517 319 567 347 ex
590 304 722 348 flente
745 304 1024 362 gaudentem.
1048 306 1140 348 Hoc
1162 318 1232 347 me
1250 302 1422 357 liberat,
1443 317 1532 347 non
1551 317 1647 361 ego.
1672 321 1693 344 «
1722 304 1771 346 In

381 392 401 414 »
430 374 599 434 justitia
623 383 697 418 tua
719 390 822 418 erue
842 389 933 429 me,
960 383 1003 417 ct
1024 374 1163 418 exime
1184 389 1269 417 me.
1294 393 1314 414 »

441 447 536 488 VII.
562 465 581 487 «
605 445 770 490 Inclina
801 445 856 489 ad
884 461 954 489 me
983 460 1132 489 aurem
1154 446 1316 488 tuam¹.
1339 462 1359 485 »
1388 444 1509 488 Fecit
1530 444 1615 488 hoc
1637 446 1768 498 Deus,

378 515 557 575 quando
580 515 723 574 ipsum
741 516 964 560 Christum
985 514 1038 559 ad
1058 531 1136 559 nos
1154 514 1283 559 misit.
1306 513 1438 558 Illum
1460 512 1516 558 ad
1537 529 1615 559 nos
1636 513 1770 569 misit,

378 586 455 646 qui
478 586 688 631 inclinato
712 587 852 646 capite
883 586 1019 645 digito
1041 586 1261 631 scribebat
1291 586 1337 629 in
1370 594 1504 640 terra,
1533 584 1712 645 quando
1734 585 1774 628 ei

379 657 578 702 adultera
607 658 763 702 mulier
793 659 1060 703 offerebatur
1087 658 1350 718 punienda‘2.
1378 656 1455 702 Ille
1478 666 1624 702 autem
1645 656 1773 701 incli-

379 738 558 772 naverat
580 745 623 773 se
646 729 701 773 ad
724 739 905 785 terram,
930 729 974 773 id
998 739 1082 784 est,
1109 733 1222 773 Deus
1250 728 1303 774 ad
1326 729 1567 782 hominem⁷
1588 729 1657 772 cui
1679 726 1775 772 dic-

379 808 474 843 tum
493 808 572 854 est,
599 819 618 841 «
642 803 770 844 Terra
795 816 854 855 es,
879 810 922 844 et
949 801 994 843 in
1017 809 1176 844 terram
1196 800 1318 843 ibis3.
1348 818 1368 840 »
1394 801 1492 844 Non
1513 799 1629 842 enim
1653 798 1776 859 quasi

379 871 678 930 corporalibus
700 873 806 917 locis
830 876 943 917 Deus
967 871 1022 916 ad
1045 888 1123 916 nos
1154 870 1336 916 inclinat
1366 887 1515 915 aurem
1536 886 1681 925 suam⁷
1701 879 1777 915 aut

380 943 584 987 membris
612 943 702 988 istis
734 944 951 1003 corporeis
980 942 1276 987 determinatis
1305 943 1454 987 finitus
1481 951 1559 987 est.
1585 941 1777 986 Omnino

379 1012 490 1056 nihil
524 1014 683 1057 horum
718 1014 912 1073 cogitent
944 1015 1138 1058 humana
1165 1014 1480 1074 phantasmata.
1514 1013 1682 1057 Veritas
1715 1022 1778 1057 est

380 1087 509 1127 Deus.
540 1085 709 1128 Veritas
739 1100 819 1129 nec
854 1086 1020 1145 quadra
1052 1094 1136 1139 est,
1167 1100 1247 1128 nec
1280 1084 1492 1139 rotunda,
1518 1100 1598 1128 nec
1629 1083 1774 1142 longa.

384 1156 553 1216 Ubique
572 1171 760 1215 praesens
784 1167 862 1211 est,
885 1157 917 1201 si
941 1157 1082 1201 cordis
1102 1157 1255 1201 oculus
1279 1157 1334 1200 ad
1352 1172 1447 1200 eam
1470 1165 1630 1216 pateat.
1649 1154 1779 1200 Incli-

379 1234 455 1269 nat
473 1236 620 1270 tamen
643 1243 794 1271 aurem
817 1243 939 1271 suam
963 1228 1017 1271 ad
1039 1244 1116 1272 nos
1134 1232 1264 1282 Deus⁷
1282 1227 1622 1271 misericordiam
1641 1225 1779 1286 depo-

379 1311 486 1340 nens
505 1312 635 1355 super
648 1313 741 1341 nos.
760 1301 868 1351 Quae
887 1300 1022 1358 major
1040 1298 1349 1352 misericordia,
1367 1313 1500 1358 quam
1518 1306 1568 1341 ut
1587 1297 1775 1341 Unicum

379 1382 509 1411 suum
543 1367 667 1412 daret
692 1369 841 1423 nobis,
868 1385 958 1413 non
991 1369 1135 1414 vivere
1167 1369 1420 1424 nobiscum,
1445 1366 1522 1412 sed
1555 1368 1665 1412 mori
1698 1383 1779 1427 pro

380 1438 539 1482 nobis?
566 1458 585 1479 «
612 1437 779 1483 Inclina
803 1439 857 1483 ad
880 1455 950 1483 me
972 1455 1123 1483 aurem
1146 1449 1283 1484 tuam.
1309 1458 1328 1480 »

440 1511 562 1552 VIII.
594 1528 614 1551 «
639 1510 845 1554 Accelcra
875 1519 926 1554 ut
948 1511 1107 1554 eximas
1135 1512 1246 1554 me4.
1276 1529 1295 1551 »
1322 1509 1568 1553 Exauditur
1595 1509 1711 1552 enim
1733 1509 1779 1553 in

380 1579 463 1623 hoc
482 1614 492 1633 ‚
519 1595 621 1624 cum
645 1580 752 1624 dicit
773 1597 781 1621 :
812 1601 832 1622 «
859 1580 1078 1625 Accelera.
1104 1599 1124 1622 »
1150 1580 1220 1625 Ad
1244 1581 1329 1625 hoe
1351 1580 1467 1623 enim
1496 1579 1687 1640 positum
1716 1588 1780 1624 est

381 1649 564 1693 verbum
582 1685 593 1704 ‚
619 1660 670 1694 ut
695 1652 778 1694 hoc
800 1660 943 1695 totum
967 1652 1089 1711 quod
1110 1651 1237 1695 nobis
1266 1650 1344 1695 diu
1366 1649 1554 1705 videtur,
1581 1649 1781 1710 quandiu

380 1720 574 1765 volvitur
595 1723 804 1766 saeculum
823 1759 833 1777 ,
864 1723 1076 1781 intelligas
1108 1732 1324 1782 punctum
1354 1738 1458 1766 esse.
1491 1725 1588 1767 Non
1617 1731 1680 1766 est
1702 1723 1780 1766 diu

379 1792 501 1851 quod
535 1792 668 1836 habet
689 1802 950 1837 extremum.
984 1794 1052 1837 Ab
1084 1794 1224 1837 Adam
1257 1808 1395 1853 usque
1432 1792 1487 1836 ad
1519 1792 1778 1837 hodiernam

376 1862 490 1906 diem
516 1873 743 1921 peractum
772 1873 858 1918 est,
887 1873 929 1907 et
957 1864 1097 1908 multo
1128 1864 1282 1924 utique
1311 1863 1410 1923 plus
1434 1873 1659 1923 peractum
1686 1873 1776 1919 θεῖ,

374 1949 507 1993 quam
525 1943 655 1978 restat
669 1934 985 1994 peragendum.
1006 1935 1047 1979 Si
1067 1934 1212 1978 adhuc
1228 1935 1394 1979 viveret
1411 1935 1569 1989 Adam,
1592 1934 1779 1979 ethodie

375 2014 642 2060 nioreretur3
668 2005 777 2065 quid
800 2006 836 2049 ei
862 2005 1085 2065 prodesset
1108 2005 1262 2049 tandiu
1285 2021 1375 2050 esse
1391 2041 1401 2061 ,
1420 2005 1574 2050 tandiu
1593 2006 1780 2050 vixisse?

375 2078 492 2133 Ergo
519 2075 715 2120 celeritas
739 2077 833 2120 haec
855 2078 1019 2136 quare?
1044 2077 1155 2129 Quia
1178 2076 1450 2121 transvolant
1480 2085 1675 2135 tempora
1700 2095 1708 2120 :
1735 2084 1779 2119 et

374 2144 495 2205 quod
521 2145 599 2189 tibi
624 2146 799 2190 tardum
823 2156 912 2202 est,
944 2148 988 2190 in
1013 2146 1148 2191 oculis
1173 2147 1249 2190 Dei
1272 2147 1405 2190 breve
1433 2155 1510 2190 est.
1545 2148 1641 2190 Jam
1664 2146 1778 2190 hanc

375 2215 641 2260 celeritatem
660 2217 739 2261 iste
754 2216 1026 2263 intellexerat
1043 2218 1087 2260 in
1109 2217 1256 2261 extasi.
1288 2237 1307 2258 «
1329 2215 1531 2261 Accelera
1549 2225 1599 2260 ut
1617 2216 1777 2260 eximas

378 2306 397 2328 n
434 2303 518 2331 me.
545 2291 650 2332 Esto
674 2289 780 2333 mihi
812 2290 856 2333 in
880 2292 1017 2333 Deum
1043 2298 1336 2348 protectorem
1360 2298 1403 2332 et
1432 2289 1476 2331 in
1500 2287 1683 2332 domum
1707 2304 1776 2331 re-

379 2378 398 2399 »
434 2357 560 2417 fugii,
581 2368 631 2404 ut
648 2359 814 2404 salvum
832 2376 901 2404 me
915 2359 1058 2404 facias.
1075 2364 1269 2404 »Domus
1287 2359 1442 2418 refugii
1467 2369 1515 2403 tu
1539 2359 1646 2403 mihi
1666 2369 1774 2414 esto=

377 2432 491 2472 Deus
507 2439 744 2487 protector,
766 2430 921 2475 domus
940 2430 1112 2489 refugii.
1130 2430 1381 2491 Aliquando
1404 2430 1519 2474 enim
1535 2429 1772 2489 periclitor,

376 2510 419 2544 ct
449 2500 549 2545 volo
570 2501 723 2559 fugere
744 2519 752 2543 z
780 2519 870 2563 quo
889 2503 1038 2561 fugio?
1068 2501 1123 2546 ad
1145 2517 1278 2562 quem
1299 2501 1446 2546 locum
1466 2510 1591 2545 tutus
1622 2499 1773 2559 fugio?

427 2593 433 2608 ¹
455 2587 532 2618 psal.
556 2598 629 2628 xxx,
649 2598 681 2630 7.
698 2606 738 2610 —
760 2595 771 2611 2
794 2591 886 2621 Joan.
908 2600 976 2627 vin,
991 2588 1025 2619 G.
1052 2605 1092 2611 -—
1114 2585 1126 2610 3
1146 2589 1224 2621 Gen.
1245 2598 1293 2628 111,
1317 2598 1367 2629 19·
1392 2603 1429 2609 -
1452 2585 1466 2616 4
1486 2586 1567 2619 Psal.
1591 2596 1672 2627 xxx,
1695 2586 1726 2617 3.
