1833 3284
374 225 460 264 474
762 239 795 265 s.
843 236 1075 265 Avens-nm
1108 239 1289 267 zmscon

371 302 637 348 incumbunt
653 337 665 357 ,
693 311 743 347 ut
761 317 811 346 ex
833 301 909 348 illo
930 319 1031 347 cum
1066 312 1308 363 tanguntur
1331 304 1619 362 tremefactae,
1649 316 1693 351 et
1714 322 1767 351 ex

370 373 443 418 illa
470 374 739 418 concavitate
761 389 917 418 sonum
951 374 1244 433 concipientes
1261 412 1272 431 ,
1304 376 1440 434 magis
1468 393 1639 421 canorae
1667 377 1770 421 red-

370 443 533 489 dantur
554 464 562 489 :
589 444 706 503 >hoe
735 460 838 504 ergo
859 444 1028 503 lignum
1054 446 1219 491 cithara
1241 447 1287 491 in
1319 448 1524 492 inferiore
1545 457 1668 507 parte
1689 449 1769 492 ha·-

370 515 466 571 bet,
492 514 743 576 psalterium
763 516 809 560 in
830 517 1066 576 superiore.
1086 520 1189 561 Haec
1208 527 1271 562 est
1289 519 1527 563 distinctio.
1549 522 1573 563 J
1579 519 1769 562 ubemur

369 596 516 631 autem
539 586 672 631 modo
695 587 891 632 confiteri
918 587 963 631 in
995 588 1183 643 cithara,
1209 598 1250 633 et
1281 589 1464 648 psallere
1490 590 1534 633 in
1563 589 1769 649 psalterio

370 657 523 702 decem
536 656 818 703 chordarum.
841 661 939 703 Non
954 657 1060 703 dixit
1074 658 1119 702 in
1133 659 1299 704 cithara
1317 660 1467 704 decem
1482 659 1766 715 chordarum,

369 744 515 790 neque
535 729 580 772 in
601 729 686 774 hoc
704 729 897 785 Psalmo,
926 745 1071 790 neque
1087 765 1097 785 ,
1123 730 1157 774 si
1184 745 1275 775 non
1304 729 1453 786 fallor,
1479 730 1656 774 alieubi.
1682 733 1769 775 Le-

369 809 490 859 gant,
508 808 551 843 et
573 800 852 844 considerent
863 799 1020 845 melius
1035 810 1078 845 et
1096 801 1273 846 otiosius
1292 800 1368 845 filii
1386 802 1522 846 nostri
1538 804 1764 847 Lectores:

368 880 518 915 tamen
540 879 757 931 quantum
780 871 886 915 mihi
908 870 1061 916 videor
1081 872 1343 928 meminisse,
1359 872 1508 916 multis
1524 871 1628 917 locis
1651 872 1770 918 inve-

368 942 514 987 nimus
547 942 800 1003 psalterium
837 943 990 988 deeem
1027 943 1314 1000 chordarum,
1363 944 1575 988 citharam
1616 943 1769 990 decem

368 1013 635 1059 chordarum
664 1029 884 1075 nusquam
916 1015 1024 1059 mihi
1058 1015 1222 1060 lectum
1264 1015 1468 1060 occurrit.
1499 1019 1768 1060 Mementote

367 1085 579 1130 citharam
601 1101 653 1129 ex
675 1084 881 1130 inferiore
902 1095 1025 1146 parte
1046 1087 1210 1131 habere
1231 1102 1321 1147 quo
1338 1096 1485 1142 sonat,
1512 1086 1768 1146 psalterium

366 1171 420 1200 ex
442 1157 678 1216 superiore.
707 1147 784 1201 Ex¹
798 1156 1005 1202 inferiore
1031 1159 1118 1202 vita
1134 1193 1144 1213 ,
1170 1157 1308 1212 idest,
1333 1167 1531 1213 terrena,
1556 1158 1768 1202 habemus

366 1228 702 1287 prosperitatem
725 1237 769 1272 et
788 1227 1118 1283 adversitatem,
1144 1227 1264 1272 unde
1297 1232 1438 1272 Deum
1471 1228 1700 1272 laudemus
1723 1230 1769 1273 in

371 1307 559 1358 utroque
573 1334 583 1352 ‚
610 1307 661 1342 ut
681 1314 851 1358 semper
873 1299 928 1343 sit
941 1297 1033 1343 laus
1057 1300 1148 1360 ejus
1165 1299 1211 1342 in
1229 1314 1303 1343 ore
1324 1308 1473 1344 nostro
1488 1335 1499 1355 ,
1524 1309 1569 1343 et
1586 1299 1769 1343 benedi-

366 1385 517 1414 camus
536 1370 776 1414 Dominum
797 1370 843 1414 in
866 1371 986 1415 omni
1011 1373 1247 1430 tempore².
1277 1389 1297 1412 »
1324 1373 1402 1415 Est
1423 1371 1540 1414 enim
1564 1370 1768 1431 quaedam

366 1449 539 1485 terrena
572 1441 857 1501 prosperitas,
893 1450 958 1485 est
988 1441 1193 1502 quaedam
1217 1451 1389 1486 terrena
1421 1441 1681 1500 adversitas,
1716 1458 1767 1485 ex

365 1521 556 1573 utroque
570 1512 818 1558 laudandus
841 1523 905 1558 est
915 1517 1051 1569 Deus,
1073 1514 1452 1559 utcitharizemus.
1474 1517 1583 1568 Quae
1600 1523 1665 1559 est
1677 1524 1767 1559 ter-

365 1599 470 1628 rena
484 1584 897 1644 prosperitas?Cum
917 1586 1009 1629 sani
1023 1601 1173 1630 sumus
1191 1585 1433 1630 seeundum
1447 1601 1638 1641 carnem,
1664 1601 1767 1631 cum

365 1655 596 1700 abundant
618 1657 764 1700 omnia
787 1657 951 1717 quibus
964 1657 1170 1712 vivimus,
1195 1673 1297 1701 cum
1319 1658 1598 1703 incolumitas
1618 1667 1766 1703 nostra

364 1735 583 1782 servatur,
619 1742 720 1771 cum
748 1726 917 1771 fructus
949 1727 1069 1786 large
1096 1729 1385 1787 proveniunt,
1423 1744 1524 1773 cum
1560 1748 1580 1770 «
1621 1727 1765 1773 Solem

366 1816 388 1839 »
413 1813 543 1843 suum
566 1799 668 1842 oriri
689 1797 794 1842 facit
816 1814 946 1859 super
968 1799 1106 1844 bonos
1120 1809 1163 1843 et
1176 1800 1327 1855 malos,
1345 1800 1459 1859 pluit
1479 1815 1609 1860 super
1624 1801 1764 1860 justos

367 1888 390 1911 »
412 1879 456 1914 et
476 1870 658 1930 injustos
671 1874 702 1914 ².
728 1889 748 1912 »
777 1873 881 1915 Haec
907 1871 1054 1916 omnia
1096 1870 1151 1914 ad
1178 1871 1315 1916 vitam
1350 1881 1565 1915 terrenam
1597 1870 1760 1917 valent.

365 1941 573 2002 Quisquis
604 1941 708 1986 inde
734 1958 824 1986 non
846 1940 998 1986 laudat
1019 1945 1161 1986 Deum
1176 1978 1187 1997 ,
1216 1942 1410 2000 ingratus
1432 1952 1510 1987 est.
1537 1942 1765 2003 Numquid

365 2014 468 2074 quia
485 2023 656 2058 terrena
676 2049 686 2069 ,
712 2013 811 2059 ideo
840 2030 929 2059 non
951 2015 1026 2059 Dei
1060 2016 1191 2059 sunt?
1212 2018 1302 2059 Aut
1328 2015 1427 2060 ideo
1455 2015 1563 2059 alter
1591 2031 1639 2060 ea
1661 2016 1765 2059 dare

365 2084 625 2143 cogitandus
650 2094 739 2140 est,
765 2086 867 2146 quia
888 2086 1052 2130 dantur
1073 2095 1117 2130 et
1137 2085 1286 2130 malis?
1304 2086 1532 2146 Multiplex
1560 2095 1624 2130 est
1645 2086 1763 2130 enim

366 2155 661 2200 misericordia
692 2157 796 2213 Dei,
835 2157 1003 2216 patiens
1037 2166 1122 2212 est,
1164 2156 1440 2216 longanimis.
1482 2157 1591 2201 Inde
1625 2157 1763 2215 magis

366 2227 580 2285 signifieat
610 2226 717 2288 quid
741 2237 881 2272 servet
912 2228 1064 2282 bonis,
1091 2244 1191 2272 cum
1217 2228 1407 2273 ostendit
1434 2238 1598 2290 quanta
1628 2228 1764 2273 donet

366 2307 410 2342 et
433 2298 571 2343 malis.
600 2298 890 2343 Adversitates
924 2307 1070 2343 autem
1087 2334 1098 2354 ,
1128 2315 1178 2343 ex
1202 2299 1406 2344 inferiore
1434 2299 1588 2360 utique
1613 2309 1758 2358 parte,

365 2369 420 2413 de
442 2368 676 2429 fragilitate
699 2370 867 2429 generis
888 2371 1096 2424 humani,
1122 2370 1169 2413 in
1193 2370 1416 2415 doloribus
1434 2406 1444 2426 ,
1470 2372 1514 2415 in
1535 2371 1761 2428 languori-

365 2441 474 2496 bus,
500 2442 546 2484 in
581 2442 812 2501 pressuris,
850 2442 895 2486 in
927 2441 1286 2487 tribulationibus
1305 2478 1315 2497 ,
1349 2443 1394 2486 in
1426 2443 1756 2487 tentationibus.

365 2510 539 2571 Ubique
561 2511 712 2557 laudet
743 2515 883 2557 Deum
913 2512 990 2573 qui
1025 2512 1264 2558 citharizat.
1292 2515 1390 2560 Non
1425 2513 1624 2558 attendat
1659 2514 1762 2573 quia

414 2601 422 2616 ¹
444 2595 525 2627 Psal.
544 2606 654 2637 χχχιιι,
676 2604 708 2628 2.
724 2613 765 2618 -—·
787 2603 800 2618 2
824 2596 938 2628 Matth.
962 2607 995 2637 v,
1016 2595 1071 2637 45.
