1833 3284
365 221 447 259 328
809 229 841 255 s.
881 229 900 255 Α
910 229 1109 256 ceus‘rmi
1142 229 1323 256 EPISCOPI

357 313 467 359 quos
489 295 585 340 vult
602 295 753 339 audire
775 310 926 339 vocem
945 294 1085 338 laudis
1113 313 1120 339 :
1151 313 1168 334 «
1198 293 1354 337 Fuistis
1383 292 1498 336 enim
1521 290 1757 352 aliquando

365 390 381 410 »
419 367 613 411 tenebrae
629 403 639 421 ,
671 382 790 410 1111110
814 375 960 410 autem
984 364 1058 408 lux
1074 368 1103 408 ¹.
1135 386 1151 406 »
1174 364 1291 418 Qu-id
1323 373 1387 408 est
1412 379 1420 405 ε
1453 383 1469 403 «
1497 362 1656 407 Fuistis
1679 361 1758 406 ali-

363 460 379 480 »
416 437 595 499 quando
618 437 828 492 tenebrae,
851 457 868 478 »
896 436 977 479 nisi
994 445 1159 480 veteres
1182 436 1410 480 homines?
1430 454 1446 474 «
1466 437 1592 480 Nune
1613 442 1760 478 autem

363 530 380 551 »
416 508 490 552 lux
517 528 525 553 ε
554 528 570 549 »
593 524 682 552 non
706 508 797 551 sine
815 523 944 552 eausa
967 506 1042 550 lux
1063 506 1162 551 estis
1180 542 1190 561 ,
1217 507 1293 568 qui
1322 506 1462 549 fuistis
1477 506 1569 565 jam
1589 503 1761 549 dudum

357 580 573 633 tenebrae,
609 579 690 622 nisi
719 578 821 638 quia
844 577 1079 621 illuminati
1107 577 1219 621 estis.
1250 576 1348 622 Noli
1378 585 1530 636 putare
1554 585 1597 620 te
1618 576 1761 636 ipsum

359 666 449 695 esse
472 650 617 694 lucem
636 671 647 706 3
672 648 746 693 illa
767 658 831 693 est
855 649 930 692 lux
945 684 955 704 ,
982 665 1082 709 quae
1104 647 1321 692 illuminat
1345 662 1521 692 omnem
1538 646 1762 691 hominem

366 743 381 763 »
418 723 668 767 venientem
684 721 730 764 in
751 721 871 765 hune
891 720 1130 765 mundum²
1149 739 1157 765 :
1181 729 1263 764 »tu
1280 729 1426 764 autem
1446 735 1523 779 per
1541 728 1582 763 te
1600 719 1758 778 ipsum,

359 808 436 852 per
460 791 619 836 malam
640 791 916 837 voluntatem
933 827 943 846 ,
975 807 1053 851 per
1077 792 1345 836 aversionem
1367 800 1488 835 tuam
1512 790 1762 834 tenebratus

359 879 468 918 eras,
494 862 626 907 modo
649 862 783 907 luces.
813 863 898 908 Sed
921 863 1106 922 subjecit
1132 863 1302 917 statim,
1324 878 1379 906 ne
1401 861 1679 922 superbirent
1698 859 1763 904 illi

359 935 520 996 quibus
544 933 711 978 dietum
730 942 793 978 est
819 953 828 979 :
860 953 877 974 «
905 937 1033 978 Nune
1056 943 1205 978 autem
1221 932 1321 991 lux,
1347 954 1364 975 »
1391 942 1433 977 et
1456 931 1646 988 addidit,
1674 952 1691 972 κ
1712 935 1762 975 111

366 1029 382 1047 »
420 1006 620 1050 Domino.
647 1026 665 1047 »
696 1005 762 1050 Sic
781 1005 899 1048 0111111
919 1004 979 1048 ait
1007 1024 1015 1049 :
1049 1025 1066 1046 »
1095 1004 1256 1048 Fuistis
1285 1004 1522 1065 aliquando
1548 1003 1761 1058 tenebrae,

366 1100 382 1120 1)
419 1095 536 1123 1111110
554 1088 701 1123 autem
717 1077 795 1121 lux
816 1077 860 1121 in
883 1077 1085 1122 Domino.
1108 1080 1258 1135 »Ergo
1282 1077 1316 1120 si
1334 1085 1494 1136 praeter
1509 1076 1761 1130 Dominum,

361 1166 440 1194 nee
457 1149 534 1193 lux
552 1150 612 1194 :si
633 1158 781 1193 autem
803 1148 902 1193 ideo
919 1148 1009 1202 11111,
1032 1148 1133 1209 quia
1154 1148 1201 1191 in
1217 1147 1405 1192 Domino
1422 1168 1434 1206 3
1453 1166 1469 1187 «
1490 1146 1608 1200 Quid
1630 1146 1766 1191 habes

366 1243 383 1263 »
420 1221 542 1283 quod
564 1238 654 1266 non
677 1221 905 1281 accepisti?
938 1221 979 1265 Si
1002 1230 1150 1264 autem
1180 1220 1409 1279 accepisti,
1441 1218 1551 1279 quid
1572 1218 1766 1277 gloriaris

367 1314 384 1333 »
420 1293 544 1354 quasi
558 1309 647 1338 non
663 1292 904 1352 acceperis?
920 1312 936 1333 »
957 1293 1050 1335 Hoc
1063 1291 1182 1335 enim
1201 1291 1290 1350 ipse
1306 1289 1539 1350 Apostolus
1555 1288 1662 1334 dixit
1680 1288 1767 1334 alio

361 1365 460 1409 loco
482 1364 735 1409 hominibus
758 1362 1128 1423 superbientibus,
1145 1371 1188 1406 et
1207 1361 1458 1406 volentibus
1475 1361 1555 1404 sibi
1573 1361 1768 1404 tribuere

364 1436 486 1497 quod
508 1436 585 1480 Dei
606 1445 684 1489 est,
711 1444 752 1479 et
771 1435 826 1479 de
848 1435 964 1478 bono
987 1434 1046 1478 sio
1065 1433 1239 1492 gloriari
1261 1433 1385 1493 quasi
1409 1432 1464 1476 de
1486 1447 1582 1487 suo,
1603 1432 1686 1476 hoe
1708 1432 1767 1476 eis

365 1508 471 1553 dicit
487 1503 544 1552 1³⁶«.
571 1506 688 1561 Quid
720 1507 836 1551 enim
858 1507 992 1550 habes
1019 1504 1142 1567 quod
1164 1521 1254 1550 non
1287 1504 1523 1564 accepisti?
1549 1503 1592 1549 Si
1620 1513 1768 1548 autem

371 1600 389 1621 >›
426 1579 651 1639 accepisti,
686 1578 795 1639 quid
825 1577 1018 1637 gloriaris
1053 1576 1176 1637 quasi
1205 1591 1296 1621 non
1330 1574 1611 1635 acceperisss?
1637 1594 1655 1616 »
1683 1574 1769 1627 Qui

368 1649 490 1693 dedit
510 1649 695 1705 humili,
722 1647 866 1693 aufert
889 1648 1077 1708 superbo
1103 1667 1112 1693 2
1135 1647 1238 1708 quia
1261 1648 1339 1708 qui
1358 1646 1509 1701 dedit,
1535 1654 1678 1705 potest
1695 1661 1770 1689 au-

369 1719 496 1764 ferre.
529 1720 597 1764 Ad
627 1721 711 1765 hoc
744 1720 861 1763 enim
890 1719 1106 1779 pertinet,
1136 1716 1288 1761 fratres
1307 1753 1317 1773 ,
1354 1717 1388 1760 si
1414 1726 1563 1761 tamen
1592 1715 1770 1775 exposui

369 1790 491 1851 quod
511 1790 631 1835 volui
651 1812 661 1848 3
682 1789 859 1850 exposui
879 1800 1025 1833 autem
1038 1797 1255 1849 quantum
1273 1787 1413 1847 potui,
1432 1787 1510 1831 etsi
1530 1802 1619 1831 non
1632 1801 1771 1847 quan-

374 1872 466 1908 tum
486 1861 605 1906 volui
629 1881 637 1906 :
663 1862 719 1905 ad
742 1861 825 1905 1100
843 1859 1034 1920 pertinet
1056 1858 1177 1919 quod
1201 1859 1259 1903 ait
1285 1878 1293 1903 :
1325 1877 1342 1899 «
1370 1858 1547 1903 Lavabo
1570 1857 1616 1902 in
1638 1859 1770 1902 inno·
1831 1889 1833 1900 1

375 1955 393 1975 »
430 1933 631 1976 centibus
666 1947 821 1976 manus
860 1946 1003 1985 meas,
1041 1941 1085 1974 et
1126 1928 1408 1974 circumdabo
1445 1928 1579 1973 altare
1614 1938 1767 1984 tuum,

378 2026 394 2045 »
431 2005 637 2058 Domine,
660 2012 711 2048 ut
728 2002 905 2047 audiam
926 2017 1080 2046 vocem
1100 2000 1241 2049 laudis
1268 2010 1375 2046 tuae:
1397 2020 1413 2042 »
1432 2000 1477 2044 id
1499 2009 1583 2056 est,
1609 2016 1662 2044 ex
1679 2001 1771 2060 ipso

374 2075 492 2119 bono
517 2090 614 2119 meo
637 2090 727 2118 non
750 2075 805 2117 de
825 2088 895 2117 me
929 2087 1213 2133 praesumam,
1247 2070 1324 2116 sed
1350 2070 1405 2115 de
1426 2081 1467 2116 te
1488 2072 1565 2131 qui
1586 2070 1768 2126 dedisti,
1832 2070 1833 2117 ζ

374 2161 429 2189 ne
451 2144 621 2189 laudari
636 2144 768 2189 velim
791 2143 845 2187 de
867 2159 936 2187 me
954 2144 1000 2186 in
1022 2158 1106 2196 1110,
1127 2142 1200 2186 50(1
1220 2142 1274 2186 (10
1289 2151 1331 2186 te
1354 2142 1400 2186 in
1420 2151 1477 2186 te.
1500 2141 1605 2187 Ideo
1627 2141 1773 2202 sequi-

376 2226 447 2261 tur
469 2236 477 2260 2
503 2236 519 2256 «
544 2219 601 2260 Ut
624 2215 800 2260 audiam
817 2229 972 2259 vocem
990 2213 1132 2258 laudis
1157 2223 1243 2257 tuae
1258 2249 1269 2269 ,
1296 2222 1339 2258 et
1353 2228 1553 2258 enarrem
1572 2213 1772 2257 universa

382 2308 398 2327 »
434 2286 649 2330 mirabilia
675 2296 746 2330 tua
775 2306 783 2330 :
816 2306 832 2327 »
861 2301 951 2330 non
966 2300 1062 2328 mea
1078 2320 1089 2339 ,
1110 2283 1186 2328 sed
1204 2293 1293 2328 tua.

436 2360 539 2401 xil.
579 2360 630 2400 Et
657 2358 748 2416 jam
779 2355 947 2410 videte,
985 2354 1161 2409 fratres,
1194 2355 1341 2399 videte
1373 2363 1611 2398 amatorem
1645 2353 1772 2398 illum
1831 2380 1833 2392 v

378 2428 456 2472 Dei
473 2427 526 2471 de
548 2431 638 2471 Deo
652 2437 986 2487 1,110051111101110111
1000 2463 1010 2481 ,
1033 2426 1224 2486 positum
1246 2426 1358 2470 inter
1374 2426 1525 2480 malos,
1547 2435 1770 2484 rogantem
1830 2416 1833 2436 ³

382 2501 520 2541 Deum
556 2507 606 2541 ut
638 2514 725 2541 11011
749 2496 1060 2557 comperdatur
1092 2512 1192 2540 eum
1215 2496 1366 2550 malis,
1400 2497 1505 2556 quia
1529 2512 1618 2541 non
1652 2505 1770 2540 errat
1830 2503 1833 2542 7

433 2581 573 2624 ¹i·'.1›]w³.
597 2595 629 2619 v,
645 2585 676 2613 Η.
695 2601 735 2604 -—
754 2590 765 2600 ''
785 2586 876 2613 Jonu.
900 2594 921 2621 Ι,
949 2585 979 2613 1).
1002 2599 1043 2603 -
1058 2580 1070 2603 3
1089 2592 1099 2607 v
1125 2584 1198 2614 Cor.
1215 2593 1261 2619 ΠΙ,
1277 2592 1308 2623 7.
