1833 3284
273 214 515 242 ENAnnArrro
546 216 591 241 nv
625 213 829 242 PSALMUM
862 216 1032 253 xxxiii,
1067 215 1194 242 smmi.
1231 217 1262 241 1.
1363 204 1442 241 511

57 274 351 326 consulentes*
380 295 483 338 ergo
518 281 695 324 nomina
736 280 815 325 ista
834 316 845 336 ,
888 280 1135 325 invenimus
1171 279 1449 340 interpretari

54 351 313 397 Abimeleeh
330 387 342 408 ‚
374 351 513 396 Patris
545 353 630 396 mei
659 367 844 411 reguum
871 371 879 396 ε
915 361 959 396 et
980 351 1255 411 interpretari
1287 351 1446 406 Achis,

54 421 289 476 Quomodo
304 430 382 466 est.
405 425 510 467 Haec
529 422 706 467 nomina
725 421 1016 476 attendamus,
1032 421 1135 466 inde
1153 421 1307 481 incipit
1323 420 1450 466 nobis

54 494 212 555 aperiri
238 493 529 554 pulsantibus.
557 495 600 540 Si
620 494 801 555 quaeris,
834 492 953 547 Quid
975 503 1040 537 est
1060 493 1224 538 Achis?
1247 496 1449 553 Respon-

53 565 199 620 detur,
220 565 452 618 Quomodo
469 574 547 610 cst.
574 564 807 618 Quomodo
825 573 908 620 est,
928 564 1113 609 verbum
1139 574 1202 608 est
1225 563 1449 608 admiran-

53 636 139 691 tis,
162 645 206 681 et
225 652 316 681 non
335 635 630 695 intelligentis.
657 636 914 681 Abimelech
930 672 940 691 ‚
972 636 1111 681 Patris
1134 635 1221 679 mei
1237 650 1446 694 regnum:

55 706 214 763 David,
243 716 379 752 manu
406 706 542 752 fortis.
568 710 621 751 In
641 708 781 766 figura
802 707 961 752 Christi
988 706 1150 762 David,
1176 707 1286 751 sieut
1305 705 1450 750 Golias

55 778 101 822 in
118 777 259 837 figura
277 776 465 822 diaboli:
485 787 529 822 et
544 777 666 838 quod
689 777 827 822 David
850 777 1078 837 prostravit
1095 776 1286 832 Goliam,
1307 776 1453 822 Chris-

56 857 128 893 tus
148 858 214 892 est
229 847 306 909 qui
325 848 486 893 occidit
507 847 747 893 diabolum.
774 848 891 902 Quid
908 859 972 893 est
990 858 1135 893 autem
1155 849 1353 893 Christus
1375 847 1453 907 qui

58 919 284 964 diabolum
301 919 486 964 occidit?
508 919 726 964 humilitas
746 919 905 965 occidit
928 920 1192 980 superbiam.
1215 920 1329 964 Cum
1347 933 1452 978 ergo

58 992 281 1037 Christum
310 993 513 1047 nomino,
545 990 698 1036 fratres
720 991 831 1047 mei,
868 991 1052 1035 maxime
1084 991 1210 1035 nobis
1232 989 1454 1034 humilitas

57 1062 407 1108 commendatur.
419 1063 546 1107 Viam
559 1063 675 1107 enim
687 1062 812 1107 nobis
827 1061 929 1107 fecit
940 1077 1017 1122 per
1027 1060 1316 1105 humilitatem
1330 1081 1338 1105 :
1352 1059 1456 1120 quia

53 1149 136 1194 per
154 1134 405 1194 superbiam
422 1149 731 1178 recesseramus
749 1151 773 1178 a
795 1136 900 1188 Deo,
922 1133 1062 1177 redire
1085 1131 1140 1176 ad
1157 1147 1257 1175 eum
1276 1132 1357 1175 nisi
1378 1146 1456 1190 per

58 1204 351 1249 humilitatem
366 1220 455 1250 non
471 1214 738 1264 poteramus,
759 1213 803 1248 et
816 1219 948 1264 quem
962 1202 1088 1247 nobis
1104 1216 1456 1263 praeponeremus

60 1274 117 1320 ad
145 1275 432 1331 imitandum,
463 1291 554 1320 non
583 1275 872 1319 habebamus.
898 1274 1050 1318 Omnis
1078 1273 1193 1316 enim
1219 1271 1457 1317 mortalitas

61 1347 290 1392 hominum
308 1346 513 1407 superbia
530 1356 766 1390 tumuerat.
784 1345 877 1390 Etsi
890 1345 1089 1388 existeret
1110 1343 1264 1404 aliquis
1280 1342 1458 1388 humilis

59 1418 126 1462 vir-
141 1418 187 1461 in
201 1417 370 1477 spiritu,
395 1417 506 1461 sicut
522 1426 646 1461 erant
666 1417 912 1476 Prophetae‚
940 1415 1224 1470 Patriarchae‚
1247 1413 1460 1472 dedigna-

61 1487 193 1532 batur
213 1503 349 1547 genus
375 1488 619 1532 humanum
640 1487 800 1531 imitari
821 1486 1007 1531 humiles
1031 1486 1241 1530 homines.
1274 1487 1338 1529 Ne
1359 1499 1459 1542 ergo

61 1557 372 1617 dedignaretur
383 1559 516 1603 homo
533 1558 692 1603 imitari
704 1558 928 1603 hominem
945 1556 1174 1611 humilem,
1190 1559 1304 1601 Deus
1320 1554 1460 1600 factus

63 1639 129 1674 est
148 1629 351 1685 humilis,
378 1639 427 1674 ut
454 1629 525 1675 vel
546 1630 606 1674 sic
638 1628 840 1689 superbia
867 1628 1032 1687 generis
1053 1627 1237 1672 humani
1267 1640 1358 1672 non
1388 1626 1461 1671 de-

62 1701 318 1760 dignaretur
333 1701 455 1762 sequi
475 1701 655 1760 vestigia
673 1701 766 1746 Dei.

123 1774 177 1816 V.
204 1774 310 1816 Erat
331 1781 477 1816 autem
492 1807 504 1827 ,
523 1781 574 1816 ut
596 1773 751 1827 nostis,
772 1771 1033 1816 sacrificium
1055 1769 1311 1815 Judaeorum
1334 1778 1462 1813 antea

57 1842 308 1901 ‘secundum
328 1843 526 1888 ordinem
545 1847 691 1888 Aaron
713 1844 759 1887 in
780 1843 966 1888 victimis
988 1858 1197 1902 pecorum
1213 1877 1224 1896 ‚
1250 1851 1293 1886 et
1313 1842 1397 1885 hoc
1416 1840 1463 1885 in

64 1915 275 1973 mysterio
296 1935 305 1960 z
331 1914 532 1959 nondum
560 1925 652 1959 erat
673 1915 928 1959 sacrificium
958 1914 1150 1973 corporis
1174 1922 1217 1957 et
1238 1912 1463 1971 sanguinis

66 1986 256 2041 Domini,
271 1985 393 2046 quod
413 1985 563 2030 fideles
580 1996 759 2040 norunt⁷
777 1996 819 2030 et
837 1985 913 2046 qui
933 1984 1223 2044 Evangelium
1239 1983 1459 2042 legerunt,

66 2056 189 2117 quod
220 2056 479 2101 sacrificium
510 2073 628 2101 nunc
664 2056 873 2101 diffusum
897 2066 959 2100 est
981 2065 1074 2100 toto
1097 2055 1205 2099 ordo
1228 2065 1457 2099 terrarum.

65 2128 304 2188 Proponite
330 2142 434 2187 ergo
455 2127 578 2172 vobis
600 2137 700 2172 ante
731 2127 879 2172 oculos
908 2127 998 2171 duo
1022 2126 1229 2171 sacrificia
1247 2161 1257 2181 ‚
1279 2135 1323 2170 et
1353 2124 1466 2169 illud

68 2198 313 2244 secundum
336 2199 544 2243 'ordinem
575 2203 723 2244 Aaron
744 2235 754 2255 ⁷
791 2209 835 2244 et
859 2200 951 2243 hoc
988 2197 1231 2243 secundum
1268 2196 1466 2242 ordinem

69 2268 406 2315 Melchisedech.
435 2270 653 2329 Scriptum
675 2280 739 2314 cst
771 2270 887 2314 enim
914 2289 923 2314 :
958 2289 978 2312 «
999 2269 1169 2313 Juravit
1191 2269 1401 2313 Dominus
1424 2276 1468 2311 et

73 2359 94 2383 n
130 2356 221 2386 non
240 2341 475 2401 poenitebit
497 2357 620 2397 eum,
641 2351 692 2385 tu
713 2357 756 2385 es
776 2339 973 2386 sacerdos
996 2340 1043 2384 in
1071 2350 1285 2385 aeternum
1308 2353 1467 2382 secun-

75 2430 97 2454 »
131 2411 243 2457 dum
267 2411 467 2456 ordinem
494 2411 816 2458 Melchisedech
836 2415 865 2454 1.
895 2431 914 2453 n
940 2414 1002 2456 De
1025 2427 1114 2472 quo
1134 2410 1293 2454 dicitur
1319 2428 1328 2454 ι
1357 2427 1378 2451 «
1402 2411 1470 2453 Tu

76 2501 99 2524 »
133 2498 178 2526 es
201 2483 401 2528 sacerdos
428 2483 476 2527 in
504 2493 717 2528 aeternum
747 2481 989 2528 secundum
1016 2481 1216 2527 ordinem
1236 2479 1468 2527 Melchise-

124 2575 133 2592 ¹
159 2568 239 2602 Psal.
257 2580 321 2612 mx,
340 2568 372 2612 4.
