1833 3284
340 220 422 259 194
765 233 797 258 s.
833 230 1063 259 Aucus'nm
1095 233 1276 261 Eriscom

331 298 540 358 quoniam
562 298 642 357 ipsi
663 298 863 342 homines
885 314 975 343 non
992 298 1050 343 ob
1072 298 1192 343 aliud
1214 300 1344 344 boves
1372 298 1478 344 dicti
1500 307 1617 354 sunt,
1643 299 1725 342 nisi

329 367 447 429 quod
477 367 815 426 evangelizando
843 369 1029 413 verbum
1057 369 1134 413 Dei
1161 369 1351 428 Angelos
1373 369 1622 424 imitantur,
1652 368 1725 412 ubi

331 438 497 483 dictum
521 449 607 484 est:
634 458 654 481 «
669 440 775 484 Bovi
792 440 1014 484 trituranti
1030 456 1076 484 os
1095 456 1183 484 non
1201 441 1442 485 infrenabis
1458 443 1487 484 ¹.
1507 459 1528 481 »
1549 443 1725 493 Quanto

331 510 465 569 igitur
482 509 651 555 facilius
672 511 785 571 ipsos
812 510 1001 570 Angelos
1028 512 1204 556 nuntios
1226 512 1440 567 veritatis,
1464 511 1593 556 boves
1612 511 1725 555 acci-

329 581 501 641 pimus,
529 581 707 642 quando
742 581 1031 640 Evangelistae
1064 583 1396 642 participatione
1429 582 1616 626 nominis
1648 597 1725 626 eo—

331 668 452 708 rum,
481 655 610 698 boves
631 653 775 697 vocati
797 655 956 697 sunt'2?
982 673 1002 695 «
1026 654 1257 715 Subjecisti
1287 669 1388 712 ergo
1404 690 1414 708 ,
1436 653 1600 714 inquit,
1626 667 1726 697 oves

332 743 353 765 »
389 733 432 768 et
450 724 583 769 boves
600 725 837 780 universas,
861 744 880 766 »
906 724 951 770 id
974 735 1052 780 est,
1079 742 1254 769 omnem
1278 735 1470 770 sanctam
1489 724 1725 785 spiritalem

328 805 572 840 creaturam
592 816 600 841 :
627 797 672 840 in
695 812 781 857 qua
801 796 931 841 etiam
950 807 1198 841 sanctorum
1218 798 1447 841 hominum
1469 796 1722 855 accipimus,

328 867 405 927 qui
436 876 538 911 sunt
567 867 613 910 in
635 867 851 923 Ecclesia,
877 868 923 911 in
945 868 1029 912 illis
1052 868 1255 912 videlicet
1278 868 1592 921 torcularibus,
1624 882 1724 927 quae

328 938 410 981 sub
434 937 515 982 alia
533 938 816 983 similitudine
835 939 951 983 lunae
969 955 1017 983 ac
1040 938 1265 983 stellarum
1285 939 1503 983 insinuata
1525 946 1641 982 sunt.

387 1011 515 1053 XIII.
551 1029 571 1052 «
599 1014 802 1070 Insuper,
826 1011 905 1065 ait,
928 1019 971 1055 et
993 1027 1149 1071 pecora
1179 1011 1335 1070 campi.
1372 1029 1392 1051 »
1426 1009 1558 1056 Nullo
1589 1009 1726 1055 modo

330 1088 476 1134 vacat,
491 1081 613 1140 quod
630 1080 828 1147 additum
847 1090 932 1136 est,
954 1101 973 1123 «
995 1085 1192 1142 Insuper.
1214 1100 1234 1123 »
1252 1082 1422 1137 Primo,
1446 1082 1549 1141 quia
1568 1096 1727 1141 pecora

330 1151 473 1210 campi
496 1162 679 1211 possunt
700 1151 887 1212 intelligi
912 1162 956 1197 et
978 1169 1079 1198 oves
1101 1162 1144 1197 et
1164 1154 1297 1198 boves
1320 1173 1328 1198 ε
1354 1163 1404 1197 ut
1427 1153 1461 1196 si
1483 1154 1659 1212 rupium
1682 1161 1727 1196 et

331 1221 570 1266 arduorum
587 1222 785 1268 locorum
806 1239 963 1284 pecora
985 1240 1126 1284 caprae
1147 1234 1272 1279 sunt,
1295 1224 1407 1268 bene
1425 1223 1727 1283 intelligantur

333 1306 434 1336 oves
454 1308 610 1351 pecora
625 1294 782 1353 campi.
803 1314 819 1334 «
839 1297 994 1355 Itaque
1012 1295 1179 1338 etiamsi
1191 1295 1250 1338 ita
1265 1294 1456 1354 positum
1471 1303 1593 1349 esset,
1613 1296 1726 1338 Oves

334 1380 354 1402 »
387 1371 430 1406 et
444 1362 576 1407 boves
594 1365 814 1408 universas
831 1374 874 1408 et
894 1380 1050 1425 pecora
1078 1366 1245 1424 campi:
1269 1384 1289 1405 ³>
1313 1374 1429 1408 recte
1448 1373 1725 1424 quaereretur
1788 1362 1790 1365 ’

331 1433 440 1494 quid
462 1434 543 1478 sibi
563 1435 729 1480 vellent
748 1452 906 1495 pecora
929 1437 1086 1497 campi,
1112 1452 1214 1481 cum
1246 1437 1375 1480 etiam
1407 1451 1507 1480 oves
1530 1445 1573 1479 et
1594 1436 1725 1479 boves

330 1504 416 1550 hoc
438 1506 602 1565 possint
627 1506 827 1566 intelligi.
854 1506 985 1561 Quod
1005 1524 1109 1552 vero
1127 1507 1327 1552 additum
1352 1516 1415 1551 est
1436 1507 1563 1550 etiam
1577 1542 1587 1561 ,
1615 1526 1635 1548 «
1657 1510 1728 1550 In-

336 1594 356 1616 »
392 1592 543 1636 super,
581 1595 601 1618 »
637 1578 750 1637 cogit
782 1579 962 1623 omnino
995 1579 1051 1623 ad
1083 1579 1228 1623 nescio
1263 1592 1395 1639 quam
1431 1577 1726 1622 differentiam

332 1647 694 1705 cognoscendam.
734 1647 818 1692 Sed
851 1649 932 1693 sub
963 1649 1048 1693 hoc
1083 1650 1219 1694 verbo
1251 1649 1372 1710 quod
1410 1650 1601 1710 positum
1638 1657 1722 1703 est,

338 1736 358 1759 ‹<
394 1721 593 1778 Insuper,
617 1737 637 1759 »
658 1734 748 1762 non
770 1718 911 1763 solum
929 1735 1086 1779 pecora
1104 1720 1262 1779 campi,
1284 1719 1359 1764 sed
1378 1721 1508 1764 etiam
1526 1718 1726 1763 volucres

331 1788 449 1844 coeli,
475 1798 518 1833 et
539 1790 676 1849 pisces
697 1791 840 1845 maris,
867 1791 943 1851 qui
966 1790 1274 1850 perambulant
1294 1792 1465 1836 semitas
1489 1791 1633 1845 maris,
1658 1805 1726 1834 ac-

330 1860 521 1920 cipiendi
551 1870 667 1905 sunt.
694 1864 802 1914 Quae
835 1870 897 1906 est
929 1861 1063 1921 igitur
1091 1862 1170 1906 ista
1203 1861 1441 1906 distantia?
1464 1862 1654 1906 Veniant
1680 1861 1726 1905 in

331 1941 523 1976 mentem
551 1931 806 1986 torcularia,
832 1932 1037 1977 habentia
1070 1933 1237 1978 vinacia
1269 1943 1313 1977 et
1333 1934 1512 1989 vinum,
1537 1942 1580 1976 et
1602 1948 1721 1987 area,

329 2003 558 2048 continens
600 2002 743 2063 paleas
777 2012 821 2047 et
854 2002 1183 2062 frumentum³3
1216 2013 1259 2049 et
1287 2005 1415 2060 retia,
1459 2004 1619 2064 quibus
1658 2004 1727 2047 in-

331 2074 440 2118 clusi
474 2083 577 2117 sunt
599 2074 736 2133 pisces
762 2074 868 2119 boni
891 2084 934 2119 et
955 2075 1083 2119 mali⁴
1107 2095 1117 2131 3
1143 2091 1240 2120 arca
1261 2078 1377 2130 Noe,
1405 2084 1448 2119 et
1470 2076 1515 2118 in
1536 2091 1623 2135 qua
1639 2074 1727 2117 im-

328 2144 496 2189 munda
528 2154 571 2189 et
596 2144 761 2189 munda
796 2154 919 2190 erant
953 2145 1213 2190 animalia⁵z
1246 2155 1288 2189 et
1321 2144 1488 2189 videbis
1511 2143 1724 2189 Ecclesias

327 2215 502 2260 interim
524 2216 608 2260 hoc
631 2225 830 2276 tempore
851 2232 990 2277 usque
1012 2215 1067 2259 ad
1100 2214 1306 2260 ultimum
1335 2215 1491 2276 judicii
1525 2224 1720 2274 tempus,

326 2301 417 2330 non
434 2286 577 2331 solum
599 2302 699 2331 oves
722 2296 765 2330 et
786 2287 920 2332 boves
941 2287 1186 2341 continere,
1212 2286 1258 2331 id
1289 2296 1374 2342 est,
1397 2296 1566 2331 sanctos
1588 2286 1724 2330 laicos

326 2367 371 2402 et
390 2367 560 2403 sanctos
581 2358 816 2414 ministros,
838 2358 937 2415 sed,
963 2377 982 2400 «
1007 2362 1190 2418 Insuper
1214 2367 1257 2403 et
1279 2373 1436 2418 pecora
1458 2358 1622 2418 campi,
1642 2373 1723 2402 vo-

327 2446 347 2470 »
383 2428 524 2473 lucres
559 2428 657 2473 coeli
681 2438 725 2473 et
751 2429 887 2489 pisces
923 2429 1074 2484 maris,
1101 2429 1177 2489 qui
1206 2428 1516 2489 perambulant
1546 2428 1720 2473 semitas

375 2531 383 2547 ¹
402 2527 493 2557 Deut.
514 2535 594 2565 xxv,
615 2523 646 2566 4.
666 2542 707 2547 —
724 2531 735 2546 ²
755 2536 766 2557 1
787 2528 858 2565 Cor.
880 2536 911 2557 ix
927 2551 934 2567 ,
953 2536 987 2568 9,
1012 2529 1044 2557 et
1063 2536 1072 2556 1
1094 2525 1176 2557 Tim.
1198 2537 1229 2567 v,
1253 2525 1303 2558 18.
1325 2543 1366 2548 —
1388 2523 1400 2547 3
1416 2528 1502 2557 Marc
1537 2536 1582 2566 m,
1603 2534 1654 2557 12.
1679 2542 1719 2547 ——

323 2579 470 2612 mmuh.
492 2592 559 2621 xm,
580 2579 631 2622 47.
657 2597 697 2602 —-
715 2579 728 2603 5
748 2584 825 2613 Gen.
849 2593 905 2621 vn,
925 2581 955 2613 8.
