1833 3284
390 284 470 324 144
812 292 845 320 s.
884 293 1115 320 Auensrim
1151 294 1330 321 El‘lscot‘i

385 369 510 404 rectae
531 357 830 417 intelligentiae
853 357 1063 401 sustinere
1087 372 1176 402 non
1200 365 1395 417 possunt.
1422 359 1538 414 Ergo
1553 363 1597 399 et
1617 355 1693 414 qui
1714 355 1779 399 vi-

364 431 490 488 ‚dent
527 428 789 489 aliquando,
829 427 873 472 id
906 437 993 483 est,
1031 428 1107 488 qui
1140 443 1294 472 verum
1324 425 1600 484 intelligunt,
1632 434 1779 469 tamen

385 501 529 546 adhue
557 500 705 560 injusti
727 510 850 555 sunt,
877 515 966 544 non
995 498 1057 543 ibi
1078 508 1337 559 permanent
1376 496 1564 542 amando
1597 513 1646 541 ea
1680 512 1780 557 quae

384 582 587 617 avertunt
619 588 643 616 a
677 587 795 617 vero.
833 572 1001 614 Gerunt
1033 571 1149 614 enim
1171 585 1317 614 secum
1350 585 1473 614 suam
1509 577 1708 623 noctem,
1734 566 1780 612 id

384 652 470 700 est,
505 659 595 688 non
619 643 760 687 solum
783 640 1145 687 consuetudinem
1162 677 1172 697 ‚
1197 641 1273 686 sed
1301 641 1432 685 etiam
1462 655 1654 685 amorem
1675 654 1780 699 pee-

384 715 527 760 eandi.
555 718 664 768 Quae
692 729 800 769 11οΧ,
826 713 861 758 si
894 713 1135 768 transierit,
1160 712 1206 756 id
1228 722 1317 768 est,
1348 713 1382 756 si
1404 727 1583 772 peceare
1604 711 1783 756 destite-

385 786 499 840 rint,
532 794 576 829 et
612 785 703 844 ipse
736 800 857 828 amor
890 793 1022 845 atque
1056 783 1329 828 consuetudo
1362 783 1510 841 fugata
1539 782 1699 837 fuerit,
1732 782 1783 826 fit

386 871 512 901 mane
529 892 539 911 ‚
564 856 625 901 ita
647 865 698 900 ut
715 871 805 900 non
827 855 968 900 solum
992 854 1264 915 intelligant,
1297 856 1374 900 sed
1394 855 1524 899 etiam
1541 853 1784 898 inhaereant

384 927 570 973 veritati.

446 1002 544 1043 vll.
567 997 742 1043 «Odisti
764 1013 914 1042 omnes
932 998 1008 1058 qui
1026 997 1566 1058 operanturiniquitatem.
1585 994 1784 1040 »Odium

389 1071 467 1115 Dei
490 1085 542 1113 ex
562 1068 634 1113 illa
656 1068 878 1114 locutione
897 1067 1232 1126 intelligendum
1256 1077 1319 1112 est
1335 1103 1345 1121 ‚
1367 1084 1453 1128 qua
1472 1066 1565 1112 odit
1581 1075 1784 1126 peccator

387 1142 573 1202 quisque
594 1141 836 1186 veritatem.
856 1139 1041 1184 Videtur
1058 1140 1174 1183 enim
1192 1137 1314 1201 quod
1333 1148 1375 1183 et
1398 1138 1471 1183 illa
1489 1138 1598 1193 odit,
1611 1153 1720 1198 quos
1739 1138 1784 1181 in

387 1228 430 1256 se
444 1227 620 1256 manere
633 1227 722 1256 non
745 1211 861 1255 sinit.
880 1213 977 1256 Non
995 1219 1141 1254 autern
1156 1219 1350 1265 manent,
1368 1210 1444 1269 qui
1459 1224 1555 1253 eam
1573 1209 1784 1252 sustinere

387 1299 477 1328 non
499 1282 661 1328 valent.
693 1301 713 1324 «
734 1280 888 1326 Perdes
912 1296 1062 1326 omnes
1085 1281 1161 1341 qui
1182 1281 1428 1342 loquuntur
1445 1277 1738 1324 mendacium.
1760 1297 1780 1320 »

388 1358 482 1399 Hoc
507 1354 623 1398 enim
649 1363 712 1398 est
733 1353 906 1399 veritati
932 1353 1215 1398 eontrarium.
1251 1351 1335 1397 Sed
1357 1367 1413 1396 ne
1433 1351 1529 1412 quis
1554 1359 1681 1411 putet
1703 1349 1783 1394 ali-

387 1441 520 1486 quam
542 1425 830 1469 substantiam
854 1424 925 1469 vel
953 1423 1150 1468 daturam
1183 1423 1351 1468 veritati
1379 1438 1469 1467 esse
1490 1423 1751 1467 contrariam
1770 1457 1781 1477 ‚

386 1495 602 1555 intelligat
625 1494 682 1540 ad
702 1495 748 1539 id
770 1494 892 1556 quod
912 1511 1002 1539 11011
1024 1504 1087 1539 est
1116 1495 1335 1554 pertinere
1362 1493 1640 1538 mendacium
1658 1529 1669 1549 ‚
1695 1508 1786 1537 non

388 1568 444 1612 ad
465 1566 510 1611 id
533 1566 655 1627 quod
677 1576 755 1611 est.
782 1567 826 1612 Si
848 1566 965 1610 enim
978 1566 1073 1611 'hoc
1106 1565 1264 1610 dieitur
1286 1565 1408 1626 quod
1429 1574 1516 1621 est,
1541 1581 1693 1610 verum
1715 1563 1784 1609 di-

387 1639 532 1683 citur:
568 1638 602 1682 si
624 1647 771 1682 autem
800 1639 886 1682 hoe
919 1636 1080 1680 dicitur
1107 1636 1230 1698 quod
1263 1653 1354 1681 non
1387 1646 1475 1692 est,
1507 1635 1786 1680 mendacium
1826 1667 1831 1671 -

388 1719 466 1755 est.
492 1709 597 1754 Ideo
620 1710 764 1770 inquit
790 1728 799 1753 ι
830 1728 849 1751 «
875 1708 1034 1753 Perdes
1063 1724 1214 1753 omnes
1237 1709 1313 1769 qui
1334 1708 1580 1769 loquuntur
1604 1706 1787 1752 menda-

392 1800 412 1822 »
447 1781 565 1825 cium
593 1800 601 1825 ;
631 1799 650 1822 n
677 1781 780 1841 quia
802 1780 1055 1824 recedentes
1079 1779 1134 1823 ab
1167 1795 1219 1823 eo
1248 1778 1369 1839 quod
1391 1789 1481 1834 est,
1513 1779 1569 1823 ad
1596 1777 1642 1823 id
1665 1778 1787 1839 quod

389 1867 479 1896 non
498 1860 562 1895 est
578 1850 869 1895 declinantur.
884 1850 1024 1895 Multa
1042 1850 1221 1910 quidem
1236 1849 1440 1895 videntur
1454 1865 1533 1909 pro
1551 1849 1689 1893 salute
1711 1858 1788 1893 aut

390 1921 623 1967 commodo
646 1921 858 1982 alicujusg
882 1937 970 1966 non
994 1920 1156 1966 malitia
1171 1957 1182 1976 ‚
1208 1920 1284 1965 sed
1308 1921 1576 1980 benignitate
1601 1919 1785 1964 menda-

389 1993 453 2037 cia
479 2012 487 2037 :
514 1992 643 2053 quale
666 1991 841 2035 illarum
857 1992 903 2035 in
928 1990 1080 2036 Exodo
1108 1991 1393 2036 obstetricum
1409 2027 1419 2046 ‚
1446 2007 1545 2052 quae
1571 1990 1787 2035 Pharaoni

389 2063 549 2108 falsum
580 2063 988 2118 renuntiaverunt¹,
1017 2071 1067 2106 ut
1098 2061 1286 2106 infantes
1313 2062 1504 2106 filiorum
1531 2061 1663 2106 Isra'e'l
1696 2077 1787 2106 non

393 2145 670 2180 necarentur.
695 2133 780 2180 Sed
802 2135 932 2179 etiam
958 2134 1038 2179 ista
1055 2150 1145 2178 non
1166 2149 1234 2189 re,
1259 2134 1335 2178 sed
1351 2132 1498 2178 indole
1519 2133 1757 2178 laudantur
1776 2152 1784 2178 ;

392 2208 600 2269 quoniam
623 2207 699 2268 qui
721 2216 891 2251 tantum
914 2207 997 2251 1100
1027 2206 1158 2251 modo
1182 2207 1471 2261 mentiuntur,
1497 2206 1787 2250 merebuntur

392 2278 629 2339 aliquando
647 2279 701 2323 ab
724 2278 843 2323 omni
864 2277 1092 2322 mendacio
1114 2277 1305 2322 liberari.
1326 2280 1437 2323 Nam
1459 2277 1504 2321 in
1519 2276 1585 2321 his
1600 2278 1676 2338 qui
1694 2293 1788 2337 per-

392 2349 495 2394 fecti
517 2358 641 2404 sunt,
659 2364 739 2393 nec
757 2349 837 2393 ista
851 2348 1076 2393 mendacia
1100 2348 1400 2393 inveniuntur.
1428 2348 1598 2401 Quibus
1619 2348 1786 2392 dictum

393 2430 457 2465 est
475 2441 482 2464 :
514 2440 533 2462 ‹<
561 2421 623 2465 Sit
639 2420 685 2464 in
707 2436 781 2465 ore
798 2429 940 2464 vestro
958 2423 1060 2464 :Est
1080 2428 1166 2477 est3
1191 2435 1296 2475 non,
1318 2434 1408 2464 non
1428 2434 1437 2460 z
1457 2418 1675 2480 quidquid
1693 2434 1787 2463 am-

399 2511 417 2533 »
452 2491 564 2551 plius
589 2501 666 2547 est,
685 2508 707 2535 a
722 2491 837 2536 malo
854 2495 959 2535 est‘2.
982 2509 1002 2532 »
1026 2493 1113 2536 Nec
1129 2491 1345 2535 immerito
1359 2490 1443 2535 alio
1459 2490 1558 2536 loeo
1574 2490 1785 2550 seriptum

394 2572 458 2607 est
477 2582 486 2607 ·.
514 2582 533 2603 ‹<
558 2564 616 2607 Os
630 2563 753 2623 quod
775 2562 1000 2618 mentitur,
1021 2560 1181 2607 oceidit
1202 2563 1418 2606 animam3
1439 2581 1449 2607 z
1475 2579 1495 2604 »
1521 2577 1576 2607 110
1598 2561 1694 2622 quis
1716 2577 1786 2606 ar·-

445 2649 616 2690 ¹1310d.1‚
640 2659 692 2691 ¹9·
711 2665 752 2672 ·-
775 2654 788 2672 ²
806 2648 922 2681 matth.
939 2659 971 2690 v,
991 2648 1043 2690 ὃς.
1066 2664 1108 2671 --
1128 2645 1142 2671 3
1160 2649 1234 2690 Sap.
1255 2659 1280 2690 1,
1300 2658 1350 2680 11.
