1833 3284
246 250 489 281 ENARRATIO
523 254 553 279 11
588 253 632 280 ΙΝ
667 250 870 280 PsALMuM
903 255 1015 292 xxx,
1051 252 1177 281 SERM.
1214 256 1244 281 1.
1352 243 1435 282 399

44 316 200 361 claude
218 319 399 378 januam
423 316 670 378 cupiditatis
692 328 843 363 contra
874 334 1086 373 errorem,
1118 329 1168 364 tu
1189 318 1344 364 claude
1363 313 1435 381 jass

43 401 177 431 nuam
199 387 368 432 timoris
388 397 537 433 contra
562 398 789 444 terrorem,
815 399 857 433 et
879 388 1074 433 educeris
1096 389 1151 434 de
1172 390 1431 450 muscipula.

43 458 304 518 Hujusmodi
331 473 492 518 pugnae
520 458 768 519 exemplum
803 459 894 518 ipse
921 459 1002 502 tibi
1033 462 1274 519 Imperator
1306 469 1432 515 tuus,

0 524 3 543 ‘
42 529 118 590 qui
138 539 318 589 propter
337 538 381 573 te
403 529 533 574 etiam
551 531 707 574 tentari
721 529 922 588 dignatus
937 539 1016 585 est,
1032 531 1079 574 in
1101 546 1144 575 se
1161 531 1434 576 demonstra-

0 600 1 605 ’
40 598 116 643 vit.
148 602 205 643 Et
228 599 366 659 primo
400 609 592 644 tentatus
619 610 682 644 est
709 599 952 658 illecebris3
986 600 1087 661 quia
1111 610 1277 646 tentata
1303 602 1433 645 estin

40 668 116 714 illo
134 670 268 730 janua
288 668 540 730 ‘cupiditatis
556 706 566 726 ,
599 669 778 731 quando
802 686 902 714 eum
934 671 1118 716 tentavit
1143 670 1345 716 diabolus
1366 671 1434 716 di-

41 755 141 785 cens
168 760 176 785 :
206 760 226 783 «
251 741 329 785 Dic
359 740 578 801 lapidibus
611 742 700 785 istis
723 750 773 785 ut
793 756 927 800 panes
949 742 1072 785 fiant.
1098 742 1243 786 Adora
1266 758 1337 786 me
1353 778 1363 797 ,
1389 751 1433 786 et

42 828 63 852 n
98 809 214 855 dabo
236 811 317 855 tibi
338 827 470 870 regna
493 812 587 856 ista.
613 812 738 856 Mitte
761 821 803 855 te
833 811 1035 855 deorsum
1053 847 1063 867 ‚
1094 812 1198 872 quia
1221 814 1432 873 scriptum

42 899 63 923 »
99 891 162 926 est
188 902 196 926 :
233 883 344 936 Quia
365 882 542 942 Angelis
567 883 652 928 suis
675 883 900 927 mandavit
921 882 976 927 de
1003 892 1045 928 te
1062 919 1072 937 ,
1099 893 1142 927 et
1163 884 1209 927 in
1231 884 1433 929 manibus

42 970 63 994 ³>
98 952 253 997 tollent
289 962 362 1006 te,
399 969 454 997 ne
482 954 660 1014 quando
700 952 897 998 offendas
940 953 994 997 ad
1041 953 1230 1013 lapidem
1275 954 1433 1014 pedem

41 1039 62 1063 »
97 1026 266 1067 tuum1.
294 1042 314 1065 η
339 1024 490 1068 Omnis
525 1024 620 1068 haec
641 1023 843 1068 illecebra
871 1023 1155 1083 cupiditatem
1187 1033 1342 1068 tentat.
1376 1028 1434 1069 At

38 1093 116 1137 ubi
138 1093 327 1139 clausam
343 1096 521 1155 januam
548 1095 714 1138 invenit
735 1094 983 1154 cupiditatis
999 1095 1045 1138 in
1063 1110 1113 1138 eo
1136 1095 1211 1155 qui
1238 1095 1433 1139 tentaba-

38 1171 110 1207 tur
131 1179 210 1223 pro
233 1164 375 1220 nobis,
402 1165 615 1209 convertit
633 1180 677 1208 se
694 1164 748 1208 ad
770 1164 1025 1208 tentandam
1042 1166 1223 1226 januam
1249 1165 1428 1220 timoris,

38 1243 82 1278 et
102 1235 360 1295 praeparavit
385 1234 445 1278 illi
468 1235 727 1294 passionem.
762 1236 957 1296 Denique
988 1237 1072 1280 hoc
1100 1235 1207 1279 dicit
1228 1238 1433 1295 Evange-

37 1303 134 1349 lista
157 1325 166 1350 ι
196 1324 215 1347 ‹<
242 1308 298 1349 Et
319 1315 618 1350 consummata
650 1305 917 1360 tentatione,
948 1305 1149 1350 diabolus
1184 1307 1355 1350 recessit
1378 1306 1447 1350 ab

40 1393 61 1416 »
97 1391 148 1420 eo
176 1375 231 1420 ad
253 1385 424 1436 tempus
439 1379 472 1419 ².
497 1395 517 1416 η
545 1375 661 1429 Quid
679 1386 763 1430 est,
792 1395 812 1417 «
840 1376 909 1420 Ad
930 1378 1133 1436 tempus?
1158 1394 1178 1417 »
1205 1379 1432 1437 Tanquam

36 1445 256 1490 rediturus
277 1456 320 1491 et
336 1456 582 1491 tentaturus
598 1448 777 1507 januam
796 1447 959 1491 timoris
978 1483 988 1503 ,
1015 1448 1117 1508 quia
1147 1447 1338 1492 clausam
1361 1448 1431 1490 in-

35 1516 155 1560 venit
168 1517 347 1576 januam
371 1517 636 1576 cupiditatis.
665 1520 824 1561 Totum
846 1532 947 1575 ergo
973 1533 1129 1577 corpus
1148 1517 1307 1562 Christi
1330 1526 1429 1561 ten-

36 1594 155 1630 tatur
178 1602 316 1647 usque
349 1587 394 1630 in
426 1588 575 1630 finem.
614 1590 783 1631 Fratres
818 1588 927 1642 mei,
963 1588 1141 1648 quando
1170 1590 1341 1648 jussum
1367 1596 1432 1631 est

35 1656 181 1701 nescio
203 1656 311 1717 quid
333 1667 482 1702 contra
505 1658 772 1703 Christianos
790 1658 892 1702 mali
910 1694 921 1713 ,
950 1657 1079 1702 simul
1104 1659 1432 1718 impingebatur

35 1726 120 1772 hoc
150 1743 335 1788 corpus,
374 1737 519 1772 totum
550 1728 905 1788 impingebatur:
934 1728 1051 1773 unde
1075 1728 1242 1774 dictum
1273 1738 1364 1773 erat
1384 1729 1431 1772 in

28 1798 208 1844 -Psalmo
230 1819 238 1844 :
270 1818 290 1842 «
315 1802 541 1861 Tanquam
559 1799 762 1844 cumulus
778 1816 920 1845 arenae
942 1800 1154 1860 impulsus
1172 1816 1268 1845 sum
1290 1810 1340 1845 ut
1362 1816 1431 1844 ca-

40 1887 61 1910 »
96 1868 244 1914 dercm
260 1906 271 1926 ,
296 1880 339 1915 et
373 1871 584 1916 Dominus
605 1872 794 1930 suscepit
816 1874 924 1915 me³.
955 1891 974 1912 »
1001 1875 1059 1915 At
1080 1872 1156 1915 ubi
1185 1872 1307 1915 finita
1329 1880 1431 1915 sunt

36 1939 133 1998 illa,
163 1958 263 2002 quae
291 1952 434 1987 totum
467 1958 623 2002 corpus
651 1942 955 2001 impingebant
976 1951 1026 1986 ut
1065 1943 1262 1997 caderet,
1295 1941 1431 2002 coepit

36 2013 221 2057 tentatio
253 2029 342 2057 esse
374 2029 451 2073 per
483 2022 641 2073 partes.
678 2016 887 2057 Tentatur
918 2029 1075 2072 corpus
1116 2013 1302 2068 Christi,
1344 2028 1432 2056 una

36 2082 227 2127 Ecclesia
245 2099 335 2128 non
357 2083 521 2144 patitur
542 2083 907 2144 persecutionem,
928 2083 1009 2127 alia
1031 2083 1210 2143 patitur.
1237 2086 1335 2128 Non
1356 2099 1433 2143 pa-

36 2153 145 2197 titur
166 2152 356 2199 furorem
382 2153 676 2214 imperatoris,
703 2153 779 2198 sed
815 2154 981 2214 patitur
1004 2153 1198 2198 furorem
1219 2154 1321 2198 mali
1348 2169 1431 2213 po-

37 2223 147 2284 puli.
169 2227 352 2277 Quantae
372 2226 633 2270 vastationes
655 2241 675 2268 a
695 2224 924 2285 plebibus?
941 2227 1113 2278 Quanta
1131 2223 1243 2269 mala
1266 2224 1431 2282 ingesta

37 2304 142 2339 sunt
161 2293 366 2340 Ecclesiae
389 2311 413 2340 a
435 2295 558 2340 malis
588 2295 863 2350 Christianis,
896 2296 950 2339 ab
974 2295 1032 2338 eis
1056 2295 1132 2356 qui
1155 2295 1270 2355 capti
1291 2295 1336 2338 in
1356 2293 1431 2340 illo

37 2364 248 2411 retiaculo
265 2401 276 2421 ,
302 2375 392 2410 tam
414 2365 692 2426 multiplicati
721 2374 847 2420 sunt,
882 2375 931 2409 ut
959 2374 1207 2425 premerent
1233 2380 1365 2409 naves
1385 2365 1432 2409 in

37 2435 276 2496 piscatione
299 2435 373 2481 illa
397 2436 571 2481 Domini
586 2445 686 2480 ante
707 2436 974 2496 passionem⁴
994 2437 1012 2479 P
1031 2439 1129 2481 Non
1147 2451 1250 2495 ergo
1273 2435 1433 2480 desunt

40 2520 251 2565 pressurae
287 2507 554 2551 tentationis.
586 2509 724 2552 Nemo
755 2507 837 2551 sibi
863 2505 980 2550 dicat
1008 2526 1016 2550 ;
1041 2509 1139 2551 Νοη
1170 2516 1234 2551 est
1261 2516 1432 2567 tempus

90 2597 98 2612 ¹
114 2591 226 2622 Matth.
248 2590 374 2634 1v,4-9.
398 2609 437 2613 —
460 2598 471 2613 ²
493 2593 570 2623 Luc.
590 2602 638 2632 iv,
659 2591 707 2621 13.
726 2608 767 2614 ——-
788 2589 801 2613 3
817 2590 884 2622 Psal
913 2601 1013 2632 cxvn,
1033 2592 1081 2623 13.
1105 2608 1145 2614 —-
1160 2590 1175 2620 4
1196 2593 1273 2624 Luc.
1292 2603 1325 2632 v,
1353 2602 1382 2633 7.
