<?xml version="1.0" encoding="UTF-8"?>
<!DOCTYPE html PUBLIC "-//W3C//DTD XHTML 1.0 Transitional//EN"
    "http://www.w3.org/TR/xhtml1/DTD/xhtml1-transitional.dtd">
<html xmlns="http://www.w3.org/1999/xhtml" xml:lang="en" lang="en">
 <head>
  <title>
</title>
<meta http-equiv="Content-Type" content="text/html;charset=utf-8" />
  <meta name='ocr-system' content='tesseract 3.04.00' />
  <meta name='ocr-capabilities' content='ocr_page ocr_carea ocr_par ocr_line ocrx_word'/>
</head>
<body>
  <div class='ocr_page' id='page_1' title='image "./operaomniaaccura07auguuoft_0321.png"; bbox 0 0 1833 3284; ppageno 0'>
   <div class='ocr_carea' id='block_1_1' title="bbox 369 245 1419 283">
    <p class='ocr_par' dir='ltr' id='par_1_1' title="bbox 369 245 1419 283">
     <span class='ocr_line' id='line_1_1' title="bbox 369 245 1419 283; baseline 0.002 -2"><span class='ocrx_word' id='word_1_1' title='bbox 369 253 609 282; x_wconf 73' lang='lat' dir='ltr'>ENARRATIO</span> <span class='ocrx_word' id='word_1_2' title='bbox 643 257 674 282; x_wconf 90' lang='lat'>11</span> <span class='ocrx_word' id='word_1_3' title='bbox 708 257 751 282; x_wconf 83' lang='lat' dir='ltr'>IN</span> <span class='ocrx_word' id='word_1_4' title='bbox 785 256 987 283; x_wconf 70' lang='lat' dir='ltr'>PsALMUM</span> <span class='ocrx_word' id='word_1_5' title='bbox 1021 257 1112 282; x_wconf 74' lang='lat' dir='ltr'>xxi.</span> <span class='ocrx_word' id='word_1_6' title='bbox 1337 245 1419 283; x_wconf 87' lang='lat'>307</span> 
     </span>
    </p>
   </div>
   <div class='ocr_carea' id='block_1_2' title="bbox 24 319 1431 2587">
    <p class='ocr_par' dir='ltr' id='par_1_2' title="bbox 24 319 1431 2587">
     <span class='ocr_line' id='line_1_2' title="bbox 37 319 1424 380; baseline 0 -16"><span class='ocrx_word' id='word_1_7' title='bbox 37 320 171 364; x_wconf 85' lang='lat' dir='ltr'>sione.</span> <span class='ocrx_word' id='word_1_8' title='bbox 198 324 413 364; x_wconf 86' lang='lat' dir='ltr'>Fecerunt</span> <span class='ocrx_word' id='word_1_9' title='bbox 434 319 562 376; x_wconf 78' lang='lat' dir='ltr'>illud,</span> <span class='ocrx_word' id='word_1_10' title='bbox 587 320 764 380; x_wconf 82' lang='lat' dir='ltr'>qnando</span> <span class='ocrx_word' id='word_1_11' title='bbox 786 320 1168 365; x_wconf 79' lang='lat' dir='ltr'>Maximinianistas</span> <span class='ocrx_word' id='word_1_12' title='bbox 1189 319 1424 366; x_wconf 85' lang='lat' dir='ltr'>damnave-</span> 
     </span>
     <span class='ocr_line' id='line_1_3' title="bbox 36 389 1424 450; baseline 0 -15"><span class='ocrx_word' id='word_1_13' title='bbox 36 399 154 436; x_wconf 84' lang='lat' dir='ltr'>runt.</span> <span class='ocrx_word' id='word_1_14' title='bbox 185 394 383 450; x_wconf 81' lang='lat' dir='ltr'>Egerunt</span> <span class='ocrx_word' id='word_1_15' title='bbox 404 389 521 450; x_wconf 87' lang='lat' dir='ltr'>apud</span> <span class='ocrx_word' id='word_1_16' title='bbox 539 390 730 450; x_wconf 84' lang='lat' dir='ltr'>judices,</span> <span class='ocrx_word' id='word_1_17' title='bbox 755 401 799 435; x_wconf 90' lang='lat' dir='ltr'>et</span> <span class='ocrx_word' id='word_1_18' title='bbox 829 390 1087 435; x_wconf 81' lang='lat' dir='ltr'>concilium1</span> <span class='ocrx_word' id='word_1_19' title='bbox 1112 407 1240 435; x_wconf 90' lang='lat' dir='ltr'>suum</span> <span class='ocrx_word' id='word_1_20' title='bbox 1271 393 1424 436; x_wconf 85' lang='lat' dir='ltr'>recita-</span> 
     </span>
     <span class='ocr_line' id='line_1_4' title="bbox 36 460 1427 522; baseline -0.001 -16"><span class='ocrx_word' id='word_1_21' title='bbox 36 471 194 507; x_wconf 80' lang='lat' dir='ltr'>verunt</span> <span class='ocrx_word' id='word_1_22' title='bbox 219 481 228 506; x_wconf 89' lang='lat'>:</span> <span class='ocrx_word' id='word_1_23' title='bbox 259 470 469 522; x_wconf 83' lang='lat' dir='ltr'>tanquam</span> <span class='ocrx_word' id='word_1_24' title='bbox 491 460 639 506; x_wconf 88' lang='lat' dir='ltr'>titulos</span> <span class='ocrx_word' id='word_1_25' title='bbox 662 461 962 516; x_wconf 68' lang='lat' dir='ltr'>ostendentes,</span> <span class='ocrx_word' id='word_1_26' title='bbox 996 471 1044 505; x_wconf 87' lang='lat' dir='ltr'>ut</span> <span class='ocrx_word' id='word_1_27' title='bbox 1076 463 1278 521; x_wconf 75' lang='lat' dir='ltr'>Episcopi</span> <span class='ocrx_word' id='word_1_28' title='bbox 1300 461 1427 508; x_wconf 81' lang='lat' dir='ltr'>Vide-</span> 
     </span>
     <span class='ocr_line' id='line_1_5' title="bbox 36 531 1426 593; baseline 0 -16"><span class='ocrx_word' id='word_1_29' title='bbox 36 542 203 577; x_wconf 81' lang='lat' dir='ltr'>rentur.</span> <span class='ocrx_word' id='word_1_30' title='bbox 227 535 349 577; x_wconf 89' lang='lat' dir='ltr'>Tunc</span> <span class='ocrx_word' id='word_1_31' title='bbox 365 532 501 593; x_wconf 80' lang='lat' dir='ltr'>judex</span> <span class='ocrx_word' id='word_1_32' title='bbox 524 532 819 591; x_wconf 78' lang='lat' dir='ltr'>interrogavit,</span> <span class='ocrx_word' id='word_1_33' title='bbox 840 533 946 585; x_wconf 86' lang='lat' dir='ltr'>Quis</span> <span class='ocrx_word' id='word_1_34' title='bbox 969 532 1039 576; x_wconf 89' lang='lat' dir='ltr'>hic</span> <span class='ocrx_word' id='word_1_35' title='bbox 1057 531 1165 576; x_wconf 87' lang='lat' dir='ltr'>alter</span> <span class='ocrx_word' id='word_1_36' title='bbox 1187 533 1426 593; x_wconf 82' lang='lat' dir='ltr'>Episcopus</span> 
     </span>
     <span class='ocr_line' id='line_1_6' title="bbox 35 603 1428 664; baseline -0.001 -15"><span class='ocrx_word' id='word_1_37' title='bbox 35 613 100 649; x_wconf 87' lang='lat' dir='ltr'>est</span> <span class='ocrx_word' id='word_1_38' title='bbox 127 603 182 648; x_wconf 88' lang='lat' dir='ltr'>de</span> <span class='ocrx_word' id='word_1_39' title='bbox 204 613 325 664; x_wconf 81' lang='lat' dir='ltr'>parte</span> <span class='ocrx_word' id='word_1_40' title='bbox 353 604 543 648; x_wconf 76' lang='lat' dir='ltr'>Donati?</span> <span class='ocrx_word' id='word_1_41' title='bbox 565 605 807 664; x_wconf 76' lang='lat' dir='ltr'>Respondit</span> <span class='ocrx_word' id='word_1_42' title='bbox 828 604 1021 647; x_wconf 80' lang='lat' dir='ltr'>officium</span> <span class='ocrx_word' id='word_1_43' title='bbox 1049 622 1057 648; x_wconf 91' lang='lat'>:</span> <span class='ocrx_word' id='word_1_44' title='bbox 1078 605 1164 648; x_wconf 91' lang='lat' dir='ltr'>Nos</span> <span class='ocrx_word' id='word_1_45' title='bbox 1188 619 1275 647; x_wconf 92' lang='lat' dir='ltr'>non</span> <span class='ocrx_word' id='word_1_46' title='bbox 1300 605 1428 649; x_wconf 85' lang='lat' dir='ltr'>novi-</span> 
     </span>
     <span class='ocr_line' id='line_1_7' title="bbox 35 673 1427 732; baseline -0.001 -12"><span class='ocrx_word' id='word_1_47' title='bbox 35 691 131 720; x_wconf 92' lang='lat' dir='ltr'>mus</span> <span class='ocrx_word' id='word_1_48' title='bbox 154 675 235 719; x_wconf 92' lang='lat' dir='ltr'>nisi</span> <span class='ocrx_word' id='word_1_49' title='bbox 262 675 488 720; x_wconf 86' lang='lat' dir='ltr'>Aurelium</span> <span class='ocrx_word' id='word_1_50' title='bbox 517 673 797 719; x_wconf 84' lang='lat' dir='ltr'>catholicum.</span> <span class='ocrx_word' id='word_1_51' title='bbox 831 675 1049 718; x_wconf 78' lang='lat' dir='ltr'>Timentes</span> <span class='ocrx_word' id='word_1_52' title='bbox 1081 673 1142 718; x_wconf 89' lang='lat' dir='ltr'>illi</span> <span class='ocrx_word' id='word_1_53' title='bbox 1168 673 1305 732; x_wconf 82' lang='lat' dir='ltr'>leges,</span> <span class='ocrx_word' id='word_1_54' title='bbox 1335 691 1427 719; x_wconf 89' lang='lat' dir='ltr'>non</span> 
     </span>
     <span class='ocr_line' id='line_1_8' title="bbox 40 744 1427 806; baseline -0.001 -15"><span class='ocrx_word' id='word_1_55' title='bbox 40 744 361 806; x_wconf 86' lang='lat' dir='ltr'>responderunt</span> <span class='ocrx_word' id='word_1_56' title='bbox 389 745 469 790; x_wconf 91' lang='lat' dir='ltr'>nisi</span> <span class='ocrx_word' id='word_1_57' title='bbox 501 745 556 789; x_wconf 90' lang='lat' dir='ltr'>de</span> <span class='ocrx_word' id='word_1_58' title='bbox 588 761 677 789; x_wconf 90' lang='lat' dir='ltr'>uno</span> <span class='ocrx_word' id='word_1_59' title='bbox 710 745 941 804; x_wconf 74' lang='lat' dir='ltr'><strong>Episcopo.</strong></span> <span class='ocrx_word' id='word_1_60' title='bbox 969 744 1037 788; x_wconf 83' lang='lat' dir='ltr'>Illi</span> <span class='ocrx_word' id='word_1_61' title='bbox 1061 754 1206 789; x_wconf 89' lang='lat' dir='ltr'>autem</span> <span class='ocrx_word' id='word_1_62' title='bbox 1229 755 1276 789; x_wconf 86' lang='lat' dir='ltr'>ut</span> <span class='ocrx_word' id='word_1_63' title='bbox 1300 746 1427 790; x_wconf 88' lang='lat' dir='ltr'>audi-</span> 
     </span>
     <span class='ocr_line' id='line_1_9' title="bbox 37 815 1428 877; baseline -0.001 -15"><span class='ocrx_word' id='word_1_64' title='bbox 37 826 189 862; x_wconf 81' lang='lat' dir='ltr'>rentur</span> <span class='ocrx_word' id='word_1_65' title='bbox 211 833 233 860; x_wconf 90' lang='lat' dir='ltr'>a</span> <span class='ocrx_word' id='word_1_66' title='bbox 253 815 423 877; x_wconf 75' lang='lat' dir='ltr'>judice,</span> <span class='ocrx_word' id='word_1_67' title='bbox 450 832 612 860; x_wconf 88' lang='lat' dir='ltr'>nomen</span> <span class='ocrx_word' id='word_1_68' title='bbox 642 816 802 861; x_wconf 84' lang='lat' dir='ltr'>Christi</span> <span class='ocrx_word' id='word_1_69' title='bbox 835 816 1121 875; x_wconf 78' lang='lat' dir='ltr'>imponebant</span> <span class='ocrx_word' id='word_1_70' title='bbox 1149 836 1157 860; x_wconf 92' lang='grc'>;</span> <span class='ocrx_word' id='word_1_71' title='bbox 1182 816 1228 858; x_wconf 89' lang='lat' dir='ltr'>in</span> <span class='ocrx_word' id='word_1_72' title='bbox 1259 832 1428 875; x_wconf 90' lang='lat' dir='ltr'>posses-</span> 
     </span>
     <span class='ocr_line' id='line_1_10' title="bbox 42 886 1426 944; baseline -0.001 -11"><span class='ocrx_word' id='word_1_73' title='bbox 42 888 162 933; x_wconf 84' lang='lat' dir='ltr'>sione</span> <span class='ocrx_word' id='word_1_74' title='bbox 191 904 266 932; x_wconf 87' lang='lat' dir='ltr'>sna</span> <span class='ocrx_word' id='word_1_75' title='bbox 290 886 439 932; x_wconf 88' lang='lat' dir='ltr'>titulos</span> <span class='ocrx_word' id='word_1_76' title='bbox 459 886 573 931; x_wconf 84' lang='lat' dir='ltr'>illius</span> <span class='ocrx_word' id='word_1_77' title='bbox 597 888 914 944; x_wconf 74' lang='lat' dir='ltr'>imposuerunt.</span> <span class='ocrx_word' id='word_1_78' title='bbox 940 889 1087 930; x_wconf 90' lang='lat' dir='ltr'>Bonus</span> <span class='ocrx_word' id='word_1_79' title='bbox 1108 895 1172 930; x_wconf 86' lang='lat' dir='ltr'>est</span> <span class='ocrx_word' id='word_1_80' title='bbox 1199 888 1426 944; x_wconf 80' lang='lat' dir='ltr'>Dominus,</span> 
     </span>
     <span class='ocr_line' id='line_1_11' title="bbox 35 956 1429 1020; baseline 0.001 -18"><span class='ocrx_word' id='word_1_81' title='bbox 35 959 111 1020; x_wconf 92' lang='lat' dir='ltr'>qui</span> <span class='ocrx_word' id='word_1_82' title='bbox 129 958 212 1003; x_wconf 88' lang='lat' dir='ltr'>illis</span> <span class='ocrx_word' id='word_1_83' title='bbox 235 968 399 1019; x_wconf 78' lang='lat' dir='ltr'>parcat,</span> <span class='ocrx_word' id='word_1_84' title='bbox 418 967 460 1002; x_wconf 86' lang='lat' dir='ltr'>et</span> <span class='ocrx_word' id='word_1_85' title='bbox 480 959 554 1002; x_wconf 90' lang='lat' dir='ltr'>ubi</span> <span class='ocrx_word' id='word_1_86' title='bbox 573 957 787 1002; x_wconf 88' lang='lat' dir='ltr'>invenerit</span> <span class='ocrx_word' id='word_1_87' title='bbox 808 956 958 1001; x_wconf 84' lang='lat' dir='ltr'>titulos</span> <span class='ocrx_word' id='word_1_88' title='bbox 975 973 1088 1013; x_wconf 76' lang='lat' dir='ltr'>suos,</span> <span class='ocrx_word' id='word_1_89' title='bbox 1107 957 1300 1003; x_wconf 85' lang='lat' dir='ltr'>vindicet</span> <span class='ocrx_word' id='word_1_90' title='bbox 1317 959 1429 1003; x_wconf 82' lang='lat' dir='ltr'>illud</span> 
     </span>
     <span class='ocr_line' id='line_1_12' title="bbox 35 1029 1429 1092; baseline 0 -17"><span class='ocrx_word' id='word_1_91' title='bbox 35 1031 290 1092; x_wconf 80' lang='lat' dir='ltr'>possessioni</span> <span class='ocrx_word' id='word_1_92' title='bbox 322 1047 426 1075; x_wconf 81' lang='lat' dir='ltr'>suae.</span> <span class='ocrx_word' id='word_1_93' title='bbox 460 1034 619 1075; x_wconf 90' lang='lat' dir='ltr'>Potens</span> <span class='ocrx_word' id='word_1_94' title='bbox 651 1039 715 1074; x_wconf 89' lang='lat' dir='ltr'>est</span> <span class='ocrx_word' id='word_1_95' title='bbox 746 1029 1033 1074; x_wconf 82' lang='lat' dir='ltr'>misericordia</span> <span class='ocrx_word' id='word_1_96' title='bbox 1067 1030 1221 1090; x_wconf 81' lang='lat' dir='ltr'>ipsius,</span> <span class='ocrx_word' id='word_1_97' title='bbox 1247 1031 1323 1091; x_wconf 82' lang='lat' dir='ltr'>qui</span> <span class='ocrx_word' id='word_1_98' title='bbox 1345 1030 1429 1075; x_wconf 87' lang='lat' dir='ltr'>illis</span> 
     </span>
     <span class='ocr_line' id='line_1_13' title="bbox 35 1100 1425 1161; baseline 0 -15"><span class='ocrx_word' id='word_1_99' title='bbox 35 1101 145 1146; x_wconf 87' lang='lat' dir='ltr'>illud</span> <span class='ocrx_word' id='word_1_100' title='bbox 160 1100 303 1157; x_wconf 85' lang='lat' dir='ltr'>faciat,</span> <span class='ocrx_word' id='word_1_101' title='bbox 326 1117 629 1161; x_wconf 82' lang='lat' dir='ltr'>quoscumque</span> <span class='ocrx_word' id='word_1_102' title='bbox 647 1101 861 1145; x_wconf 86' lang='lat' dir='ltr'>invenerit</span> <span class='ocrx_word' id='word_1_103' title='bbox 877 1116 1038 1144; x_wconf 84' lang='lat' dir='ltr'>nomen</span> <span class='ocrx_word' id='word_1_104' title='bbox 1057 1101 1217 1145; x_wconf 79' lang='lat' dir='ltr'>Christi</span> <span class='ocrx_word' id='word_1_105' title='bbox 1236 1111 1425 1161; x_wconf 84' lang='lat' dir='ltr'>portare,</span> 
     </span>
     <span class='ocr_line' id='line_1_14' title="bbox 35 1170 1429 1234; baseline 0.001 -16"><span class='ocrx_word' id='word_1_106' title='bbox 35 1182 267 1232; x_wconf 80' lang='lat' dir='ltr'>congreget</span> <span class='ocrx_word' id='word_1_107' title='bbox 287 1172 399 1217; x_wconf 87' lang='lat' dir='ltr'>illos.</span> <span class='ocrx_word' id='word_1_108' title='bbox 421 1175 479 1217; x_wconf 90' lang='lat' dir='ltr'>Et</span> <span class='ocrx_word' id='word_1_109' title='bbox 496 1172 661 1226; x_wconf 85' lang='lat' dir='ltr'>videte,</span> <span class='ocrx_word' id='word_1_110' title='bbox 682 1171 858 1227; x_wconf 82' lang='lat' dir='ltr'>fratreS‚</span> <span class='ocrx_word' id='word_1_111' title='bbox 885 1170 1065 1232; x_wconf 87' lang='lat' dir='ltr'>quando</span> <span class='ocrx_word' id='word_1_112' title='bbox 1094 1182 1249 1232; x_wconf 89' lang='lat' dir='ltr'>potens</span> <span class='ocrx_word' id='word_1_113' title='bbox 1273 1173 1429 1234; x_wconf 88' lang='lat' dir='ltr'>aliquis</span> 
     </span>
     <span class='ocr_line' id='line_1_15' title="bbox 37 1243 1430 1304; baseline 0 -14"><span class='ocrx_word' id='word_1_114' title='bbox 37 1244 252 1290; x_wconf 85' lang='lat' dir='ltr'>invenerit</span> <span class='ocrx_word' id='word_1_115' title='bbox 282 1243 433 1289; x_wconf 89' lang='lat' dir='ltr'>titulos</span> <span class='ocrx_word' id='word_1_116' title='bbox 463 1259 584 1298; x_wconf 76' lang='lat' dir='ltr'>suos,</span> <span class='ocrx_word' id='word_1_117' title='bbox 611 1259 757 1287; x_wconf 89' lang='lat' dir='ltr'>nonne</span> <span class='ocrx_word' id='word_1_118' title='bbox 782 1245 881 1304; x_wconf 84' lang='lat' dir='ltr'>jure</span> <span class='ocrx_word' id='word_1_119' title='bbox 904 1259 995 1287; x_wconf 82' lang='lat' dir='ltr'>rem</span> <span class='ocrx_word' id='word_1_120' title='bbox 1028 1244 1108 1288; x_wconf 88' lang='lat' dir='ltr'>sibi</span> <span class='ocrx_word' id='word_1_121' title='bbox 1139 1244 1353 1300; x_wconf 77' lang='lat' dir='ltr'>vindicat,</span> <span class='ocrx_word' id='word_1_122' title='bbox 1386 1255 1430 1291; x_wconf 87' lang='lat' dir='ltr'>ct</span> 
     </span>
     <span class='ocr_line' id='line_1_16' title="bbox 32 1314 1428 1376; baseline 0 -15"><span class='ocrx_word' id='word_1_123' title='bbox 32 1315 159 1361; x_wconf 89' lang='lat' dir='ltr'>dicit:</span> <span class='ocrx_word' id='word_1_124' title='bbox 181 1319 279 1362; x_wconf 91' lang='lat' dir='ltr'>Non</span> <span class='ocrx_word' id='word_1_125' title='bbox 301 1325 484 1376; x_wconf 87' lang='lat' dir='ltr'>poneret</span> <span class='ocrx_word' id='word_1_126' title='bbox 505 1314 655 1360; x_wconf 88' lang='lat' dir='ltr'>titulos</span> <span class='ocrx_word' id='word_1_127' title='bbox 672 1330 807 1370; x_wconf 82' lang='lat' dir='ltr'>meos,</span> <span class='ocrx_word' id='word_1_128' title='bbox 833 1315 914 1359; x_wconf 90' lang='lat' dir='ltr'>nisi</span> <span class='ocrx_word' id='word_1_129' title='bbox 937 1331 1002 1358; x_wconf 79' lang='lat' dir='ltr'>res</span> <span class='ocrx_word' id='word_1_130' title='bbox 1023 1331 1119 1359; x_wconf 82' lang='lat' dir='ltr'>mea</span> <span class='ocrx_word' id='word_1_131' title='bbox 1136 1326 1244 1361; x_wconf 86' lang='lat' dir='ltr'>esset</span> <span class='ocrx_word' id='word_1_132' title='bbox 1258 1319 1276 1360; x_wconf 76' lang='grc'>.)</span> <span class='ocrx_word' id='word_1_133' title='bbox 1302 1317 1428 1361; x_wconf 90' lang='lat' dir='ltr'>Titu-</span> 
     </span>
     <span class='ocr_line' id='line_1_17' title="bbox 30 1386 1423 1448; baseline 0.001 -16"><span class='ocrx_word' id='word_1_134' title='bbox 30 1386 95 1432; x_wconf 88' lang='lat' dir='ltr'>los</span> <span class='ocrx_word' id='word_1_135' title='bbox 116 1403 235 1432; x_wconf 89' lang='lat' dir='ltr'>meos</span> <span class='ocrx_word' id='word_1_136' title='bbox 256 1387 423 1448; x_wconf 86' lang='lat' dir='ltr'>posuit,</span> <span class='ocrx_word' id='word_1_137' title='bbox 449 1401 545 1430; x_wconf 87' lang='lat' dir='ltr'>mea</span> <span class='ocrx_word' id='word_1_138' title='bbox 564 1402 629 1430; x_wconf 90' lang='lat' dir='ltr'>res</span> <span class='ocrx_word' id='word_1_139' title='bbox 647 1395 711 1430; x_wconf 91' lang='lat' dir='ltr'>est</span> <span class='ocrx_word' id='word_1_140' title='bbox 730 1406 738 1430; x_wconf 77' lang='lat'>2</span> <span class='ocrx_word' id='word_1_141' title='bbox 760 1386 837 1430; x_wconf 87' lang='lat' dir='ltr'>ubi</span> <span class='ocrx_word' id='word_1_142' title='bbox 864 1402 1025 1431; x_wconf 87' lang='lat' dir='ltr'>nomen</span> <span class='ocrx_word' id='word_1_143' title='bbox 1048 1402 1195 1431; x_wconf 84' lang='lat' dir='ltr'>mcum</span> <span class='ocrx_word' id='word_1_144' title='bbox 1224 1388 1423 1445; x_wconf 84' lang='lat' dir='ltr'>invenio,</span> 
     </span>
     <span class='ocr_line' id='line_1_18' title="bbox 30 1457 1420 1521; baseline 0.001 -18"><span class='ocrx_word' id='word_1_145' title='bbox 30 1474 178 1503; x_wconf 90' lang='lat' dir='ltr'>meum</span> <span class='ocrx_word' id='word_1_146' title='bbox 200 1468 278 1503; x_wconf 90' lang='lat' dir='ltr'>cst.</span> <span class='ocrx_word' id='word_1_147' title='bbox 298 1458 525 1520; x_wconf 86' lang='lat' dir='ltr'>Numquid</span> <span class='ocrx_word' id='word_1_148' title='bbox 545 1457 696 1502; x_wconf 88' lang='lat' dir='ltr'>titulos</span> <span class='ocrx_word' id='word_1_149' title='bbox 718 1460 889 1502; x_wconf 71' lang='lat' dir='ltr'>mutat?</span> <span class='ocrx_word' id='word_1_150' title='bbox 909 1459 1078 1503; x_wconf 83' lang='lat' dir='ltr'>Titulus</span> <span class='ocrx_word' id='word_1_151' title='bbox 1102 1460 1176 1520; x_wconf 82' lang='lat' dir='ltr'>qui</span> <span class='ocrx_word' id='word_1_152' title='bbox 1201 1470 1307 1515; x_wconf 79' lang='lat' dir='ltr'>erat,</span> <span class='ocrx_word' id='word_1_153' title='bbox 1329 1460 1420 1521; x_wconf 85' lang='lat' dir='ltr'>ipse</span> 
     </span>
     <span class='ocr_line' id='line_1_19' title="bbox 31 1528 1421 1593; baseline 0.001 -19"><span class='ocrx_word' id='word_1_154' title='bbox 31 1539 95 1575; x_wconf 88' lang='lat' dir='ltr'>est</span> <span class='ocrx_word' id='word_1_155' title='bbox 117 1549 125 1575; x_wconf 73' lang='grc' dir='ltr'>ι</span> <span class='ocrx_word' id='word_1_156' title='bbox 155 1546 371 1591; x_wconf 88' lang='lat' dir='ltr'>possessor</span> <span class='ocrx_word' id='word_1_157' title='bbox 404 1538 624 1584; x_wconf 79' lang='lat' dir='ltr'>mutatur,</span> <span class='ocrx_word' id='word_1_158' title='bbox 650 1528 802 1574; x_wconf 83' lang='lat' dir='ltr'>titulus</span> <span class='ocrx_word' id='word_1_159' title='bbox 834 1545 923 1574; x_wconf 92' lang='lat' dir='ltr'>non</span> <span class='ocrx_word' id='word_1_160' title='bbox 951 1540 1161 1574; x_wconf 85' lang='lat' dir='ltr'>mutatur.</span> <span class='ocrx_word' id='word_1_161' title='bbox 1188 1532 1254 1576; x_wconf 88' lang='lat' dir='ltr'>Sic</span> <span class='ocrx_word' id='word_1_162' title='bbox 1277 1541 1321 1576; x_wconf 88' lang='lat' dir='ltr'>et</span> <span class='ocrx_word' id='word_1_163' title='bbox 1343 1532 1421 1593; x_wconf 82' lang='lat' dir='ltr'>qui</span> 
     </span>
     <span class='ocr_line' id='line_1_20' title="bbox 30 1599 1425 1661; baseline 0.001 -16"><span class='ocrx_word' id='word_1_164' title='bbox 30 1599 297 1661; x_wconf 86' lang='lat' dir='ltr'>baptismum</span> <span class='ocrx_word' id='word_1_165' title='bbox 320 1600 486 1645; x_wconf 85' lang='lat' dir='ltr'>habent</span> <span class='ocrx_word' id='word_1_166' title='bbox 502 1600 684 1655; x_wconf 85' lang='lat' dir='ltr'>Christi,</span> <span class='ocrx_word' id='word_1_167' title='bbox 716 1600 749 1644; x_wconf 91' lang='lat' dir='ltr'>si</span> <span class='ocrx_word' id='word_1_168' title='bbox 781 1600 965 1645; x_wconf 86' lang='lat' dir='ltr'>veniunt</span> <span class='ocrx_word' id='word_1_169' title='bbox 995 1602 1049 1645; x_wconf 90' lang='lat' dir='ltr'>ad</span> <span class='ocrx_word' id='word_1_170' title='bbox 1072 1601 1308 1658; x_wconf 76' lang='lat' dir='ltr'>unitatem,</span> <span class='ocrx_word' id='word_1_171' title='bbox 1336 1617 1425 1647; x_wconf 89' lang='lat' dir='ltr'>non</span> 
     </span>
     <span class='ocr_line' id='line_1_21' title="bbox 31 1670 1425 1732; baseline 0.002 -16"><span class='ocrx_word' id='word_1_172' title='bbox 31 1681 250 1716; x_wconf 86' lang='lat' dir='ltr'>mutamus</span> <span class='ocrx_word' id='word_1_173' title='bbox 283 1670 455 1727; x_wconf 77' lang='lat' dir='ltr'>titulos,</span> <span class='ocrx_word' id='word_1_174' title='bbox 487 1680 564 1716; x_wconf 89' lang='lat' dir='ltr'>aut</span> <span class='ocrx_word' id='word_1_175' title='bbox 596 1670 791 1715; x_wconf 86' lang='lat' dir='ltr'>delemus</span> <span class='ocrx_word' id='word_1_176' title='bbox 832 1672 1007 1730; x_wconf 71' lang='lat' dir='ltr'>titulos3</span> <span class='ocrx_word' id='word_1_177' title='bbox 1041 1673 1117 1717; x_wconf 85' lang='lat' dir='ltr'>sed</span> <span class='ocrx_word' id='word_1_178' title='bbox 1155 1674 1425 1732; x_wconf 81' lang='lat' dir='ltr'>agnoscimus</span> 
     </span>
     <span class='ocr_line' id='line_1_22' title="bbox 32 1741 1430 1805; baseline 0.001 -19"><span class='ocrx_word' id='word_1_179' title='bbox 32 1741 181 1787; x_wconf 87' lang='lat' dir='ltr'>titulos</span> <span class='ocrx_word' id='word_1_180' title='bbox 214 1743 322 1802; x_wconf 81' lang='lat' dir='ltr'>regis</span> <span class='ocrx_word' id='word_1_181' title='bbox 353 1742 508 1798; x_wconf 75' lang='lat' dir='ltr'>nostri,</span> <span class='ocrx_word' id='word_1_182' title='bbox 539 1741 689 1786; x_wconf 86' lang='lat' dir='ltr'>titulos</span> <span class='ocrx_word' id='word_1_183' title='bbox 721 1743 987 1802; x_wconf 89' lang='lat' dir='ltr'>imperatoris</span> <span class='ocrx_word' id='word_1_184' title='bbox 1020 1744 1172 1788; x_wconf 83' lang='lat' dir='ltr'>nostri.</span> <span class='ocrx_word' id='word_1_185' title='bbox 1202 1745 1286 1789; x_wconf 86' lang='lat' dir='ltr'>Sed</span> <span class='ocrx_word' id='word_1_186' title='bbox 1319 1745 1430 1805; x_wconf 84' lang='lat' dir='ltr'>quid</span> 
     </span>
     <span class='ocr_line' id='line_1_23' title="bbox 30 1813 1429 1877; baseline 0.001 -18"><span class='ocrx_word' id='word_1_187' title='bbox 30 1813 252 1864; x_wconf 74' lang='lat' dir='ltr'>dicimus?</span> <span class='ocrx_word' id='word_1_188' title='bbox 273 1816 310 1859; x_wconf 88' lang='lat' dir='ltr'>O</span> <span class='ocrx_word' id='word_1_189' title='bbox 333 1815 488 1860; x_wconf 89' lang='lat' dir='ltr'>domus</span> <span class='ocrx_word' id='word_1_190' title='bbox 520 1815 697 1870; x_wconf 81' lang='lat' dir='ltr'>misera,</span> <span class='ocrx_word' id='word_1_191' title='bbox 724 1814 797 1858; x_wconf 88' lang='lat' dir='ltr'>ille</span> <span class='ocrx_word' id='word_1_192' title='bbox 825 1824 867 1859; x_wconf 88' lang='lat' dir='ltr'>te</span> <span class='ocrx_word' id='word_1_193' title='bbox 890 1815 1108 1875; x_wconf 86' lang='lat' dir='ltr'>possideat</span> <span class='ocrx_word' id='word_1_194' title='bbox 1131 1818 1254 1877; x_wconf 85' lang='lat' dir='ltr'>cujus</span> <span class='ocrx_word' id='word_1_195' title='bbox 1278 1817 1429 1862; x_wconf 86' lang='lat' dir='ltr'>titulos</span> 
     </span>
     <span class='ocr_line' id='line_1_24' title="bbox 32 1886 1393 1948; baseline 0.001 -17"><span class='ocrx_word' id='word_1_196' title='bbox 32 1886 189 1941; x_wconf 77' lang='lat' dir='ltr'>habes,</span> <span class='ocrx_word' id='word_1_197' title='bbox 212 1886 370 1932; x_wconf 87' lang='lat' dir='ltr'>Christi</span> <span class='ocrx_word' id='word_1_198' title='bbox 393 1886 544 1931; x_wconf 82' lang='lat' dir='ltr'>titulos</span> <span class='ocrx_word' id='word_1_199' title='bbox 572 1886 726 1941; x_wconf 76' lang='lat' dir='ltr'>habes,</span> <span class='ocrx_word' id='word_1_200' title='bbox 753 1886 842 1930; x_wconf 89' lang='lat' dir='ltr'>noli</span> <span class='ocrx_word' id='word_1_201' title='bbox 865 1902 955 1931; x_wconf 82' lang='lat' dir='ltr'>esse</span> <span class='ocrx_word' id='word_1_202' title='bbox 978 1889 1135 1932; x_wconf 90' lang='lat' dir='ltr'>Donati</span> <span class='ocrx_word' id='word_1_203' title='bbox 1168 1889 1393 1948; x_wconf 85' lang='lat' dir='ltr'>possessio.</span> 
     </span>
     <span class='ocr_line' id='line_1_25' title="bbox 92 1955 1428 2013; baseline 0.001 -11"><span class='ocrx_word' id='word_1_204' title='bbox 92 1958 281 2002; x_wconf 85' lang='lat' dir='ltr'>XXXII.</span> <span class='ocrx_word' id='word_1_205' title='bbox 313 1955 454 2002; x_wconf 88' lang='lat' dir='ltr'>Multa</span> <span class='ocrx_word' id='word_1_206' title='bbox 476 1955 686 2011; x_wconf 83' lang='lat' dir='ltr'>diximus,</span> <span class='ocrx_word' id='word_1_207' title='bbox 709 1955 887 2013; x_wconf 75' lang='lat' dir='ltr'>fratres3</span> <span class='ocrx_word' id='word_1_208' title='bbox 911 1955 987 2001; x_wconf 88' lang='lat' dir='ltr'>sed</span> <span class='ocrx_word' id='word_1_209' title='bbox 1008 1957 1119 2002; x_wconf 89' lang='lat' dir='ltr'>illud</span> <span class='ocrx_word' id='word_1_210' title='bbox 1141 1958 1195 2002; x_wconf 89' lang='lat' dir='ltr'>de</span> <span class='ocrx_word' id='word_1_211' title='bbox 1219 1960 1428 2004; x_wconf 86' lang='lat' dir='ltr'>memoria</span> 
     </span>
     <span class='ocr_line' id='line_1_26' title="bbox 35 2025 1424 2088; baseline 0.002 -16"><span class='ocrx_word' id='word_1_212' title='bbox 35 2037 173 2072; x_wconf 88' lang='lat' dir='ltr'>vestra</span> <span class='ocrx_word' id='word_1_213' title='bbox 192 2043 280 2072; x_wconf 89' lang='lat' dir='ltr'>non</span> <span class='ocrx_word' id='word_1_214' title='bbox 301 2027 489 2083; x_wconf 79' lang='lat' dir='ltr'>recedat,</span> <span class='ocrx_word' id='word_1_215' title='bbox 509 2026 629 2088; x_wconf 87' lang='lat' dir='ltr'>quod</span> <span class='ocrx_word' id='word_1_216' title='bbox 651 2025 781 2071; x_wconf 86' lang='lat' dir='ltr'>hodie</span> <span class='ocrx_word' id='word_1_217' title='bbox 801 2027 976 2087; x_wconf 81' lang='lat' dir='ltr'>legitur.</span> <span class='ocrx_word' id='word_1_218' title='bbox 999 2032 1112 2073; x_wconf 88' lang='lat' dir='ltr'>Ecce</span> <span class='ocrx_word' id='word_1_219' title='bbox 1130 2030 1288 2074; x_wconf 89' lang='lat' dir='ltr'>iterum</span> <span class='ocrx_word' id='word_1_220' title='bbox 1308 2031 1424 2088; x_wconf 85' lang='lat' dir='ltr'>dico,</span> 
     </span>
     <span class='ocr_line' id='line_1_27' title="bbox 35 2098 1431 2162; baseline 0.003 -18"><span class='ocrx_word' id='word_1_221' title='bbox 35 2109 80 2144; x_wconf 90' lang='lat' dir='ltr'>et</span> <span class='ocrx_word' id='word_1_222' title='bbox 100 2116 214 2160; x_wconf 83' lang='lat' dir='ltr'>saepe</span> <span class='ocrx_word' id='word_1_223' title='bbox 236 2098 470 2161; x_wconf 87' lang='lat' dir='ltr'>dicendum</span> <span class='ocrx_word' id='word_1_224' title='bbox 493 2108 557 2143; x_wconf 90' lang='lat' dir='ltr'>est</span> <span class='ocrx_word' id='word_1_225' title='bbox 577 2119 585 2144; x_wconf 89' lang='lat'>:</span> <span class='ocrx_word' id='word_1_226' title='bbox 612 2114 689 2159; x_wconf 87' lang='lat' dir='ltr'>per</span> <span class='ocrx_word' id='word_1_227' title='bbox 710 2100 852 2159; x_wconf 89' lang='lat' dir='ltr'>ipsum</span> <span class='ocrx_word' id='word_1_228' title='bbox 870 2098 1003 2155; x_wconf 76' lang='lat' dir='ltr'>diem,</span> <span class='ocrx_word' id='word_1_229' title='bbox 1026 2099 1073 2144; x_wconf 88' lang='lat' dir='ltr'>id</span> <span class='ocrx_word' id='word_1_230' title='bbox 1090 2110 1168 2156; x_wconf 86' lang='lat' dir='ltr'>est,</span> <span class='ocrx_word' id='word_1_231' title='bbox 1191 2118 1270 2162; x_wconf 86' lang='lat' dir='ltr'>per</span> <span class='ocrx_word' id='word_1_232' title='bbox 1291 2118 1431 2148; x_wconf 86' lang='lat' dir='ltr'>sacra-</span> 
     </span>
     <span class='ocr_line' id='line_1_28' title="bbox 37 2170 1430 2231; baseline 0.002 -16"><span class='ocrx_word' id='word_1_233' title='bbox 37 2179 184 2215; x_wconf 85' lang='lat' dir='ltr'>menta</span> <span class='ocrx_word' id='word_1_234' title='bbox 214 2171 345 2231; x_wconf 83' lang='lat' dir='ltr'>hujus</span> <span class='ocrx_word' id='word_1_235' title='bbox 374 2170 461 2214; x_wconf 89' lang='lat' dir='ltr'>diei</span> <span class='ocrx_word' id='word_1_236' title='bbox 494 2170 745 2228; x_wconf 84' lang='lat' dir='ltr'>constringo</span> <span class='ocrx_word' id='word_1_237' title='bbox 766 2186 863 2225; x_wconf 78' lang='lat' dir='ltr'>vos,</span> <span class='ocrx_word' id='word_1_238' title='bbox 886 2179 935 2214; x_wconf 86' lang='lat' dir='ltr'>ut</span> <span class='ocrx_word' id='word_1_239' title='bbox 963 2187 1052 2215; x_wconf 91' lang='lat' dir='ltr'>non</span> <span class='ocrx_word' id='word_1_240' title='bbox 1082 2172 1206 2216; x_wconf 86' lang='lat' dir='ltr'>vobis</span> <span class='ocrx_word' id='word_1_241' title='bbox 1229 2183 1353 2218; x_wconf 83' lang='lat' dir='ltr'>exeat</span> <span class='ocrx_word' id='word_1_242' title='bbox 1374 2173 1430 2218; x_wconf 90' lang='lat' dir='ltr'>de</span> 
     </span>
     <span class='ocr_line' id='line_1_29' title="bbox 24 2242 1430 2298; baseline 0.003 -11"><span class='ocrx_word' id='word_1_243' title='bbox 24 2242 258 2296; x_wconf 74' lang='lat' dir='ltr'>cordibus.</span> <span class='ocrx_word' id='word_1_244' title='bbox 288 2261 308 2285; x_wconf 90' lang='lat'>«</span> <span class='ocrx_word' id='word_1_245' title='bbox 333 2242 832 2298; x_wconf 77' lang='lat' dir='ltr'>Commemorabuntur,</span> <span class='ocrx_word' id='word_1_246' title='bbox 859 2252 902 2286; x_wconf 88' lang='lat' dir='ltr'>et</span> <span class='ocrx_word' id='word_1_247' title='bbox 933 2253 1244 2289; x_wconf 87' lang='lat' dir='ltr'>convertentur</span> <span class='ocrx_word' id='word_1_248' title='bbox 1263 2246 1317 2291; x_wconf 87' lang='lat' dir='ltr'>ad</span> <span class='ocrx_word' id='word_1_249' title='bbox 1339 2249 1430 2291; x_wconf 85' lang='lat' dir='ltr'>Do-</span> 
     </span>
     <span class='ocr_line' id='line_1_30' title="bbox 41 2311 1430 2376; baseline 0.005 -22"><span class='ocrx_word' id='word_1_250' title='bbox 41 2331 69 2375; x_wconf 50' lang='lat'>»¹</span> <span class='ocrx_word' id='word_1_251' title='bbox 97 2313 267 2357; x_wconf 90' lang='lat' dir='ltr'>minum</span> <span class='ocrx_word' id='word_1_252' title='bbox 289 2313 479 2358; x_wconf 87' lang='lat' dir='ltr'>universi</span> <span class='ocrx_word' id='word_1_253' title='bbox 501 2313 608 2357; x_wconf 89' lang='lat' dir='ltr'>fines</span> <span class='ocrx_word' id='word_1_254' title='bbox 625 2321 767 2357; x_wconf 82' lang='lat' dir='ltr'>terrae.</span> <span class='ocrx_word' id='word_1_255' title='bbox 786 2315 842 2357; x_wconf 88' lang='lat' dir='ltr'>Et</span> <span class='ocrx_word' id='word_1_256' title='bbox 859 2311 1109 2358; x_wconf 89' lang='lat' dir='ltr'>adorabunt</span> <span class='ocrx_word' id='word_1_257' title='bbox 1131 2315 1174 2358; x_wconf 91' lang='lat' dir='ltr'>in</span> <span class='ocrx_word' id='word_1_258' title='bbox 1192 2326 1430 2376; x_wconf 89' lang='lat' dir='ltr'>conspectu</span> 
     </span>
     <span class='ocr_line' id='line_1_31' title="bbox 42 2384 1429 2444; baseline 0.006 -19"><span class='ocrx_word' id='word_1_259' title='bbox 42 2401 63 2425; x_wconf 91' lang='lat'>»</span> <span class='ocrx_word' id='word_1_260' title='bbox 98 2384 188 2444; x_wconf 85' lang='lat' dir='ltr'>ejus</span> <span class='ocrx_word' id='word_1_261' title='bbox 218 2384 432 2430; x_wconf 73' lang='lat' dir='ltr'>universae</span> <span class='ocrx_word' id='word_1_262' title='bbox 464 2384 617 2444; x_wconf 88' lang='lat' dir='ltr'>patriae</span> <span class='ocrx_word' id='word_1_263' title='bbox 651 2385 863 2444; x_wconf 81' lang='lat' dir='ltr'>gentium.</span> <span class='ocrx_word' id='word_1_264' title='bbox 901 2385 1118 2438; x_wconf 83' lang='lat' dir='ltr'>Quoniam</span> <span class='ocrx_word' id='word_1_265' title='bbox 1156 2388 1332 2431; x_wconf 91' lang='lat' dir='ltr'>Domini</span> <span class='ocrx_word' id='word_1_266' title='bbox 1365 2398 1429 2433; x_wconf 89' lang='lat' dir='ltr'>est</span> 
     </span>
     <span class='ocr_line' id='line_1_32' title="bbox 42 2455 1430 2515; baseline 0.006 -19"><span class='ocrx_word' id='word_1_267' title='bbox 42 2472 64 2497; x_wconf 89' lang='lat'>»</span> <span class='ocrx_word' id='word_1_268' title='bbox 98 2470 305 2515; x_wconf 84' lang='lat' dir='ltr'>regnum,</span> <span class='ocrx_word' id='word_1_269' title='bbox 332 2464 376 2500; x_wconf 89' lang='lat' dir='ltr'>et</span> <span class='ocrx_word' id='word_1_270' title='bbox 404 2455 496 2515; x_wconf 88' lang='lat' dir='ltr'>ipse</span> <span class='ocrx_word' id='word_1_271' title='bbox 528 2455 828 2500; x_wconf 84' lang='lat' dir='ltr'>dominabitur</span> <span class='ocrx_word' id='word_1_272' title='bbox 854 2456 1065 2514; x_wconf 82' lang='lat' dir='ltr'>gentium.</span> <span class='ocrx_word' id='word_1_273' title='bbox 1094 2475 1114 2498; x_wconf 83' lang='lat'>»</span> <span class='ocrx_word' id='word_1_274' title='bbox 1148 2460 1312 2503; x_wconf 83' lang='lat' dir='ltr'>Contra</span> <span class='ocrx_word' id='word_1_275' title='bbox 1339 2468 1430 2505; x_wconf 87' lang='lat' dir='ltr'>tam</span> 
     </span>
     <span class='ocr_line' id='line_1_33' title="bbox 41 2524 1425 2587; baseline 0.003 -17"><span class='ocrx_word' id='word_1_276' title='bbox 41 2535 234 2586; x_wconf 86' lang='lat' dir='ltr'>apertam</span> <span class='ocrx_word' id='word_1_277' title='bbox 251 2534 295 2570; x_wconf 89' lang='lat' dir='ltr'>et</span> <span class='ocrx_word' id='word_1_278' title='bbox 316 2524 545 2570; x_wconf 83' lang='lat' dir='ltr'>manifeste</span> <span class='ocrx_word' id='word_1_279' title='bbox 563 2525 903 2571; x_wconf 82' lang='lat' dir='ltr'>demonstratam</span> <span class='ocrx_word' id='word_1_280' title='bbox 922 2527 1235 2587; x_wconf 87' lang='lat' dir='ltr'>possessionem</span> <span class='ocrx_word' id='word_1_281' title='bbox 1248 2530 1425 2586; x_wconf 82' lang='lat' dir='ltr'>Christi,</span> 
     </span>
    </p>
   </div>
   <div class='ocr_carea' id='block_1_3' title="bbox 90 2609 1242 2707">
    <p class='ocr_par' dir='ltr' id='par_1_3' title="bbox 90 2609 1242 2707">
     <span class='ocr_line' id='line_1_34' title="bbox 90 2609 508 2654; baseline 0 -11"><span class='ocrx_word' id='word_1_282' title='bbox 90 2617 98 2634; x_wconf 90' lang='lat'>¹</span> <span class='ocrx_word' id='word_1_283' title='bbox 115 2611 320 2654; x_wconf 76' lang='lat' dir='ltr'>Bagaitanum</span> <span class='ocrx_word' id='word_1_284' title='bbox 337 2610 412 2643; x_wconf 83' lang='lat' dir='ltr'>anni</span> <span class='ocrx_word' id='word_1_285' title='bbox 430 2609 508 2654; x_wconf 67' lang='lat'>394.</span> 
     </span>
     <span class='ocr_line' id='line_1_35' title="bbox 1178 2669 1242 2707; baseline -0.016 -1"><span class='ocrx_word' id='word_1_286' title='bbox 1178 2669 1242 2707; x_wconf 70' lang='grc' dir='ltr'>ΞΟ.</span> 
     </span>
    </p>
   </div>
  </div>
 </body>
</html>
