1833 3284
364 276 451 314 526
804 282 837 311 s.
874 281 1105 311 annosum
1139 284 1319 311 Emscom

364 353 407 397 Si
421 350 573 396 amatis
581 352 736 404 Deum,
751 349 892 409 rapite
909 364 1059 394 omnes
1074 348 1129 393 ad
1144 364 1335 393 amorem
1346 348 1424 395 Dei
1434 348 1511 409 qui
1522 347 1756 409 vobisjun-

362 431 551 480 guntur,
589 430 632 464 et
654 435 804 465 omnes
839 420 915 480 qui
937 429 1036 465 sunt
1060 420 1106 463 in
1129 419 1260 464 domo
1281 428 1421 464 vestra
1442 438 1452 464 :
1477 419 1512 463 si
1533 427 1703 463 amatur
1731 433 1755 462 a

363 493 485 538 vobis
509 507 666 552 corpus
688 492 870 547 Christi,
898 489 942 535 id
971 500 1034 535 est
1051 526 1062 546 ,
1091 492 1232 535 unitas
1259 491 1491 546 Ecclesiae,
1517 491 1653 550 rapite
1684 504 1757 534 eos

364 564 419 608 ad
435 563 688 618 fruendum,
705 572 750 607 et
765 562 918 607 dicite:
941 581 960 604 «
981 562 1257 621 Magnificate
1277 562 1510 606 Dominum
1528 576 1717 605 mecum.
1731 579 1753 602 »

424 637 524 679 Vll.
549 654 567 676 «
584 638 641 678 Et
662 634 900 678 exaltemus
917 648 1079 677 nomen
1097 634 1187 693 ejus
1201 633 1484 692 inidipsum1.
1505 631 1654 685 »Quid
1676 640 1756 686 est,

370 724 388 746 «
410 704 660 749 Exaltemus
691 718 852 748 nomen
872 708 964 766 eJus
987 703 1030 747 in
1049 703 1266 763 idipsum?
1290 706 1416 748 »Hoc
1441 712 1505 747 est
1531 703 1578 746 in
1601 717 1756 746 unum.

366 779 473 822 Nam
509 775 637 820 multi
659 775 829 820 codices
867 776 927 820 sic
950 775 1142 820 habent:
1171 794 1190 817 «
1221 775 1496 834 Magnificate
1523 773 1763 819 Dominum

369 866 391 890 ³>
427 863 598 892 mecum
617 883 627 902 ‚
650 857 693 892 et
711 847 949 891 exaltemus
969 862 1131 891 nomen
1148 848 1240 907 ejus
1257 847 1301 890 in
1323 861 1478 891 unum.
1507 864 1528 887 ν)
1552 846 1648 891 Sive
1673 865 1694 888 «
1710 847 1764 889 In

371 937 391 960 »
427 919 648 978 idipsum»
675 918 860 973 dicatur,
877 918 964 962 sive
987 937 1006 958 «
1032 920 1083 961 In
1107 933 1270 969 unum;
1295 936 1315 958 »
1340 918 1424 961 hoc
1445 915 1563 960 idem
1584 911 1760 960 dicitur.

369 992 484 1047 Ergo
508 990 644 1048 rapite
665 1005 776 1050 quos
798 988 978 1048 potestis
994 1024 1004 1043 ‚
1031 987 1266 1043 hortando,
1291 986 1524 1048 portando,
1547 985 1761 1046 rogando,

370 1058 652 1119 disputando„
671 1060 885 1104 rationem
908 1058 1150 1114 reddendo,
1166 1074 1268 1104 cum
1290 1057 1642 1113 mansuetudine,
1663 1072 1766 1102 curn

370 1129 576 1175 lenitate:
603 1132 739 1191 rapite
762 1130 817 1174 ad
839 1145 1030 1174 amorem
1047 1151 1057 1188 3
1077 1140 1127 1174 ut
1147 1131 1181 1174 si
1205 1130 1486 1188 magnificant
1503 1129 1763 1186 Dominum3

371 1201 416 1244 in
438 1217 578 1245 unum
601 1202 895 1260 magnificent.
924 1204 981 1245 Et
1001 1217 1098 1261 pars
1122 1202 1278 1246 Donati
1298 1201 1474 1245 videtur
1494 1200 1576 1244 sibi
1594 1201 1767 1259 magni-

371 1273 501 1317 ficare
526 1273 762 1318 Dominum
788 1293 796 1318 z
823 1272 931 1333 quid
953 1288 1024 1317 eos
1043 1273 1229 1317 offendit
1247 1273 1362 1318 orbis
1386 1273 1624 1316 terrarum?
1646 1272 1769 1316 Dica-

372 1359 469 1388 mus
502 1343 611 1399 illis,
653 1344 805 1388 fratres
823 1379 835 1399 ,
870 1363 890 1386 «
921 1345 1196 1402 Magnificate
1226 1345 1462 1389 Dominum
1497 1359 1698 1399 mecum,
1725 1352 1768 1387 et

376 1433 396 1455 n
433 1414 671 1459 exaltemus
699 1431 861 1460 nomen
883 1417 973 1476 ejus
996 1416 1042 1458 in
1059 1431 1214 1459 unum.
1235 1434 1255 1457 »
1289 1419 1432 1469 Quare
1453 1416 1497 1459 in
1518 1415 1768 1475 praecisione

373 1484 504 1529 vultis
535 1487 813 1545 magnificare
835 1487 1105 1531 Dominum?
1130 1486 1208 1531 Ille
1242 1503 1356 1531 unus
1388 1496 1451 1531 est
1468 1523 1478 1543 ⁷
1505 1503 1638 1548 quare
1659 1485 1769 1531 duos

373 1555 560 1616 populos
581 1557 713 1601 vultis
745 1557 888 1602 faeere
911 1562 1026 1603 Deo:
1054 1561 1198 1612 Quare
1220 1558 1351 1603 vultis
1384 1557 1589 1618 dissipare
1612 1574 1771 1618 eorpus

375 1627 568 1671 Christi?
590 1627 718 1673 Certe
735 1629 850 1672 enim
868 1628 959 1689 ipse
976 1630 1198 1689 pendebat
1213 1630 1258 1673 in
1277 1645 1406 1674 cruce
1421 1665 1431 1685 ‚
1453 1629 1631 1690 quando
1654 1638 1771 1687 tym-

376 1698 632 1757 panizabat:
659 1709 704 1744 et
729 1715 828 1744 eum
848 1700 1059 1760 penderet
1075 1701 1120 1744 in
1143 1717 1294 1757 cruce,
1321 1702 1461 1745 emisit
1482 1702 1710 1761 spiritum?
1727 1709 1770 1744 et

374 1779 592 1814 venerunt
626 1769 690 1813 illi
713 1772 788 1830 qui
821 1786 921 1815 eum
945 1774 1283 1832 suspenderant,
1309 1782 1352 1816 et
1384 1772 1648 1816 invenerunt
1668 1786 1770 1815 eum

376 1839 565 1883 emisisse
583 1841 782 1899 spiritum
800 1876 811 1895 ‚
832 1851 875 1885 et
898 1857 988 1885 non
1009 1841 1072 1885 illi
1096 1840 1320 1900 fregerunt
1341 1858 1466 1886 crura
1488 1861 1498 1886 ι
1526 1841 1770 1886 latronibus

377 1920 523 1953 autem
547 1910 693 1955 adhue
709 1911 756 1955 in
773 1927 902 1956 cruce
915 1913 1164 1957 viventibus
1181 1912 1407 1972 fregerunt
1419 1916 1452 1968 ²,
1473 1922 1523 1957 ut
1535 1928 1612 1973 per
1625 1913 1770 1973 ipsum

378 1979 575 2025 dolorem
598 1981 859 2042 compendio
881 1983 1031 2027 mortis
1051 1983 1106 2027 ab
1128 1982 1204 2028 illo
1232 1984 1429 2028 cruciatu
1450 1983 1741 2029 liberarentur
1756 2020 1767 2040 ‚

377 2053 603 2112 quomodo
635 2052 803 2097 solebat
831 2054 1044 2098 crucifixis
1066 2054 1174 2098 fieri.
1201 2057 1316 2113 Ergo
1338 2056 1458 2099 venit
1488 2065 1767 2115 persecutor,

377 2121 543 2166 invenit
575 2125 810 2167 Dominum
843 2125 989 2185 quiete
1017 2125 1266 2185 deposuisse
1299 2126 1532 2186 spiritum:
1557 2127 1660 2187 quia
1680 2126 1772 2186 ipse

379 2192 487 2237 dixit
508 2212 516 2237 :
542 2212 563 2235 «
587 2197 848 2238 Potestatem
874 2196 1015 2239 habeo
1032 2197 1223 2255 ponendi
1241 2196 1431 2241 animam
1449 2212 1592 2241 meam
1606 2199 1637 2240 3.
1653 2200 1772 2241 »Pro

376 2264 538 2323 quibus
558 2265 703 2324 posuit
724 2265 911 2309 animam
932 2282 1055 2310 suam
1071 2268 1088 2310 P
1102 2270 1185 2311 Pro
1203 2267 1403 2312 universa
1421 2267 1551 2328 plebe
1572 2284 1665 2323 sua⁷
1691 2283 1773 2328 pro

378 2343 474 2378 toto
505 2350 686 2395 corpore
720 2351 813 2379 suo.
853 2337 984 2380 Venit
1011 2352 1113 2396 ergo
1135 2348 1411 2396 perseeutor,
1451 2347 1495 2383 et
1515 2354 1605 2383 non
1642 2337 1772 2397 fregit

378 2420 504 2450 crura
520 2406 684 2451 Christi
701 2425 710 2452 :
725 2407 846 2450 venit
858 2409 1053 2451 Donatus
1075 2417 1118 2451 et
1141 2407 1326 2469 disrupit
1337 2409 1575 2454 Ecclesiam
1591 2408 1767 2454 Christi.

380 2480 608 2536 Integrum
631 2493 787 2538 corpus
809 2479 970 2523 Christi
991 2479 1038 2522 in
1061 2495 1190 2524 eruce
1206 2481 1320 2525 inter
1341 2497 1496 2525 manus
1517 2489 1768 2541 persecuto-

375 2563 478 2592 rum
500 2558 588 2604 est,
608 2558 657 2593 ‘et
677 2549 791 2593 inter
811 2564 966 2594 manus
988 2550 1335 2596 Christianorum
1358 2568 1448 2597 non
1465 2561 1529 2597 est
1551 2552 1770 2612 integrum
1830 2602 1833 2606 ,

430 2632 536 2666 *PsaL
553 2644 669 2676 -xx-xm,
689 2633 720 2676 4
742 2650 783 2657 —-
805 2641 817 2657 ²
835 2635 927 2667 doan.
954 2645 1020 2677 xix,
1041 2634 1096 2677 32,
1117 2634 1168 2668 33.
1197 2653 1238 2659 —
1255 2633 1269 2660 3
1286 2638 1380 2669 Joan.
1400 2647 1432 2679 Χ,
1454 2636 1504 2669 18.
