1833 3284
384 257 627 287 ENARRATJO
661 261 691 285 II
725 260 768 286 IN
802 259 1004 287 PSALMUM
1040 260 1160 286 XXVI.
1384 247 1467 287 343

81 325 187 386 quid
208 339 287 370 nos
304 324 410 385 ipsi,
435 324 542 385 quid
564 333 738 368 acturus
756 333 819 368 est
835 324 880 367 in
901 323 975 368 illa
998 323 1129 368 domo
1145 358 1156 378 ,
1186 322 1263 367 ubi
1285 324 1408 384 cupit
1426 308 1470 369 et

80 403 202 456 optat
218 431 229 450 ,
255 405 299 440 et
323 393 539 439 desiderat
572 395 656 440 hoc
683 410 824 439 unum
852 395 963 454 petit
988 410 1011 437 a
1033 394 1246 449 Domino,
1270 395 1470 440 habitare

22 493 25 515 2
79 467 126 511 in
142 482 192 510 ea
209 481 358 510 omnes
376 465 466 509 dies
487 465 589 510 vitae
611 481 714 509 suae.
736 464 853 519 Quid
875 464 938 509 ibi
960 464 1048 523 agis
1065 499 1076 520 ,
1101 480 1251 524 quaeso
1268 467 1337 510 te?
1362 465 1470 527 quid

17 584 21 599 ,.
80 537 281 599 estquod
299 535 548 582 desideras?
569 536 685 581 Audi
706 536 815 598 quid
829 572 840 592 ‚
873 538 967 581 «Ut
986 535 1258 596 contempler
1279 535 1473 582 delecta-

82 628 101 651 »
136 609 299 654 tionem
325 608 498 654 Domini
517 610 547 652 ¹.
572 628 589 649 »
622 611 735 653 Ecce
767 607 886 668 quod
920 623 1017 652 amo
1037 643 1048 663 ,
1082 622 1183 652 ecce
1207 622 1343 667 quare
1369 607 1471 654 volo

75 681 275 725 habitare
291 681 338 724 in
357 679 489 725 domo
511 680 685 725 Domini
702 695 779 740 per
793 695 942 725 omnes
960 679 1050 724 dies
1065 680 1166 725 vitae
1183 694 1307 724 meae.
1327 679 1472 725 Habet

12 745 17 765 ²
75 751 138 796 ibi
169 767 378 811 magnum
410 751 733 811 spectaculum,
769 750 1105 796 delectationem
1138 750 1272 811 ipsius
1296 752 1470 796 Domini

14 832 17 837 ’
77 822 382 882 contemplari.
414 822 522 867 Vult
543 823 664 867 finita
686 831 813 867 nocte
831 837 908 866 sua
940 823 1106 866 haerere
1127 822 1174 866 in
1193 821 1292 867 luce
1317 822 1467 883 ipsius.

82 896 206 938 Tunc
230 894 345 938 enim
362 894 445 938 erit
463 909 592 938 mane
613 901 810 938 nostrum
833 901 962 938 nocte
989 902 1206 938 transacta
1223 892 1368 938 :unde
1385 893 1471 939 alio

73 963 173 1010 loco
209 963 406 1010 Psalmus
428 964 535 1009 dicit
570 985 578 1010 :
611 968 776 1010 «Mane
805 964 954 1009 astabo
987 964 1092 1020 tibi,
1125 974 1169 1009 et
1195 964 1470 1025 contempla-

79 1057 98 1078 »
123 1036 244 1081 b0r2.
270 1056 288 1078 »
314 1036 448 1081 Modo
470 1036 569 1081 ideo
593 1052 684 1081 non
717 1035 1007 1096 contemplor,
1034 1036 1138 1097 quia
1165 1035 1304 1081 cecidi
1328 1056 1337 1081 :
1363 1045 1471 1082 tunc

74 1107 250 1163 astabo,
278 1117 322 1152 et
349 1106 697 1168 contemplabor.
732 1110 837 1152 Haec
858 1123 943 1152 vox
964 1108 1156 1152 humana
1188 1116 1267 1151 est.
1300 1107 1470 1153 Cecidit

74 1178 192 1222 enim
213 1179 348 1223 homo
365 1214 376 1235 ,
397 1188 441 1223 et
462 1195 552 1223 non
570 1180 815 1223 mitteretur
836 1179 911 1239 qui
929 1178 1133 1237 erigeret,
1152 1178 1232 1222 nisi
1249 1177 1471 1223 cecidisse-

72 1264 186 1294 mus.
224 1253 311 1296 Nos
342 1240 606 1306 cecidimus,
635 1250 709 1294 ille
732 1249 971 1295 descendit.
1000 1250 1080 1294 Ille
1102 1249 1354 1306 descendit,
1392 1267 1470 1296 nos

71 1320 269 1367 levamur
300 1342 309 1367 :
346 1341 364 1363 «
391 1323 502 1376 Quia
535 1338 664 1367 nemo
694 1322 889 1367 ascendit
907 1358 917 1377 ,
946 1322 1026 1366 nisi
1052 1322 1128 1382 qui
1150 1321 1416 1367 descendit3.
1446 1342 1466 1365 >5

73 1393 157 1448 Qui
180 1394 289 1449 ruit,
314 1393 506 1451 levatur,
541 1393 617 1453 qui
648 1392 894 1437 descendit.
927 1393 1132 1438 ascendit.
1169 1396 1226 1438 Et
1248 1409 1338 1438 non
1368 1393 1469 1440 ideo

71 1465 351 1524 desperemus
370 1500 380 1520 ,
407 1465 510 1525 quia
532 1464 605 1509 ille
622 1464 738 1509 solus
756 1464 963 1509 ascendit.
987 1468 1121 1510 Levat
1144 1465 1261 1509 enim
1282 1481 1360 1510 nos
1376 1501 1387 1521 ,
1413 1466 1470 1510 ad

72 1551 180 1596 quos
201 1535 404 1580 cadentes
437 1534 661 1580 descendit
692 1556 701 1580 ε
741 1545 784 1580 et
805 1536 1016 1580 stabimus
1034 1571 1044 1591 ,
1072 1545 1115 1580 et
1142 1536 1467 1596 contemplabi-

72 1616 187 1662 mur,
213 1615 258 1651 et
290 1622 449 1666 magna
470 1605 760 1651 delectatione
781 1606 1072 1666 perfruemur.
1105 1610 1218 1652 Ecce
1246 1607 1336 1651 dixi
1358 1609 1465 1664 hoc,

72 1684 117 1723 et
148 1678 420 1723 exclamastis
443 1677 658 1723 desiderio
681 1679 904 1740 cujusdam
939 1679 1094 1739 speciei
1126 1679 1325 1723 nondum
1349 1679 1467 1724 visae.

71 1749 265 1794 Excedat
303 1765 379 1794 cor
406 1759 597 1794 vestrum
623 1750 768 1794 omnia
797 1751 975 1806 usitata,
1013 1758 1056 1794 et
1082 1749 1262 1794 excedat
1282 1750 1469 1796 intentio

42 1816 43 1820 ’
72 1821 295 1866 universas
317 1821 600 1881 cogitationes
620 1830 781 1866 vestras
808 1821 1021 1867 solemnes
1040 1837 1088 1866 ex
1113 1838 1263 1877 carne,
1289 1821 1468 1868 eductas

72 1905 96 1936 a
113 1891 308 1936 sensibus
325 1893 486 1948 carnis,
503 1902 547 1937 et
562 1892 849 1951 imaginantes
865 1893 1010 1938 nescio
1028 1909 1128 1953 quae
1143 1894 1463 1953 phantasmata.

74 1962 234 2007 Totum
266 1963 320 2007 ab
352 1963 505 2007 animo.
526 1962 716 2023 rejicite,
743 1963 961 2024 quidquid
991 1964 1227 2008 occurrerit
1265 1973 1421 2023 negate
1454 1985 1463 2011 ε

71 2033 319 2092 cognoscite
337 2033 635 2078 infirmitatem
655 2032 797 2078 cordis
817 2034 969 2089 vestri,
993 2044 1037 2078 et
1066 2035 1169 2095 quia
1192 2033 1260 2079 vel
1278 2036 1467 2081 occurrit

71 2103 193 2165 quod
214 2105 402 2163 cogitare
424 2106 603 2165 possetis
621 2141 631 2161 ,
665 2104 797 2150 dicite
822 2125 831 2150 z
855 2109 953 2151 Non
976 2115 1040 2150 est
1062 2105 1174 2151 illud
1202 2125 1210 2151 z
1236 2123 1326 2151 non
1349 2108 1466 2152 enim

71 2175 106 2220 si
125 2174 237 2220 illud
249 2185 379 2231 esset,
396 2176 504 2222 mihi
517 2177 608 2237 jam
630 2177 901 2221 occurrisset.
926 2181 991 2222 Ita
1009 2177 1309 2223 desiderabitis
1322 2177 1466 2239 quod-

71 2245 173 2290 dam
206 2246 390 2291 bonum.
427 2246 567 2300 Quale
590 2247 789 2292 bonum?
816 2247 967 2292 Omnis
990 2248 1095 2292 boni
1117 2250 1285 2294 bonum
1302 2285 1313 2305 ,
1345 2250 1466 2294 unde

73 2332 202 2361 omne
219 2316 409 2372 bonum,
435 2316 603 2362 bonum
621 2319 688 2362 cui
709 2335 798 2363 non
821 2318 998 2363 additur
1019 2319 1127 2380 quid
1151 2321 1203 2365 sit
1229 2321 1373 2380 ipsum
1391 2320 1468 2365 bo-

72 2402 196 2431 num.
221 2386 389 2432 Dicitur
417 2388 534 2431 enim
556 2388 697 2434 bonus
718 2390 873 2445 homo,
909 2400 952 2434 et
972 2391 1114 2436 bonus
1135 2406 1250 2450 ager,
1275 2400 1319 2436 et
1348 2392 1465 2436 bona

73 2457 250 2513 domus,
270 2468 313 2503 et
335 2458 502 2503 bonum
525 2459 711 2515 animal,
733 2470 776 2505 et
803 2460 919 2505 bona
941 2460 1085 2517 arbor,
1111 2471 1155 2507 et
1174 2463 1342 2507 bonum
1365 2478 1464 2508 cor-

73 2543 176 2588 pus,
206 2538 250 2573 et
281 2530 399 2574 bona
432 2529 576 2574 anima
611 2550 619 2575 :
663 2530 915 2592 adjunxisti,
949 2533 1120 2593 quoties
1158 2533 1302 2579 dixisti
1337 2553 1346 2579 :
1376 2537 1464 2579 Bo-

122 2619 131 2636 ¹
152 2613 236 2647 Psal.
256 2625 344 2656 xxw,
363 2613 396 2656 4.
418 2632 459 2638 —
474 2615 601 2656 ²1d.v‚
626 2614 657 2648 5.
680 2633 720 2638 —
742 2614 755 2639 3
774 2618 867 2649 Joan.
887 2628 933 2658 in,
956 2616 1007 2649 13.
