1833 3284
363 290 604 318 ENARRA‘rto
636 291 668 317 11
701 292 746 318 ιΝ
778 290 981 318 PsALMUM·
1014 291 1138 318 xxm.
1367 279 1465 318 375,

2 407 6 414 ι
69 356 135 400 nis
155 355 312 400 domus
327 391 338 411 ,
363 354 587 401 videamus
608 356 709 416 quia
728 356 818 416 jam
840 355 1089 400 dedicatum
1114 364 1178 400 est
1200 363 1332 415 caput
1351 364 1454 400 nos-

0 467 7 474 .
67 436 186 471 trum
213 445 222 471 :
236 427 329 487 jam
349 426 470 471 facta-
485 436 548 470 est
569 426 785 471 dedicatio
804 426 960 471 domus
984 427 1029 470 in
1051 427 1218 486 capite,
1243 434 1455 488 tanquam

0 528 7 555 3
68 497 285 543 dedicatio
316 495 607 542 fundamenti.
634 500 778 558 Caput
797 513 966 542 sursum
998 507 1082 553 est,
1116 488 1455 543 fundamentum

0 610 6 616 .
68 568 271 613 deorsum
284 585 294 613 ε
312 580 367 612 ne
379 563 492 613 forte
504 578 731 629 propterea
743 568 854 613 male
869 567 1102 613 dixerimus
1117 564 1457 614 fundamentum

68 654 157 684 esse
170 639 389 685 Christum
405 658 413 685 ε
430 639 603 684 culmen
621 649 685 684 est
699 640 860 700 potius,
874 639 1067 684 ascendit
1079 639 1125 683 in
1139 638 1321 695 coelum⁷
1335 640 1457 685 sedet

68 709 124 754 ad
145 709 367 754 dexteram
389 710 541 754 Patris.
569 710 651 755 Scd
678 719 788 770 puto
809 726 887 755 nos
909 725 998 755 non
1020 725 1196 755 errasse.
1223 710 1456 771 Apostolus

68 780 185 825 enim
203 779 310 825 dixit
335 797 345 826 ι
376 796 396 823 α(
423 780 778 826 Fundamentum
802 781 917 825 enim
935 779 1055 826 aliud
1072 796 1202 826 nemo
1219 790 1361 842 'potest
1377 791 1458 843 p'o-

0 895 6 903 ,
70 871 90 894 »
115 865 243 908 nere,
262 860 421 912 praeter
436 851 481 896 id
503 850 624 913 quod
642 852 830 912 positum
846 861 926 907 est,
942 853 1064 913 quod
1081 862 1144 897 est
1165 855 1190 897 J
1193 867 1289 897 esus
1311 854 1460 899 Chris-

0 968 5 975 ,
71 942 91 966 »
117 932 186 967 tus
203 941 212 968 ε
228 922 262 967 si
275 922 372 983 quis
386 931 533 967 autem
555 923 965 983 superaedificaverit
978 939 1106 983 supra
1120 921 1459 969 fundamentum

0 1040 4 1047 ,
70 1012 91 1036 »
114 994 216 1049 hoc,
232 992 389 1038 aurum
403 1029 414 1049 ‚
437 1003 666 1053 argentum
682 1029 693 1049 ‚
718 993 883 1054 lapides
905 994 1114 1054 pretiosos
1132 996 1161 1038 ¹.
1192 1013 1212 1036 »
1240 995 1322 1048 Qui
1346 994 1459 1039 bene

0 1101 4 1128 :
67 1066 236 1121 vivunt,
261 1065 337 1126 qui
354 1069 494 1110 Deum
512 1067 730 1111 honorant
745 1075 789 1110 et
809 1065 1008 1121 laudant,
1028 1066 1104 1127 qui
1125 1067 1337 1126 patientes
1357 1075 1460 1113 sunt

0 1158 2 1191 ;
66 1136 112 1181 in
133 1136 491 1181 tribulationibus
507 1172 519 1193 ‚
544 1137 620 1197 qui
637 1136 886 1181 desiderant
909 1138 1089 1197 patria-m
1108 1173 1118 1192 ‚
1139 1137 1219 1197 ipsi
1241 1136 1461 1182 aedificant

0 1195 2 1260 ζ
67 1221 250 1263 aurum,
277 1217 507 1267 argentum
524 1243 535 1262 ‚
566 1206 730 1267 lapides
762 1207 972 1267 pretiosos
999 1226 1008 1252 :
1042 1207 1119 1267 qui
1147 1216 1292 1251 autem
1315 1215 1462 1252 amant

0 1326 2 1334 Ι
68 1276 212 1322 adhuc
229 1277 466 1333 saecularia,
492 1287 534 1322 et
552 1278 735 1336 negotiis
757 1278 938 1322 terrenis
959 1277 1167 1338 implicati
1191 1286 1308 1333 sunt,
1329 1287 1372 1322 et
1389 1277 1464 1322 de-

0 1388 2 1410 r
67 1348 147 1393 diti
170 1358 271 1393 sunt
283 1349 466 1394 vinculis
488 1349 751 1410 quibusdam
768 1359 810 1394 et
830 1349 1059 1394 affectibus
1081 1349 1236 1404 carnis,
1258 1348 1462 1395 domibus

0 1459 1 1469 ,
67 1421 169 1475 suis,
186 1419 461 1481 conjugibus,
479 1421 834 1480 possessionibus,
853 1429 896 1464 et
917 1430 1063 1464 tamen
1085 1420 1319 1465 Christiani
1340 1430 1458 1476 sunt,

0 1540 18 1553 Ἴ,
67 1492 125 1536 ita
146 1500 198 1536 ut
216 1506 291 1536 cor
307 1506 459 1536 eorum
475 1507 566 1535 non
582 1491 756 1536 recedat
774 1508 797 1536 a
812 1492 1001 1546 Christo,
1018 1500 1061 1536 et
1083 1490 1191 1535 nihil
1204 1501 1464 1552 praeponant

0 1602 1 1621 3
67 1563 239 1608 Christo
255 1597 266 1618 ,
287 1561 511 1624 quomodo
527 1564 573 1607 in
595 1562 856 1607 aedificando
878 1562 988 1606 nihil
1010 1563 1281 1622 praeponitur
1299 1562 1462 1608 funda-

67 1642 242 1691 ment03
266 1633 487 1677 aedificant
509 1632 688 1694 quidem
723 1634 804 1693 ipsi
826 1632 968 1691 ligna.
1014 1632 1184 1677 foenum
1202 1669 1212 1688 ‚
1238 1633 1460 1693 stipulam.

68 1703 144 1750 sed
166 1704 274 1765 quid
296 1713 468 1749 secutus
492 1706 586 1749 est?
607 1722 627 1746 «
641 1704 990 1765 Uniuscujusque
1013 1719 1122 1764 opus
1144 1704 1274 1765 quale
1291 1703 1466 1765 sitignis

58 1774 289 1835 probabit.
317 1793 337 1816 »
377 1774 495 1834 Ignis
529 1774 823 1819 tribulationis
859 1784 903 1819 et
932 1775 1199 1819 tentationis.
1239 1778 1325 1819 Iste
1355 1776 1463 1834 ignis

68 1845 229 1890 multos
250 1848 464 1904 Martyres
485 1846 557 1889 hic
578 1846 809 1905 probavit,
831 1861 961 1890 omne
979 1855 1126 1889 autem
1149 1861 1285 1904 genus
1306 1846 1467 1891 huma-

69 1931 175 1961 num
189 1916 348 1976 probat
359 1916 405 1959 in
418 1916 520 1959 fine.
537 1916 709 1959 Inventi
723 1925 825 1959 sunt
838 1919 1051 1973 Martyres
1068 1917 1144 1976 qui
1161 1916 1374 1960 haberent
1387 1916 1468 1962 ista

69 1986 306 2032 saecularia.
341 1989 483 2040 Quam
515 1986 643 2030 multi
674 1986 828 2031 divites
864 1995 907 2030 et
938 1996 1155 2031 senatores
1186 1988 1299 2046 passi
1335 1988 1463 2032 sunt!

9 2086 11 2089 .
69 2058 366 2103 AEdificabant
385 2066 531 2101 tamen
552 2056 733 2117 quidam
757 2072 908 2102 eorum
931 2057 1072 2116 ligna,
1100 2056 1269 2101 foenum
1288 2093 1299 2113 ‚
1325 2059 1467 2118 stipu-

8 2167 10 2170 ,
70 2129 158 2174 lam
179 2129 226 2172 in
249 2128 476 2173 affectibus
504 2129 745 2173 carnalium
768 2138 810 2173 et
832 2128 1104 2173 saecularium
1130 2144 1331 2173 curarum
1357 2149 1366 2174 :
1392 2129 1468 2174 sed

8 2254 14 2373 i

71 2209 218 2244 tamen
230 2200 333 2261 quia
348 2199 571 2245 Christum
592 2197 930 2244 fundamentum
953 2199 1181 2244 habebant
1198 2215 1327 2260 super
1348 2200 1470 2261 quod

72 2269 368 2324 aedificabant,
390 2270 493 2315 arsit
517 2269 689 2314 foenum
706 2306 716 2325 ,
748 2279 791 2315 et
812 2270 890 2330 ipsi
915 2280 1217 2315 remanserunt
1235 2271 1281 2314 in
1305 2269 1469 2315 funda-

72 2350 238 2385 mento.
275 2341 343 2386 Sic
371 2340 478 2385 dicit
510 2340 744 2403 Apostolus
771 2361 780 2387 ε
809 2361 829 2383 ι(
859 2342 901 2386 Si
941 2343 1063 2402 cujus
1095 2357 1204 2401 opus
1234 2342 1468 2398 manserit,

7 2457 11 2474 ιλ
77 2431 98 2454 »
131 2411 378 2457 mercedem
396 2412 602 2473 accipiet²
629 2431 638 2458 ε
661 2431 681 2454 n
703 2422 747 2457 et
764 2413 874 2457 nihil
892 2413 1070 2472 perdet3
1090 2413 1190 2474 quia
1210 2413 1331 2474 quod
1349 2428 1470 2458 ama-

75 2483 138 2527 vit
153 2517 164 2538 ‚
189 2483 272 2528 hoc
294 2483 501 2527 inveniet.
523 2482 640 2536 Quid
662 2499 766 2543 ergo
783 2483 865 2528 illis
888 2482 989 2528 fecit
1014 2484 1121 2542 ignis
1144 2481 1470 2529 tribulationis?

77 2552 283 2598 Probavit
296 2568 369 2598 eos
389 2572 398 2598 ;
421 2572 439 2594 «
461 2553 504 2598 Si
525 2554 649 2614 cujus
670 2569 780 2614 opus
800 2554 1109 2615 permanserit,
1130 2554 1377 2600 mercedem
1396 2570 1469 2599 ac-

126 2643 135 2659 *
155 2648 166 2667 1
185 2638 255 2668 Cor.
278 2648 322 2673 ιιι,
348 2648 396 2668 ιῐ,
425 2653 464 2659 —
487 2644 499 2658 a
519 2638 590 2668 Cor.
612 2637 728 2677 111713.
