1833 3284
391 221 633 250 ENAaiiATio
666 225 698 250 11
731 224 775 251 nv
809 223 1013 253 PSALMUM
1046 227 1167 254 xxvi.
1393 216 1471 255 351

85 290 266 333 Avertat
286 301 390 347 ergo
410 287 570 332 faciem
588 303 711 333 suam
728 304 751 334 a
768 290 955 351 peccatis
977 290 1062 336 tuis
1082 310 1092 337 ;
1111 289 1188 337 sed
1204 304 1296 336 non
1313 301 1478 337 avertat

84 359 239 411 faciem
256 375 379 404 suam
399 375 422 404 a
440 368 498 403 te.

142 432 287 476 XVII.
318 450 339 473 «
355 429 542 476 Auditor
554 446 676 477 meus
691 441 798 488 esto,
819 448 874 477 ne
896 432 1172 494 derelinquas
1185 435 1298 478 me¹.
1323 452 1344 476 »
1361 436 1476 480 Ecce

83 503 201 548 enim
222 503 269 547 in
290 503 359 549 via
379 519 475 548 sum
494 524 506 562 3
524 504 657 564 petivi
679 521 702 548 a
724 514 766 549 te
784 521 934 561 unam,
960 505 1156 550 habitare
1183 506 1228 551 in
1246 505 1377 551 domo
1398 515 1476 551 tua

82 589 161 634 per
195 589 344 619 omnes
379 574 471 620 dies
511 576 611 621 vitae
648 592 778 632 meae,
819 576 1105 638 contemplari
1139 577 1475 623 delectationem

83 655 204 691 tuam
222 682 232 701 ,
254 647 424 707 protegi
446 647 659 708 templum
688 658 837 708 tuum,
861 650 975 694 hanc
993 649 1124 710 petivi
1145 664 1277 694 unam
1303 669 1312 695 :
1337 649 1413 695 sed
1427 659 1477 694 ut

82 717 138 763 ad
155 716 274 762 illam
296 718 568 779 perveniam,
590 719 635 763 in
652 720 720 765 via
736 736 847 766 sum.
875 724 1006 765 Forte
1020 720 1136 765 dices
1157 721 1290 766 mihi:
1308 721 1472 777 Nitere,

82 788 284 844 ambula,
307 788 496 834 liberum
515 789 742 835 arbitrium
765 791 843 835 tibi
873 790 991 847 dedi,
1026 790 1262 836 voluntatis
1290 800 1379 836 tuae
1407 807 1468 849 es,

79 875 341 921 prosequere
358 860 496 917 viam,
513 853 671 922 quaere
693 878 844 922 pacem
867 872 910 907 et
931 879 1112 923 sequere
1125 878 1237 918 eam,
1259 863 1349 908 noli
1367 863 1473 908 avia

80 930 344 988 declinare&
368 932 459 978 noli
476 933 535 977 ibi
555 949 793 990 remanere,
818 934 908 979 noli
926 944 1041 979 retro
1059 935 1269 995 respicere
1297 954 1305 980 :
1331 950 1476 995 perse-

79 1018 181 1048 vera
196 1003 243 1047 in
265 1003 551 1060 ambulando,
568 1006 776 1065 quoniam
793 1025 813 1047 «
831 1005 916 1060 Qui
933 1006 1265 1065 perseveraverit
1279 1006 1475 1066 usquein

82 1092 102 1115 »
128 1074 284 1130 finem,
300 1074 371 1118 hic
392 1074 535 1120 salvus
553 1075 703 1120 eritss.»
727 1079 824 1120 Jam
846 1085 896 1120 tu
919 1086 1098 1137 accepto
1116 1075 1256 1121 libero
1273 1076 1471 1132 arbitrio,

78 1146 201 1205 quasi
223 1147 449 1204 praesumis
466 1145 585 1190 unde
599 1145 796 1191 ambules
813 1149 906 1205 (15)
921 1168 932 1205 3
951 1146 1042 1192 noli
1059 1146 1113 1191 de
1136 1156 1178 1191 te
1193 1162 1471 1208 praesumere,

77 1217 110 1261 si
129 1225 172 1260 te
187 1215 491 1278 dereliquerit,
516 1217 563 1261 in
594 1217 686 1278 ipsa
709 1218 777 1263 via
806 1218 981 1262 deficies
997 1254 1007 1274 ,
1036 1218 1184 1273 cades,
1220 1218 1443 1263 aberrabis
1459 1253 1471 1274 ,

77 1287 323 1332 remanebis
351 1307 359 1333 ε
385 1288 456 1333 die
485 1304 590 1347 ergo
622 1288 685 1332 illi
713 1309 720 1333 :
753 1289 1038 1334 Voluntatem
1076 1288 1255 1349 quidem
1290 1289 1476 1343 liberam

76 1358 184 1403 mihi
200 1357 356 1403 dedisti
375 1378 384 1404 z
404 1358 480 1403 sed
496 1359 587 1403 sine
601 1369 644 1404 te
659 1359 768 1403 nihil
782 1369 845 1404 est
858 1359 966 1404 mihi
982 1369 1164 1404 conatus
1179 1375 1302 1404 meus
1321 1380 1329 1405 2
1351 1379 1369 1402 «
1387 1359 1475 1404 Ad-

78 1448 99 1472 »
117 1430 372 1490 jutormeus
392 1439 500 1485 esto,
518 1445 573 1473 ne
587 1428 865 1491 derelinquas
883 1446 952 1474 me
974 1450 982 1475 :
1005 1446 1148 1492 neque
1161 1430 1369 1491 despicias
1382 1446 1470 1486 me,

79 1519 100 1543 »
127 1504 243 1546 Deus
264 1500 463 1546 salutaris
481 1516 602 1545 meus
614 1501 645 1546 ⁴.
670 1519 689 1542 »
711 1504 777 1546 Tu
794 1502 911 1546 enim
929 1502 1107 1563 adjuvas
1125 1502 1201 1563 qui
1219 1501 1471 1559 condidisti,

77 1581 127 1617 tu
148 1588 239 1616 non
261 1571 421 1616 deseris
443 1572 519 1632 qui
542 1572 710 1617 creasti.

133 1646 301 1688 XVIII.
327 1663 348 1686 a
374 1643 590 1697 Quoniam
607 1653 730 1704 pater
746 1659 868 1688 meus
887 1653 929 1688 et
949 1653 1086 1688 mater
1107 1659 1202 1688 mea
1225 1642 1472 1704 derelique-

0 1771 3 1777 μ
78 1733 99 1757 »
125 1723 227 1759 runt
247 1730 317 1759 me
332 1716 362 1759 ⁵.
387 1733 407 1757 »
429 1715 607 1760 Fecitse
622 1714 856 1775 parvulum
867 1718 957 1760 Deo
976 1735 984 1760 ;
1004 1715 1150 1775 ipsum
1164 1715 1268 1759 fecit
1281 1725 1469 1776 patrem,

0 1787 1 1819 ἕ
40 1829 42 1832 ⁴
75 1786 217 1846 ipsum
239 1785 344 1831 fecit
360 1795 558 1832 matrem.
581 1790 707 1832 Pater
721 1795 808 1842 est,
829 1787 932 1847 quia
953 1787 1175 1842 condidit,
1199 1787 1302 1847 quia
1324 1796 1467 1843 vocat,

75 1857 177 1917 quia
195 1857 347 1918 jubet,
373 1857 476 1918 quia
507 1857 647 1916 regit:
679 1867 841 1913 mater,
872 1857 975 1917 quia
1006 1856 1147 1912 fovet,
1181 1858 1283 1918 quia
1306 1857 1468 1913 nutrit,

75 1929 178 1990 quia
188 1928 335 1984 laetat,
350 1929 451 1989 quia
467 1929 677 1973 continet.
689 1948 708 1971 «
725 1933 853 1973 Pater
866 1944 988 1973 meus
1002 1937 1044 1972 et
1058 1938 1196 1972 mater
1208 1944 1304 1972 mea
1319 1927 1475 1972 dereli-

78 2018 99 2042 »
118 2010 311 2060 querunt
321 2015 391 2043 me
405 2019 412 2044 :
426 2000 635 2044 Dominus
646 2008 792 2043 autem
805 1998 1035 2059 assumpsit
1048 2014 1117 2042 me
1132 2008 1219 2043 :net
1230 1998 1474 2058 regendum

76 2081 120 2116 et
141 2069 439 2115 nutriendum.
466 2069 671 2115 Mortales
694 2079 893 2130 parentes
913 2079 1176 2129 genuerunt,
1199 2069 1278 2113 filii
1299 2085 1473 2114 sucees-

76 2152 227 2188 serunt
247 2141 451 2189 mortales
464 2141 739 2197 mortalibus,
758 2152 800 2186 et
813 2140 869 2186 ad
881 2142 966 2186 hoc
985 2141 1076 2186 nati
1099 2150 1201 2186 sunt
1222 2141 1299 2201 qui
1322 2157 1473 2186 sucee-

76 2214 248 2270 derent‚
274 2224 325 2258 ut
355 2213 434 2274 qui
462 2222 711 2272 genuerunt
739 2212 1002 2258 decederent
1034 2232 1043 2257 :
1069 2228 1159 2257 non
1186 2211 1369 2257 decedet
1396 2213 1473 2273 qui

76 2302 146 2332 me
164 2286 326 2331 creavit
338 2321 348 2340 ,
367 2301 446 2344 ego
462 2285 517 2330 ab
533 2284 609 2330 illo
623 2301 712 2330 non
725 2285 939 2330 recedam.
967 2305 986 2327 «
1006 2289 1264 2330 Patermeus
1276 2293 1318 2329 et
1336 2294 1474 2330 mater

80 2376 101 2400 »
126 2373 223 2402 mea
241 2356 573 2417 dereliquerunt
594 2372 664 2401 me
683 2377 691 2402 ε
709 2357 920 2401 Dominus
938 2365 1081 2400 autem
1097 2355 1327 2416 assumpsit
1344 2371 1428 2400 me.
1447 2374 1469 2398 n

76 2429 278 2489 Exceptis
287 2427 418 2473 etiam
429 2427 512 2473 illis
520 2427 693 2472 duobus
701 2428 969 2488 parentibus,
981 2427 1036 2479 de
1047 2442 1236 2488 quorum
1245 2443 1374 2472 earne
1382 2427 1475 2472 nati

125 2533 134 2550 ¹
160 2526 242 2559 Psal.
262 2537 349 2568 xxvi,
367 2537 402 2569 9.
423 2542 466 2548 —
493 2532 507 2549 ²
525 2525 573 2557 ld.
590 2535 703 2567 xxxin,
727 2524 778 2558 15.
800 2542 843 2549 -
865 2522 879 2548 ³
893 2524 1009 2558 Matth.
1032 2535 1100 2567 xix,
1123 2533 1179 2568 22,
1196 2528 1231 2558 et
1242 2536 1330 2566 nur,
1352 2524 1403 2558 13.
1427 2541 1469 2548 —

79 2581 95 2614 4
109 2584 190 2616 psal.
211 2593 297 2624 xxvr,
315 2594 348 2625 9.
370 2600 412 2606 —
427 2580 543 2614 ⁵1bid.
571 2592 621 2613 10.
