1833 3284
364 223 445 261 192
800 227 834 255 S-
871 229 1102 256 AUGUSTIM
1135 229 1318 256 El‘lscol’l

360 315 381 338 »
422 306 463 341 te
497 304 560 340 est
592 294 689 340 fons
710 294 838 349 vitae,
874 303 917 338 et
947 294 991 338 in
1013 292 1179 338 lumine
1201 303 1279 338 tuo
1309 292 1556 337 videbimus
1578 292 1742 337 lumen.

358 387 378 409 »
416 365 642 412 Praetcnde
660 365 998 411 misericordiam
1021 375 1141 409 tuam
1163 365 1397 410 scientibus
1418 374 1459 409 te
1475 367 1505 408 ¹.
1534 383 1555 406 n
1581 368 1749 409 Memor

356 447 419 483 est
433 438 565 497 igitur
581 437 770 482 hominis
785 453 860 496 per
873 435 1280 495 multiplicationem
1299 435 1619 490 misericordiae,
1637 435 1748 480 sicut

348 509 652 568 jumentorum
683 527 691 552 :
727 508 831 568 quia
873 506 1160 566 multiplicata
1197 505 1491 551 misericordia
1524 505 1654 550 etiam
1691 505 1748 550 ad

353 578 482 638 longe
516 580 677 639 positos
698 578 896 639 pervenit
921 597 929 622 :
966 577 1110 622 visitat
1130 592 1233 622 vero
1266 578 1406 621 filium
1435 576 1649 631 hominis,
1676 576 1747 621 cui

354 650 436 694 sub
464 651 734 710 protectione
764 648 931 693 alarum
954 663 1130 693 suarum
1162 648 1302 708 posito
1326 647 1560 709 praetendit
1581 647 1748 691 miseri-

353 721 545 765 cordiam
559 756 569 776 ,
596 730 639 764 et
659 721 704 764 in
726 719 892 764 lumine
914 736 992 764 suo
1014 719 1163 763 lumen
1183 720 1376 779 prfebet,
1398 728 1441 763 et
1459 733 1556 762 eum
1582 716 1747 766 deliciis

352 793 439 837 suis
469 802 612 852 potat,
644 802 687 836 et
711 792 899 836 inebriat
930 792 1131 835 ubertate
1162 789 1317 835 domus
1340 807 1429 835 suae
1447 826 1457 846 ,
1490 790 1545 834 ad
1567 788 1747 834 oblivis-

351 863 510 908 cendas
528 879 743 908 aerumnas
762 873 804 907 ct
823 863 1230 922 errorespraeteritae
1244 861 1598 907 conversationis
1618 863 1748 905 Hunc

352 934 491 978 filium
513 935 722 989 hominis,
744 934 788 978 id
812 943 874 978 est
890 969 901 989 ς
920 933 1143 978 hominem
1167 949 1332 978 novum
1352 969 1362 989 ,
1388 932 1647 993 poenitentia
1669 946 1747 975 ve-

351 1005 451 1048 teris
470 1005 656 1064 parturit
678 1020 778 1048 cum
802 1003 951 1048 dolore
970 1013 1013 1048 et
1037 1004 1214 1062 gemitu.
1245 1008 1331 1048 Iste
1353 1003 1551 1064 quamvis
1580 1018 1717 1047 novus
1734 1038 1745 1057 ,

350 1084 496 1119 tamen
518 1075 661 1120 adhuc
680 1074 860 1120 carnalis
884 1074 1058 1129 dicitur,
1083 1090 1185 1119 cum
1212 1072 1323 1118 lacte
1346 1074 1539 1118 nutritur
1564 1093 1571 1118 ;
1603 1093 1622 1115 «
1647 1076 1746 1118 Non

352 1163 374 1187 >›
409 1146 532 1205 potui
561 1146 685 1191 vobis
706 1145 828 1206 loqui
854 1145 978 1205 quasi
1006 1144 1293 1204 spiritalibus,
1320 1145 1396 1189 sed
1418 1145 1541 1206 quasi
1559 1143 1745 1189 carnali-

353 1234 374 1257 »
411 1216 515 1271 bus,
544 1235 563 1256 »
592 1216 735 1276 inquit
756 1214 1007 1276 Apostolus.
1034 1219 1091 1259 Et
1113 1224 1163 1259 ut
1184 1215 1430 1260 ostenderet
1452 1217 1541 1276 jam
1563 1230 1745 1274 regene-

351 1295 499 1330 ratos:
533 1306 553 1328 «
587 1289 812 1346 Tanquam
843 1285 1056 1345 parvulis,
1092 1286 1175 1339 ait,
1206 1286 1251 1329 in
1281 1287 1481 1342 Christo,
1521 1287 1586 1331 lac
1622 1286 1744 1330 vobis

355 1376 374 1397 »
415 1367 569 1417 potum
592 1356 692 1400 dccli
711 1393 721 1411 ,
753 1373 841 1400 non
869 1357 1061 1401 cibum&
1089 1376 1107 1397 »
1136 1360 1221 1401 Iste
1243 1374 1344 1402 cum
1373 1358 1597 1412 relabitur,
1623 1357 1744 1419 quod

349 1444 464 1488 saepe
491 1427 668 1482 accidit,
691 1428 745 1471 ad
768 1437 957 1471 veterem
980 1428 1129 1482 vitam,
1153 1445 1252 1473 cum
1271 1429 1603 1490 exprobratione
1621 1429 1743 1474 audit

348 1499 469 1560 quod
500 1500 631 1544 homo
655 1500 707 1543 sit
734 1519 741 1543 ;
779 1519 798 1540 «
824 1501 980 1544 Nonne
1013 1500 1211 1543 homines
1243 1501 1364 1556 estis,
1400 1500 1570 1561 inquit,
1606 1509 1650 1544 et
1676 1516 1743 1544 se-

350 1589 371 1611 »
408 1571 603 1615 cundum
626 1571 850 1615 hominem
870 1569 1100 1614 ambulatis
1116 1572 1161 1614 3?
1185 1589 1204 1611 »

407 1645 486 1686 XI.
517 1642 651 1686 Filius
682 1643 814 1701 igitur
849 1642 1034 1685 hominis
1063 1643 1204 1700 primo
1235 1642 1431 1687 visitatus
1459 1651 1522 1687 est
1560 1643 1604 1685 in
1647 1642 1740 1702 ipso

347 1713 523 1757 homine
539 1713 790 1767 Dominico,
816 1721 918 1756 nato
943 1728 993 1755 ex
1015 1713 1149 1756 Maria
1170 1713 1351 1770 virgine.
1370 1717 1432 1757 De
1453 1730 1542 1774 quo
1563 1723 1741 1773 propter

345 1783 483 1842 ipsam
519 1783 816 1826 infirmitatem
851 1782 1012 1837 carnis,
1048 1798 1178 1842 quam
1212 1783 1428 1842 Sapientia
1463 1784 1540 1827 Dei
1575 1792 1739 1842 gestare

346 1854 522 1912 dignata
545 1864 632 1909 cst,
653 1863 696 1898 et
719 1854 924 1914 passionis
943 1854 1232 1898 humilitatem
1252 1865 1367 1899 recte
1387 1855 1547 1899 dicitur
1569 1875 1576 1899 :
1608 1875 1626 1895 α
1652 1855 1737 1898 Mi-

351 1946 367 1965 »
404 1925 535 1969 nuisti
558 1941 657 1968 cuin
683 1924 812 1984 paulo
835 1925 977 1968 minus
1001 1925 1055 1968 ab
1079 1924 1296 1983 Angelis&
1327 1944 1346 1967 »
1371 1925 1455 1971 Sed
1473 1926 1648 1970 additur
1664 1925 1737 1969 itta

343 1995 594 2041 clarificatio
611 2032 621 2051 ,
647 2012 733 2057 qua
756 2011 982 2055 resurgens
1009 1995 1201 2040 ascendit
1223 1997 1269 2040 in
1297 1996 1458 2041 coelum
1483 2016 1490 2040 :
1520 2017 1539 2038 «
1564 1995 1732 2050 Gloria,

348 2085 367 2106 »
404 2067 573 2127 inquit,
606 2076 648 2110 ct
682 2067 848 2111 honore
876 2067 1089 2110 coronasti
1120 2083 1248 2124 cum,
1279 2076 1322 2110 et
1345 2067 1606 2112 constituisti
1634 2082 1734 2111 eum

347 2156 364 2177 »
400 2153 531 2197 super
553 2153 683 2197 opera
702 2152 911 2180 manuum
930 2146 1102 2180 tuarum
1116 2139 1146 2180 ⁵.
1170 2156 1188 2178 υ
1208 2137 1573 2198 Quandoquidem
1594 2142 1734 2182 ctAn-

342 2208 424 2266 geli
442 2218 544 2253 sunt
567 2225 697 2269 opera
720 2224 929 2253 manuum
951 2208 1043 2263 Dei,
1070 2209 1199 2252 etiam
1222 2224 1352 2268 super
1369 2209 1558 2268 Angelos
1577 2210 1734 2254 consti-

344 2288 485 2323 tutum
531 2280 765 2339 accipimus
800 2279 1077 2338 unigenitum
1115 2279 1274 2323 Filium
1308 2296 1316 2320 :
1349 2295 1479 2340 quem
1511 2281 1731 2325 minutum

340 2350 472 2409 paulo
496 2351 638 2394 minus
661 2350 716 2394 ab
743 2349 918 2408 Angelis
937 2365 1013 2408 per
1032 2349 1323 2394 humilitatem
1346 2350 1528 2395 carnalis
1549 2366 1729 2409 genera-

341 2420 470 2464 tionis
493 2430 623 2481 atque
645 2421 852 2480 passionis
869 2419 1090 2475 audimus,
1117 2428 1158 2463 et
1178 2420 1409 2465 credimus.

389 2512 395 2528 ¹
416 2505 496 2536 l’sal.
519 2517 618 2548 xxxv,
637 2517 787 2550 7—11.-
809 2513 822 2528 ²
848 2516 859 2537 1
886 2507 958 2537 Cor.
979 2516 1029 2546 ni,
1049 2505 1112 2536 1-3.
1136 2522 1177 2527 —
1198 2504 1310 2538 31bid.
1333 2505 1363 2538 3.
1381 2523 1423 2528 ·—-
1440 2505 1455 2536 4
1482 2505 1560 2539 Psal.
1579 2518 1643 2548 vni,
1664 2506 1696 2539 6.

340 2579 379 2584 —-
406 2560 420 2583 f,
444 2562 522 2594 thid.
550 2573 578 2603 ς.

1830 1544 1833 1652 ε

1828 1653 1833 1841 l
