<?xml version="1.0" encoding="UTF-8"?>
<!DOCTYPE html PUBLIC "-//W3C//DTD XHTML 1.0 Transitional//EN"
    "http://www.w3.org/TR/xhtml1/DTD/xhtml1-transitional.dtd">
<html xmlns="http://www.w3.org/1999/xhtml" xml:lang="en" lang="en">
 <head>
  <title>
</title>
<meta http-equiv="Content-Type" content="text/html;charset=utf-8" />
  <meta name='ocr-system' content='tesseract 3.04.00' />
  <meta name='ocr-capabilities' content='ocr_page ocr_carea ocr_par ocr_line ocrx_word'/>
</head>
<body>
  <div class='ocr_page' id='page_1' title='image "./operaomniaaccura07auguuoft_0434.png"; bbox 0 0 1833 3284; ppageno 0'>
   <div class='ocr_carea' id='block_1_1' title="bbox 417 242 1377 282">
    <p class='ocr_par' dir='ltr' id='par_1_1' title="bbox 417 242 1377 282">
     <span class='ocr_line' id='line_1_1' title="bbox 417 242 1377 282; baseline -0.002 0"><span class='ocrx_word' id='word_1_1' title='bbox 417 242 499 282; x_wconf 73' lang='lat'>412</span> <span class='ocrx_word' id='word_1_2' title='bbox 859 252 894 281; x_wconf 88' lang='lat' dir='ltr'>S.</span> <span class='ocrx_word' id='word_1_3' title='bbox 931 254 1162 281; x_wconf 61' lang='lat' dir='ltr'>Avensa-lm</span> <span class='ocrx_word' id='word_1_4' title='bbox 1196 255 1377 282; x_wconf 72' lang='lat' dir='ltr'>Emscom</span> 
     </span>
    </p>
   </div>
   <div class='ocr_carea' id='block_1_2' title="bbox 407 317 1812 2584">
    <p class='ocr_par' dir='ltr' id='par_1_2' title="bbox 413 317 1812 1444">
     <span class='ocr_line' id='line_1_2' title="bbox 413 317 1809 379; baseline 0 -17"><span class='ocrx_word' id='word_1_5' title='bbox 413 320 573 379; x_wconf 86' lang='lat' dir='ltr'>quibus</span> <span class='ocrx_word' id='word_1_6' title='bbox 604 318 695 363; x_wconf 89' lang='lat' dir='ltr'>noti</span> <span class='ocrx_word' id='word_1_7' title='bbox 723 333 892 374; x_wconf 85' lang='lat' dir='ltr'>sumus,</span> <span class='ocrx_word' id='word_1_8' title='bbox 918 318 1178 379; x_wconf 86' lang='lat' dir='ltr'>plerumque</span> <span class='ocrx_word' id='word_1_9' title='bbox 1200 319 1245 362; x_wconf 83' lang='lat' dir='ltr'>in</span> <span class='ocrx_word' id='word_1_10' title='bbox 1268 317 1457 363; x_wconf 83' lang='lat' dir='ltr'>dubium</span> <span class='ocrx_word' id='word_1_11' title='bbox 1479 318 1718 362; x_wconf 85' lang='lat' dir='ltr'>veniamus.</span> <span class='ocrx_word' id='word_1_12' title='bbox 1752 320 1809 363; x_wconf 88' lang='lat' dir='ltr'>Et</span> 
     </span>
     <span class='ocr_line' id='line_1_3' title="bbox 413 388 1809 451; baseline 0 -18"><span class='ocrx_word' id='word_1_13' title='bbox 413 390 494 434; x_wconf 87' lang='lat' dir='ltr'>nisi</span> <span class='ocrx_word' id='word_1_14' title='bbox 524 398 565 433; x_wconf 90' lang='lat' dir='ltr'>te</span> <span class='ocrx_word' id='word_1_15' title='bbox 595 388 845 434; x_wconf 81' lang='lat' dir='ltr'>consoletur</span> <span class='ocrx_word' id='word_1_16' title='bbox 865 389 986 451; x_wconf 88' lang='lat' dir='ltr'>quod</span> <span class='ocrx_word' id='word_1_17' title='bbox 1008 405 1073 445; x_wconf 88' lang='lat' dir='ltr'>es,</span> <span class='ocrx_word' id='word_1_18' title='bbox 1099 389 1134 434; x_wconf 93' lang='lat' dir='ltr'>si</span> <span class='ocrx_word' id='word_1_19' title='bbox 1157 389 1323 451; x_wconf 87' lang='lat' dir='ltr'>aliquid</span> <span class='ocrx_word' id='word_1_20' title='bbox 1345 405 1411 445; x_wconf 87' lang='lat' dir='ltr'>es,</span> <span class='ocrx_word' id='word_1_21' title='bbox 1438 405 1529 434; x_wconf 88' lang='lat' dir='ltr'>non</span> <span class='ocrx_word' id='word_1_22' title='bbox 1550 388 1688 434; x_wconf 89' lang='lat' dir='ltr'>credis</span> <span class='ocrx_word' id='word_1_23' title='bbox 1719 404 1809 434; x_wconf 89' lang='lat' dir='ltr'>esse</span> 
     </span>
     <span class='ocr_line' id='line_1_4' title="bbox 415 460 1811 521; baseline -0.001 -16"><span class='ocrx_word' id='word_1_24' title='bbox 415 460 602 505; x_wconf 82' lang='lat' dir='ltr'>alterum</span> <span class='ocrx_word' id='word_1_25' title='bbox 632 460 778 506; x_wconf 83' lang='lat' dir='ltr'>talem.</span> <span class='ocrx_word' id='word_1_26' title='bbox 815 462 1075 506; x_wconf 84' lang='lat' dir='ltr'>Consolatur</span> <span class='ocrx_word' id='word_1_27' title='bbox 1097 461 1320 505; x_wconf 88' lang='lat' dir='ltr'>hominem</span> <span class='ocrx_word' id='word_1_28' title='bbox 1343 461 1676 521; x_wconf 86' lang='lat' dir='ltr'>qualiscumque</span> <span class='ocrx_word' id='word_1_29' title='bbox 1703 475 1811 505; x_wconf 88' lang='lat' dir='ltr'>con-</span> 
     </span>
     <span class='ocr_line' id='line_1_5' title="bbox 414 531 1809 592; baseline -0.001 -16"><span class='ocrx_word' id='word_1_30' title='bbox 414 531 618 586; x_wconf 84' lang='lat' dir='ltr'>scientia,</span> <span class='ocrx_word' id='word_1_31' title='bbox 649 540 697 576; x_wconf 87' lang='lat' dir='ltr'>ut</span> <span class='ocrx_word' id='word_1_32' title='bbox 735 531 852 576; x_wconf 83' lang='lat' dir='ltr'>dicat</span> <span class='ocrx_word' id='word_1_33' title='bbox 892 532 972 576; x_wconf 88' lang='lat' dir='ltr'>sibi</span> <span class='ocrx_word' id='word_1_34' title='bbox 1012 532 1144 576; x_wconf 89' lang='lat' dir='ltr'>homo</span> <span class='ocrx_word' id='word_1_35' title='bbox 1173 531 1248 592; x_wconf 82' lang='lat' dir='ltr'>qui</span> <span class='ocrx_word' id='word_1_36' title='bbox 1285 532 1394 576; x_wconf 90' lang='lat' dir='ltr'>bene</span> <span class='ocrx_word' id='word_1_37' title='bbox 1426 531 1562 576; x_wconf 89' lang='lat' dir='ltr'>vivit:</span> <span class='ocrx_word' id='word_1_38' title='bbox 1588 533 1625 575; x_wconf 86' lang='grc' dir='ltr'>Ο</span> <span class='ocrx_word' id='word_1_39' title='bbox 1654 540 1702 575; x_wconf 88' lang='lat' dir='ltr'>tu</span> <span class='ocrx_word' id='word_1_40' title='bbox 1733 531 1809 592; x_wconf 86' lang='lat' dir='ltr'>qui</span> 
     </span>
     <span class='ocr_line' id='line_1_6' title="bbox 414 602 1811 664; baseline 0.001 -17"><span class='ocrx_word' id='word_1_41' title='bbox 414 604 547 648; x_wconf 88' lang='lat' dir='ltr'>modo</span> <span class='ocrx_word' id='word_1_42' title='bbox 571 603 729 648; x_wconf 88' lang='lat' dir='ltr'>vereris</span> <span class='ocrx_word' id='word_1_43' title='bbox 754 619 807 647; x_wconf 88' lang='lat' dir='ltr'>ne</span> <span class='ocrx_word' id='word_1_44' title='bbox 831 602 936 648; x_wconf 87' lang='lat' dir='ltr'>tales</span> <span class='ocrx_word' id='word_1_45' title='bbox 965 604 1051 648; x_wconf 88' lang='lat' dir='ltr'>sint</span> <span class='ocrx_word' id='word_1_46' title='bbox 1072 619 1246 659; x_wconf 87' lang='lat' dir='ltr'>omncs,</span> <span class='ocrx_word' id='word_1_47' title='bbox 1274 613 1321 648; x_wconf 90' lang='lat' dir='ltr'>tu</span> <span class='ocrx_word' id='word_1_48' title='bbox 1346 603 1440 648; x_wconf 76' lang='lat' dir='ltr'>talis</span> <span class='ocrx_word' id='word_1_49' title='bbox 1463 606 1532 647; x_wconf 79' lang='lat' dir='ltr'>cs?</span> <span class='ocrx_word' id='word_1_50' title='bbox 1560 603 1811 664; x_wconf 84' lang='lat' dir='ltr'>Respondet</span> 
     </span>
     <span class='ocr_line' id='line_1_7' title="bbox 414 673 1810 735; baseline 0 -17"><span class='ocrx_word' id='word_1_51' title='bbox 414 674 676 719; x_wconf 85' lang='lat' dir='ltr'>conscientia</span> <span class='ocrx_word' id='word_1_52' title='bbox 695 695 702 719; x_wconf 91' lang='lat'>:</span> <span class='ocrx_word' id='word_1_53' title='bbox 724 677 821 719; x_wconf 85' lang='lat' dir='ltr'>Non</span> <span class='ocrx_word' id='word_1_54' title='bbox 838 690 951 719; x_wconf 86' lang='lat' dir='ltr'>sum.</span> <span class='ocrx_word' id='word_1_55' title='bbox 974 678 1091 734; x_wconf 83' lang='lat' dir='ltr'>Ergo</span> <span class='ocrx_word' id='word_1_56' title='bbox 1113 675 1147 719; x_wconf 89' lang='lat' dir='ltr'>si</span> <span class='ocrx_word' id='word_1_57' title='bbox 1166 674 1260 719; x_wconf 80' lang='lat' dir='ltr'>talis</span> <span class='ocrx_word' id='word_1_58' title='bbox 1281 691 1370 719; x_wconf 93' lang='lat' dir='ltr'>non</span> <span class='ocrx_word' id='word_1_59' title='bbox 1392 690 1460 730; x_wconf 87' lang='lat' dir='ltr'>es,</span> <span class='ocrx_word' id='word_1_60' title='bbox 1483 673 1599 735; x_wconf 89' lang='lat' dir='ltr'>solus</span> <span class='ocrx_word' id='word_1_61' title='bbox 1613 674 1810 718; x_wconf 77' lang='lat' dir='ltr'>es?Vide</span> 
     </span>
     <span class='ocr_line' id='line_1_8' title="bbox 415 743 1810 807; baseline 0 -18"><span class='ocrx_word' id='word_1_62' title='bbox 415 761 470 789; x_wconf 89' lang='lat' dir='ltr'>nc</span> <span class='ocrx_word' id='word_1_63' title='bbox 493 746 613 805; x_wconf 81' lang='lat' dir='ltr'>pejor</span> <span class='ocrx_word' id='word_1_64' title='bbox 635 746 689 790; x_wconf 89' lang='lat' dir='ltr'>sit</span> <span class='ocrx_word' id='word_1_65' title='bbox 711 746 789 790; x_wconf 85' lang='lat' dir='ltr'>ista</span> <span class='ocrx_word' id='word_1_66' title='bbox 807 746 1008 805; x_wconf 86' lang='lat' dir='ltr'>superbia</span> <span class='ocrx_word' id='word_1_67' title='bbox 1029 781 1040 800; x_wconf 93' lang='lat'>,</span> <span class='ocrx_word' id='word_1_68' title='bbox 1061 761 1193 807; x_wconf 83' lang='lat' dir='ltr'>quam</span> <span class='ocrx_word' id='word_1_69' title='bbox 1214 744 1287 790; x_wconf 90' lang='lat' dir='ltr'>illa</span> <span class='ocrx_word' id='word_1_70' title='bbox 1312 745 1521 807; x_wconf 88' lang='lat' dir='ltr'>nequitia.</span> <span class='ocrx_word' id='word_1_71' title='bbox 1548 744 1653 790; x_wconf 82' lang='lat' dir='ltr'>Noli·</span> <span class='ocrx_word' id='word_1_72' title='bbox 1669 743 1810 789; x_wconf 87' lang='lat' dir='ltr'>solum</span> 
     </span>
     <span class='ocr_line' id='line_1_9' title="bbox 418 815 1810 878; baseline 0 -18"><span class='ocrx_word' id='word_1_73' title='bbox 418 826 458 860; x_wconf 88' lang='lat' dir='ltr'>te</span> <span class='ocrx_word' id='word_1_74' title='bbox 480 816 640 860; x_wconf 82' lang='lat' dir='ltr'>dicere.</span> <span class='ocrx_word' id='word_1_75' title='bbox 667 819 776 862; x_wconf 84' lang='lat' dir='ltr'>Nam</span> <span class='ocrx_word' id='word_1_76' title='bbox 799 825 841 860; x_wconf 88' lang='lat' dir='ltr'>et</span> <span class='ocrx_word' id='word_1_77' title='bbox 863 816 978 861; x_wconf 86' lang='lat' dir='ltr'>Elias</span> <span class='ocrx_word' id='word_1_78' title='bbox 1000 815 1237 878; x_wconf 77' lang='lat' dir='ltr'>aliquando</span> <span class='ocrx_word' id='word_1_79' title='bbox 1261 816 1390 861; x_wconf 69' lang='lat' dir='ltr'>toedio</span> <span class='ocrx_word' id='word_1_80' title='bbox 1408 815 1703 861; x_wconf 82' lang='lat' dir='ltr'>multitudinis</span> <span class='ocrx_word' id='word_1_81' title='bbox 1725 816 1810 860; x_wconf 89' lang='lat' dir='ltr'>im-</span> 
     </span>
     <span class='ocr_line' id='line_1_10' title="bbox 415 884 1810 947; baseline 0 -17"><span class='ocrx_word' id='word_1_82' title='bbox 415 887 586 947; x_wconf 85' lang='lat' dir='ltr'>piorum</span> <span class='ocrx_word' id='word_1_83' title='bbox 607 887 666 932; x_wconf 84' lang='lat' dir='ltr'>ait</span> <span class='ocrx_word' id='word_1_84' title='bbox 692 907 700 932; x_wconf 79' lang='lat' dir='ltr'>z</span> <span class='ocrx_word' id='word_1_85' title='bbox 732 888 1005 947; x_wconf 84' lang='lat' dir='ltr'>«Prophetas</span> <span class='ocrx_word' id='word_1_86' title='bbox 1030 898 1125 932; x_wconf 85' lang='lat' dir='ltr'>tuos</span> <span class='ocrx_word' id='word_1_87' title='bbox 1143 887 1421 942; x_wconf 80' lang='lat' dir='ltr'>occiderunt,</span> <span class='ocrx_word' id='word_1_88' title='bbox 1445 887 1597 932; x_wconf 74' lang='lat' dir='ltr'>altaria</span> <span class='ocrx_word' id='word_1_89' title='bbox 1620 896 1692 931; x_wconf 84' lang='lat' dir='ltr'>tua</span> <span class='ocrx_word' id='word_1_90' title='bbox 1715 884 1810 931; x_wconf 87' lang='lat' dir='ltr'>suf-</span> 
     </span>
     <span class='ocr_line' id='line_1_11' title="bbox 420 957 1812 1020; baseline 0.001 -19"><span class='ocrx_word' id='word_1_91' title='bbox 420 981 437 1000; x_wconf 90' lang='lat'>»</span> <span class='ocrx_word' id='word_1_92' title='bbox 474 957 698 1014; x_wconf 84' lang='lat' dir='ltr'>foderunt,</span> <span class='ocrx_word' id='word_1_93' title='bbox 721 969 764 1004; x_wconf 90' lang='lat' dir='ltr'>et</span> <span class='ocrx_word' id='word_1_94' title='bbox 785 975 863 1017; x_wconf 82' lang='lat' dir='ltr'>ego</span> <span class='ocrx_word' id='word_1_95' title='bbox 879 959 1052 1004; x_wconf 86' lang='lat' dir='ltr'>relictus</span> <span class='ocrx_word' id='word_1_96' title='bbox 1065 975 1161 1004; x_wconf 89' lang='lat' dir='ltr'>sum</span> <span class='ocrx_word' id='word_1_97' title='bbox 1174 957 1305 1015; x_wconf 88' lang='lat' dir='ltr'>solus,</span> <span class='ocrx_word' id='word_1_98' title='bbox 1329 969 1373 1004; x_wconf 90' lang='lat' dir='ltr'>et</span> <span class='ocrx_word' id='word_1_99' title='bbox 1394 967 1602 1020; x_wconf 81' lang='lat' dir='ltr'>quaerunt</span> <span class='ocrx_word' id='word_1_100' title='bbox 1623 958 1812 1002; x_wconf 77' lang='lat' dir='ltr'>animam</span> 
     </span>
     <span class='ocr_line' id='line_1_12' title="bbox 418 1028 1812 1090; baseline 0 -17"><span class='ocrx_word' id='word_1_101' title='bbox 418 1048 437 1070; x_wconf 89' lang='lat'>»</span> <span class='ocrx_word' id='word_1_102' title='bbox 473 1045 661 1074; x_wconf 82' lang='lat' dir='ltr'>meam.»</span> <span class='ocrx_word' id='word_1_103' title='bbox 679 1029 761 1075; x_wconf 87' lang='lat' dir='ltr'>Sed</span> <span class='ocrx_word' id='word_1_104' title='bbox 776 1030 884 1090; x_wconf 90' lang='lat' dir='ltr'>quid</span> <span class='ocrx_word' id='word_1_105' title='bbox 896 1030 1002 1074; x_wconf 89' lang='lat' dir='ltr'>dicit</span> <span class='ocrx_word' id='word_1_106' title='bbox 1016 1029 1079 1073; x_wconf 87' lang='lat' dir='ltr'>illi</span> <span class='ocrx_word' id='word_1_107' title='bbox 1096 1045 1349 1090; x_wconf 86' lang='lat' dir='ltr'>responsum</span> <span class='ocrx_word' id='word_1_108' title='bbox 1361 1029 1561 1075; x_wconf 90' lang='lat' dir='ltr'>divinum</span> <span class='ocrx_word' id='word_1_109' title='bbox 1570 1032 1588 1072; x_wconf 74' lang='lat'>‘3</span> <span class='ocrx_word' id='word_1_110' title='bbox 1601 1049 1621 1072; x_wconf 91' lang='lat'>«</span> <span class='ocrx_word' id='word_1_111' title='bbox 1636 1028 1812 1090; x_wconf 88' lang='lat' dir='ltr'>Reliqui</span> 
     </span>
     <span class='ocr_line' id='line_1_13' title="bbox 418 1101 1810 1162; baseline 0.001 -20"><span class='ocrx_word' id='word_1_112' title='bbox 418 1119 437 1142; x_wconf 90' lang='lat'>»</span> <span class='ocrx_word' id='word_1_113' title='bbox 474 1101 580 1145; x_wconf 88' lang='lat' dir='ltr'>mihi</span> <span class='ocrx_word' id='word_1_114' title='bbox 602 1110 769 1161; x_wconf 85' lang='lat' dir='ltr'>septem</span> <span class='ocrx_word' id='word_1_115' title='bbox 802 1101 936 1145; x_wconf 84' lang='lat' dir='ltr'>millia</span> <span class='ocrx_word' id='word_1_116' title='bbox 965 1101 1157 1146; x_wconf 83' lang='lat' dir='ltr'>virorum</span> <span class='ocrx_word' id='word_1_117' title='bbox 1173 1137 1184 1156; x_wconf 88' lang='lat'>,</span> <span class='ocrx_word' id='word_1_118' title='bbox 1214 1102 1289 1162; x_wconf 86' lang='lat' dir='ltr'>qui</span> <span class='ocrx_word' id='word_1_119' title='bbox 1313 1117 1402 1145; x_wconf 92' lang='lat' dir='ltr'>non</span> <span class='ocrx_word' id='word_1_120' title='bbox 1424 1110 1717 1146; x_wconf 84' lang='lat' dir='ltr'>curvaverunt</span> <span class='ocrx_word' id='word_1_121' title='bbox 1734 1116 1810 1160; x_wconf 84' lang='lat' dir='ltr'>ge-</span> 
     </span>
     <span class='ocr_line' id='line_1_14' title="bbox 418 1171 1811 1237; baseline 0.001 -24"><span class='ocrx_word' id='word_1_122' title='bbox 418 1191 437 1214; x_wconf 90' lang='lat'>»</span> <span class='ocrx_word' id='word_1_123' title='bbox 474 1188 561 1216; x_wconf 87' lang='lat' dir='ltr'>nua</span> <span class='ocrx_word' id='word_1_124' title='bbox 587 1182 687 1216; x_wconf 84' lang='lat' dir='ltr'>ante</span> <span class='ocrx_word' id='word_1_125' title='bbox 718 1173 818 1216; x_wconf 84' lang='lat' dir='ltr'>Baal</span> <span class='ocrx_word' id='word_1_126' title='bbox 841 1175 868 1216; x_wconf 87' lang='lat'>¹.</span> <span class='ocrx_word' id='word_1_127' title='bbox 897 1192 915 1213; x_wconf 87' lang='lat'>»</span> <span class='ocrx_word' id='word_1_128' title='bbox 954 1175 1093 1237; x_wconf 59' lang='lat' dir='ltr'>Ergo,</span> <span class='ocrx_word' id='word_1_129' title='bbox 1127 1171 1280 1217; x_wconf 80' lang='lat' dir='ltr'>fratres</span> <span class='ocrx_word' id='word_1_130' title='bbox 1301 1208 1312 1228; x_wconf 92' lang='lat'>,</span> <span class='ocrx_word' id='word_1_131' title='bbox 1343 1173 1455 1216; x_wconf 87' lang='lat' dir='ltr'>inter</span> <span class='ocrx_word' id='word_1_132' title='bbox 1488 1173 1582 1216; x_wconf 82' lang='lat' dir='ltr'>haec</span> <span class='ocrx_word' id='word_1_133' title='bbox 1609 1171 1811 1216; x_wconf 84' lang='lat' dir='ltr'>scandala</span> 
     </span>
     <span class='ocr_line' id='line_1_15' title="bbox 416 1242 1810 1299; baseline 0 -13"><span class='ocrx_word' id='word_1_134' title='bbox 416 1259 554 1287; x_wconf 88' lang='lat' dir='ltr'>unum</span> <span class='ocrx_word' id='word_1_135' title='bbox 568 1253 631 1288; x_wconf 90' lang='lat' dir='ltr'>cst</span> <span class='ocrx_word' id='word_1_136' title='bbox 644 1243 908 1299; x_wconf 87' lang='lat' dir='ltr'>remedium,</span> <span class='ocrx_word' id='word_1_137' title='bbox 926 1259 980 1288; x_wconf 92' lang='lat' dir='ltr'>ne</span> <span class='ocrx_word' id='word_1_138' title='bbox 1002 1243 1114 1288; x_wconf 81' lang='lat' dir='ltr'>male</span> <span class='ocrx_word' id='word_1_139' title='bbox 1139 1243 1296 1288; x_wconf 84' lang='lat' dir='ltr'>sentias</span> <span class='ocrx_word' id='word_1_140' title='bbox 1318 1244 1372 1287; x_wconf 86' lang='lat' dir='ltr'>de</span> <span class='ocrx_word' id='word_1_141' title='bbox 1395 1242 1528 1287; x_wconf 82' lang='lat' dir='ltr'>fratre</span> <span class='ocrx_word' id='word_1_142' title='bbox 1543 1253 1634 1288; x_wconf 88' lang='lat' dir='ltr'>tuo.</span> <span class='ocrx_word' id='word_1_143' title='bbox 1652 1243 1810 1287; x_wconf 89' lang='lat' dir='ltr'>Humi-</span> 
     </span>
     <span class='ocr_line' id='line_1_16' title="bbox 415 1312 1810 1375; baseline 0 -17"><span class='ocrx_word' id='word_1_144' title='bbox 415 1313 513 1358; x_wconf 83' lang='lat' dir='ltr'>liter</span> <span class='ocrx_word' id='word_1_145' title='bbox 531 1325 622 1359; x_wconf 83' lang='lat' dir='ltr'>esto</span> <span class='ocrx_word' id='word_1_146' title='bbox 645 1314 840 1375; x_wconf 86' lang='lat' dir='ltr'>quodvis</span> <span class='ocrx_word' id='word_1_147' title='bbox 859 1331 960 1358; x_wconf 87' lang='lat' dir='ltr'>eum</span> <span class='ocrx_word' id='word_1_148' title='bbox 974 1330 1080 1370; x_wconf 89' lang='lat' dir='ltr'>esse,</span> <span class='ocrx_word' id='word_1_149' title='bbox 1102 1324 1145 1359; x_wconf 94' lang='lat' dir='ltr'>et</span> <span class='ocrx_word' id='word_1_150' title='bbox 1160 1330 1249 1359; x_wconf 89' lang='lat' dir='ltr'>non</span> <span class='ocrx_word' id='word_1_151' title='bbox 1269 1315 1443 1374; x_wconf 84' lang='lat' dir='ltr'>putabis</span> <span class='ocrx_word' id='word_1_152' title='bbox 1461 1330 1560 1358; x_wconf 88' lang='lat' dir='ltr'>eum</span> <span class='ocrx_word' id='word_1_153' title='bbox 1585 1329 1674 1358; x_wconf 88' lang='lat' dir='ltr'>esse</span> <span class='ocrx_word' id='word_1_154' title='bbox 1690 1312 1810 1374; x_wconf 85' lang='lat' dir='ltr'>quod</span> 
     </span>
     <span class='ocr_line' id='line_1_17' title="bbox 416 1384 1806 1444; baseline 0 -15"><span class='ocrx_word' id='word_1_155' title='bbox 416 1400 505 1430; x_wconf 90' lang='lat' dir='ltr'>non</span> <span class='ocrx_word' id='word_1_156' title='bbox 529 1401 587 1430; x_wconf 91' lang='lat' dir='ltr'>es.</span> <span class='ocrx_word' id='word_1_157' title='bbox 614 1384 697 1431; x_wconf 90' lang='lat' dir='ltr'>Sed</span> <span class='ocrx_word' id='word_1_158' title='bbox 721 1394 868 1429; x_wconf 84' lang='lat' dir='ltr'>tamen</span> <span class='ocrx_word' id='word_1_159' title='bbox 891 1385 942 1429; x_wconf 85' lang='lat' dir='ltr'>fit</span> <span class='ocrx_word' id='word_1_160' title='bbox 960 1385 1089 1430; x_wconf 82' lang='lat' dir='ltr'>etiam</span> <span class='ocrx_word' id='word_1_161' title='bbox 1114 1385 1244 1429; x_wconf 84' lang='lat' dir='ltr'>timor</span> <span class='ocrx_word' id='word_1_162' title='bbox 1267 1385 1381 1430; x_wconf 88' lang='lat' dir='ltr'>notis</span> <span class='ocrx_word' id='word_1_163' title='bbox 1398 1420 1410 1440; x_wconf 92' lang='lat'><em>‚</em></span> <span class='ocrx_word' id='word_1_164' title='bbox 1437 1385 1569 1429; x_wconf 86' lang='lat' dir='ltr'>etiam</span> <span class='ocrx_word' id='word_1_165' title='bbox 1604 1385 1806 1444; x_wconf 78' lang='lat' dir='ltr'>expertis.</span> 
     </span>
    </p>

    <p class='ocr_par' dir='ltr' id='par_1_3' title="bbox 407 1454 1810 2584">
     <span class='ocr_line' id='line_1_18' title="bbox 479 1454 1807 1515; baseline -0.002 -16"><span class='ocrx_word' id='word_1_166' title='bbox 479 1458 597 1499; x_wconf 80' lang='lat' dir='ltr'>Vlll.</span> <span class='ocrx_word' id='word_1_167' title='bbox 639 1475 654 1495; x_wconf 88' lang='lat'>«</span> <span class='ocrx_word' id='word_1_168' title='bbox 684 1456 768 1509; x_wconf 87' lang='lat' dir='ltr'>Qui</span> <span class='ocrx_word' id='word_1_169' title='bbox 801 1455 1013 1500; x_wconf 78' lang='lat' dir='ltr'>videbant</span> <span class='ocrx_word' id='word_1_170' title='bbox 1052 1471 1147 1511; x_wconf 90' lang='lat' dir='ltr'>me,</span> <span class='ocrx_word' id='word_1_171' title='bbox 1183 1454 1296 1500; x_wconf 80' lang='lat' dir='ltr'>foras</span> <span class='ocrx_word' id='word_1_172' title='bbox 1327 1455 1538 1515; x_wconf 79' lang='lat' dir='ltr'>fugerunt</span> <span class='ocrx_word' id='word_1_173' title='bbox 1571 1471 1594 1499; x_wconf 84' lang='lat' dir='ltr'>a</span> <span class='ocrx_word' id='word_1_174' title='bbox 1625 1469 1694 1498; x_wconf 89' lang='lat' dir='ltr'>me</span> <span class='ocrx_word' id='word_1_175' title='bbox 1715 1457 1748 1498; x_wconf 77' lang='lat'>¹².</span> <span class='ocrx_word' id='word_1_176' title='bbox 1786 1473 1807 1496; x_wconf 84' lang='lat'>»</span> 
     </span>
     <span class='ocr_line' id='line_1_19' title="bbox 415 1525 1810 1587; baseline -0.001 -16"><span class='ocrx_word' id='word_1_177' title='bbox 415 1526 736 1586; x_wconf 82' lang='lat' dir='ltr'>Ignoscendum</span> <span class='ocrx_word' id='word_1_178' title='bbox 755 1536 864 1571; x_wconf 88' lang='lat' dir='ltr'>esset</span> <span class='ocrx_word' id='word_1_179' title='bbox 887 1527 920 1571; x_wconf 90' lang='lat' dir='ltr'>si</span> <span class='ocrx_word' id='word_1_180' title='bbox 947 1527 1058 1571; x_wconf 79' lang='lat' dir='ltr'>foras</span> <span class='ocrx_word' id='word_1_181' title='bbox 1083 1526 1294 1586; x_wconf 83' lang='lat' dir='ltr'>fugissent</span> <span class='ocrx_word' id='word_1_182' title='bbox 1312 1544 1335 1571; x_wconf 82' lang='lat' dir='ltr'>a</span> <span class='ocrx_word' id='word_1_183' title='bbox 1358 1542 1426 1570; x_wconf 90' lang='lat' dir='ltr'>me</span> <span class='ocrx_word' id='word_1_184' title='bbox 1442 1562 1453 1581; x_wconf 91' lang='lat'>,</span> <span class='ocrx_word' id='word_1_185' title='bbox 1480 1526 1556 1587; x_wconf 88' lang='lat' dir='ltr'>qui</span> <span class='ocrx_word' id='word_1_186' title='bbox 1577 1541 1666 1570; x_wconf 91' lang='lat' dir='ltr'>non</span> <span class='ocrx_word' id='word_1_187' title='bbox 1686 1525 1810 1570; x_wconf 86' lang='lat' dir='ltr'>vide-</span> 
     </span>
     <span class='ocr_line' id='line_1_20' title="bbox 416 1596 1806 1659; baseline -0.001 -17"><span class='ocrx_word' id='word_1_188' title='bbox 416 1598 523 1642; x_wconf 79' lang='lat' dir='ltr'>bant</span> <span class='ocrx_word' id='word_1_189' title='bbox 555 1614 623 1642; x_wconf 90' lang='lat' dir='ltr'>me</span> <span class='ocrx_word' id='word_1_190' title='bbox 655 1619 663 1643; x_wconf 89' lang='lat'>:</span> <span class='ocrx_word' id='word_1_191' title='bbox 690 1598 822 1642; x_wconf 82' lang='lat' dir='ltr'>etiam</span> <span class='ocrx_word' id='word_1_192' title='bbox 845 1599 920 1659; x_wconf 89' lang='lat' dir='ltr'>qui</span> <span class='ocrx_word' id='word_1_193' title='bbox 941 1597 1154 1642; x_wconf 84' lang='lat' dir='ltr'>videbant</span> <span class='ocrx_word' id='word_1_194' title='bbox 1176 1614 1271 1654; x_wconf 85' lang='lat' dir='ltr'>me,</span> <span class='ocrx_word' id='word_1_195' title='bbox 1300 1597 1413 1642; x_wconf 83' lang='lat' dir='ltr'>foras</span> <span class='ocrx_word' id='word_1_196' title='bbox 1438 1596 1650 1656; x_wconf 84' lang='lat' dir='ltr'>fugerunt</span> <span class='ocrx_word' id='word_1_197' title='bbox 1670 1612 1694 1641; x_wconf 89' lang='lat' dir='ltr'>a</span> <span class='ocrx_word' id='word_1_198' title='bbox 1721 1612 1806 1640; x_wconf 89' lang='lat' dir='ltr'>me.</span> 
     </span>
     <span class='ocr_line' id='line_1_21' title="bbox 416 1667 1810 1730; baseline -0.001 -17"><span class='ocrx_word' id='word_1_199' title='bbox 416 1668 501 1713; x_wconf 78' lang='lat' dir='ltr'>Sed</span> <span class='ocrx_word' id='word_1_200' title='bbox 523 1670 556 1713; x_wconf 90' lang='lat' dir='ltr'>si</span> <span class='ocrx_word' id='word_1_201' title='bbox 579 1670 654 1730; x_wconf 88' lang='lat' dir='ltr'>qui</span> <span class='ocrx_word' id='word_1_202' title='bbox 677 1685 746 1713; x_wconf 88' lang='lat' dir='ltr'>me</span> <span class='ocrx_word' id='word_1_203' title='bbox 775 1685 864 1713; x_wconf 86' lang='lat' dir='ltr'>non</span> <span class='ocrx_word' id='word_1_204' title='bbox 892 1668 1102 1713; x_wconf 82' lang='lat' dir='ltr'>videbant</span> <span class='ocrx_word' id='word_1_205' title='bbox 1118 1704 1133 1724; x_wconf 80' lang='lat'>,</span> <span class='ocrx_word' id='word_1_206' title='bbox 1166 1668 1278 1713; x_wconf 78' lang='lat' dir='ltr'>foras</span> <span class='ocrx_word' id='word_1_207' title='bbox 1302 1667 1511 1726; x_wconf 83' lang='lat' dir='ltr'>fugerunt</span> <span class='ocrx_word' id='word_1_208' title='bbox 1535 1684 1559 1711; x_wconf 84' lang='lat' dir='ltr'>a</span> <span class='ocrx_word' id='word_1_209' title='bbox 1576 1683 1646 1711; x_wconf 91' lang='lat' dir='ltr'>me</span> <span class='ocrx_word' id='word_1_210' title='bbox 1668 1687 1678 1712; x_wconf 72' lang='grc' dir='ltr'>ι</span> <span class='ocrx_word' id='word_1_211' title='bbox 1698 1669 1810 1725; x_wconf 84' lang='lat' dir='ltr'>(nec</span> 
     </span>
     <span class='ocr_line' id='line_1_22' title="bbox 414 1737 1805 1800; baseline -0.001 -16"><span class='ocrx_word' id='word_1_212' title='bbox 414 1739 651 1784; x_wconf 87' lang='lat' dir='ltr'>dicendum</span> <span class='ocrx_word' id='word_1_213' title='bbox 683 1750 768 1795; x_wconf 91' lang='lat' dir='ltr'>est,</span> <span class='ocrx_word' id='word_1_214' title='bbox 808 1739 921 1784; x_wconf 85' lang='lat' dir='ltr'>foras</span> <span class='ocrx_word' id='word_1_215' title='bbox 950 1739 1186 1797; x_wconf 77' lang='lat' dir='ltr'>fugerunt,</span> <span class='ocrx_word' id='word_1_216' title='bbox 1211 1740 1314 1800; x_wconf 84' lang='lat' dir='ltr'>quia</span> <span class='ocrx_word' id='word_1_217' title='bbox 1336 1739 1453 1783; x_wconf 87' lang='lat' dir='ltr'>intus</span> <span class='ocrx_word' id='word_1_218' title='bbox 1478 1754 1568 1782; x_wconf 90' lang='lat' dir='ltr'>non</span> <span class='ocrx_word' id='word_1_219' title='bbox 1590 1737 1771 1782; x_wconf 83' lang='lat' dir='ltr'>fuerunt</span> <span class='ocrx_word' id='word_1_220' title='bbox 1796 1758 1805 1783; x_wconf 77' lang='grc' dir='ltr'>ε</span> 
     </span>
     <span class='ocr_line' id='line_1_23' title="bbox 412 1808 1809 1868; baseline -0.002 -12"><span class='ocrx_word' id='word_1_221' title='bbox 412 1813 445 1856; x_wconf 87' lang='lat' dir='ltr'>si</span> <span class='ocrx_word' id='word_1_222' title='bbox 468 1814 585 1856; x_wconf 89' lang='lat' dir='ltr'>intus</span> <span class='ocrx_word' id='word_1_223' title='bbox 608 1811 722 1855; x_wconf 87' lang='lat' dir='ltr'>enim</span> <span class='ocrx_word' id='word_1_224' title='bbox 748 1810 956 1865; x_wconf 83' lang='lat' dir='ltr'>fuissent,</span> <span class='ocrx_word' id='word_1_225' title='bbox 982 1809 1189 1854; x_wconf 89' lang='lat' dir='ltr'>vidissent</span> <span class='ocrx_word' id='word_1_226' title='bbox 1208 1826 1276 1854; x_wconf 89' lang='lat' dir='ltr'>me</span> <span class='ocrx_word' id='word_1_227' title='bbox 1291 1846 1301 1866; x_wconf 97' lang='lat'>,</span> <span class='ocrx_word' id='word_1_228' title='bbox 1327 1810 1373 1854; x_wconf 91' lang='lat' dir='ltr'>id</span> <span class='ocrx_word' id='word_1_229' title='bbox 1395 1819 1480 1864; x_wconf 91' lang='lat' dir='ltr'>est,</span> <span class='ocrx_word' id='word_1_230' title='bbox 1505 1808 1809 1868; x_wconf 84' lang='lat' dir='ltr'>cognovissent</span> 
     </span>
     <span class='ocr_line' id='line_1_24' title="bbox 412 1880 1808 1943; baseline -0.002 -16"><span class='ocrx_word' id='word_1_231' title='bbox 412 1899 569 1943; x_wconf 86' lang='lat' dir='ltr'>corpus</span> <span class='ocrx_word' id='word_1_232' title='bbox 592 1883 774 1937; x_wconf 78' lang='lat' dir='ltr'>Christi,</span> <span class='ocrx_word' id='word_1_233' title='bbox 802 1882 1107 1941; x_wconf 81' lang='lat' dir='ltr'>cognovissent</span> <span class='ocrx_word' id='word_1_234' title='bbox 1128 1882 1325 1925; x_wconf 80' lang='lat' dir='ltr'>membra</span> <span class='ocrx_word' id='word_1_235' title='bbox 1348 1881 1537 1936; x_wconf 87' lang='lat' dir='ltr'>Christi,</span> <span class='ocrx_word' id='word_1_236' title='bbox 1576 1880 1808 1939; x_wconf 85' lang='lat' dir='ltr'>cognovis-</span> 
     </span>
     <span class='ocr_line' id='line_1_25' title="bbox 411 1950 1808 2012; baseline -0.004 -13"><span class='ocrx_word' id='word_1_237' title='bbox 411 1964 507 1999; x_wconf 84' lang='lat' dir='ltr'>sent</span> <span class='ocrx_word' id='word_1_238' title='bbox 529 1955 740 1998; x_wconf 82' lang='lat' dir='ltr'>unitatem</span> <span class='ocrx_word' id='word_1_239' title='bbox 765 1953 925 1997; x_wconf 88' lang='lat' dir='ltr'>Christi</span> <span class='ocrx_word' id='word_1_240' title='bbox 945 1955 980 2011; x_wconf 88' lang='grc'>;)</span> <span class='ocrx_word' id='word_1_241' title='bbox 1006 1951 1117 1996; x_wconf 87' lang='lat' dir='ltr'>illud</span> <span class='ocrx_word' id='word_1_242' title='bbox 1140 1962 1203 1997; x_wconf 89' lang='lat' dir='ltr'>est</span> <span class='ocrx_word' id='word_1_243' title='bbox 1225 1953 1358 2011; x_wconf 83' lang='lat' dir='ltr'>magis</span> <span class='ocrx_word' id='word_1_244' title='bbox 1382 1951 1670 2012; x_wconf 84' lang='lat' dir='ltr'>gemendum,</span> <span class='ocrx_word' id='word_1_245' title='bbox 1697 1950 1808 1995; x_wconf 90' lang='lat' dir='ltr'>illud</span> 
     </span>
     <span class='ocr_line' id='line_1_26' title="bbox 411 2022 1807 2085; baseline -0.004 -14"><span class='ocrx_word' id='word_1_246' title='bbox 411 2026 591 2071; x_wconf 90' lang='lat' dir='ltr'>omnino</span> <span class='ocrx_word' id='word_1_247' title='bbox 623 2024 922 2079; x_wconf 79' lang='lat' dir='ltr'>intolerabile,</span> <span class='ocrx_word' id='word_1_248' title='bbox 950 2024 1052 2085; x_wconf 85' lang='lat' dir='ltr'>quia</span> <span class='ocrx_word' id='word_1_249' title='bbox 1080 2024 1208 2068; x_wconf 90' lang='lat' dir='ltr'>multi</span> <span class='ocrx_word' id='word_1_250' title='bbox 1235 2025 1310 2085; x_wconf 82' lang='lat' dir='ltr'>qui</span> <span class='ocrx_word' id='word_1_251' title='bbox 1331 2023 1543 2068; x_wconf 89' lang='lat' dir='ltr'>viderunt</span> <span class='ocrx_word' id='word_1_252' title='bbox 1572 2039 1664 2078; x_wconf 88' lang='lat' dir='ltr'>me,</span> <span class='ocrx_word' id='word_1_253' title='bbox 1692 2022 1807 2067; x_wconf 83' lang='lat' dir='ltr'>foras</span> 
     </span>
     <span class='ocr_line' id='line_1_27' title="bbox 411 2093 1806 2157; baseline -0.003 -15"><span class='ocrx_word' id='word_1_254' title='bbox 411 2098 619 2157; x_wconf 71' lang='lat' dir='ltr'>fugerunt</span> <span class='ocrx_word' id='word_1_255' title='bbox 646 2113 668 2140; x_wconf 87' lang='lat' dir='ltr'><strong>a</strong></span> <span class='ocrx_word' id='word_1_256' title='bbox 688 2112 778 2151; x_wconf 90' lang='lat' dir='ltr'>me,</span> <span class='ocrx_word' id='word_1_257' title='bbox 803 2096 849 2140; x_wconf 85' lang='lat' dir='ltr'>id</span> <span class='ocrx_word' id='word_1_258' title='bbox 871 2105 954 2150; x_wconf 83' lang='lat' dir='ltr'>est,</span> <span class='ocrx_word' id='word_1_259' title='bbox 981 2096 1057 2155; x_wconf 85' lang='lat' dir='ltr'>qui</span> <span class='ocrx_word' id='word_1_260' title='bbox 1074 2105 1375 2153; x_wconf 79' lang='lat' dir='ltr'>cognoverunt</span> <span class='ocrx_word' id='word_1_261' title='bbox 1394 2094 1502 2156; x_wconf 84' lang='lat' dir='ltr'>quid</span> <span class='ocrx_word' id='word_1_262' title='bbox 1521 2104 1631 2139; x_wconf 89' lang='lat' dir='ltr'>esset</span> <span class='ocrx_word' id='word_1_263' title='bbox 1653 2093 1806 2138; x_wconf 85' lang='lat' dir='ltr'>Eccle-</span> 
     </span>
     <span class='ocr_line' id='line_1_28' title="bbox 409 2165 1806 2224; baseline -0.003 -11"><span class='ocrx_word' id='word_1_264' title='bbox 409 2170 490 2224; x_wconf 83' lang='lat' dir='ltr'>sia,</span> <span class='ocrx_word' id='word_1_265' title='bbox 515 2170 713 2212; x_wconf 76' lang='lat' dir='ltr'>exierunt</span> <span class='ocrx_word' id='word_1_266' title='bbox 733 2168 866 2222; x_wconf 81' lang='lat' dir='ltr'>foras,</span> <span class='ocrx_word' id='word_1_267' title='bbox 892 2176 935 2211; x_wconf 87' lang='lat' dir='ltr'>et</span> <span class='ocrx_word' id='word_1_268' title='bbox 957 2168 1139 2210; x_wconf 72' lang='lat' dir='ltr'>haereses</span> <span class='ocrx_word' id='word_1_269' title='bbox 1162 2177 1205 2210; x_wconf 86' lang='lat' dir='ltr'>et</span> <span class='ocrx_word' id='word_1_270' title='bbox 1227 2167 1457 2211; x_wconf 79' lang='lat' dir='ltr'>schismata</span> <span class='ocrx_word' id='word_1_271' title='bbox 1477 2175 1628 2211; x_wconf 83' lang='lat' dir='ltr'>contra</span> <span class='ocrx_word' id='word_1_272' title='bbox 1650 2165 1806 2210; x_wconf 86' lang='lat' dir='ltr'>Eccle-</span> 
     </span>
     <span class='ocr_line' id='line_1_29' title="bbox 409 2236 1803 2296; baseline -0.004 -12"><span class='ocrx_word' id='word_1_273' title='bbox 409 2241 515 2284; x_wconf 83' lang='lat' dir='ltr'>siam</span> <span class='ocrx_word' id='word_1_274' title='bbox 534 2239 749 2283; x_wconf 83' lang='lat' dir='ltr'>fecerunt.</span> <span class='ocrx_word' id='word_1_275' title='bbox 773 2236 914 2282; x_wconf 86' lang='lat' dir='ltr'>Hodie</span> <span class='ocrx_word' id='word_1_276' title='bbox 931 2238 1154 2282; x_wconf 84' lang='lat' dir='ltr'>hominem</span> <span class='ocrx_word' id='word_1_277' title='bbox 1178 2238 1371 2292; x_wconf 87' lang='lat' dir='ltr'>invenis,</span> <span class='ocrx_word' id='word_1_278' title='bbox 1396 2237 1517 2281; x_wconf 86' lang='lat' dir='ltr'>verbi</span> <span class='ocrx_word' id='word_1_279' title='bbox 1540 2237 1696 2296; x_wconf 81' lang='lat' dir='ltr'>gratia,</span> <span class='ocrx_word' id='word_1_280' title='bbox 1723 2252 1803 2280; x_wconf 84' lang='lat' dir='ltr'>na-</span> 
     </span>
     <span class='ocr_line' id='line_1_30' title="bbox 412 2308 1804 2371; baseline -0.002 -16"><span class='ocrx_word' id='word_1_281' title='bbox 412 2321 502 2356; x_wconf 85' lang='lat' dir='ltr'>tum</span> <span class='ocrx_word' id='word_1_282' title='bbox 538 2311 582 2354; x_wconf 90' lang='lat' dir='ltr'>in</span> <span class='ocrx_word' id='word_1_283' title='bbox 614 2320 736 2371; x_wconf 81' lang='lat' dir='ltr'>parte</span> <span class='ocrx_word' id='word_1_284' title='bbox 760 2310 939 2365; x_wconf 75' lang='lat' dir='ltr'>Donati,</span> <span class='ocrx_word' id='word_1_285' title='bbox 966 2309 1103 2353; x_wconf 89' lang='lat' dir='ltr'>nescit</span> <span class='ocrx_word' id='word_1_286' title='bbox 1136 2309 1244 2369; x_wconf 86' lang='lat' dir='ltr'>quid</span> <span class='ocrx_word' id='word_1_287' title='bbox 1265 2310 1319 2354; x_wconf 90' lang='lat' dir='ltr'>sit</span> <span class='ocrx_word' id='word_1_288' title='bbox 1340 2308 1552 2363; x_wconf 80' lang='lat' dir='ltr'>Ecclesia,</span> <span class='ocrx_word' id='word_1_289' title='bbox 1578 2309 1654 2352; x_wconf 88' lang='lat' dir='ltr'>ubi</span> <span class='ocrx_word' id='word_1_290' title='bbox 1679 2317 1804 2352; x_wconf 87' lang='lat' dir='ltr'>natus</span> 
     </span>
     <span class='ocr_line' id='line_1_31' title="bbox 409 2379 1802 2440; baseline -0.002 -14"><span class='ocrx_word' id='word_1_291' title='bbox 409 2392 474 2427; x_wconf 89' lang='lat' dir='ltr'>est</span> <span class='ocrx_word' id='word_1_292' title='bbox 499 2392 618 2426; x_wconf 87' lang='lat' dir='ltr'>tenet</span> <span class='ocrx_word' id='word_1_293' title='bbox 645 2402 653 2427; x_wconf 93' lang='lat'>·.</span> <span class='ocrx_word' id='word_1_294' title='bbox 680 2397 768 2426; x_wconf 87' lang='lat' dir='ltr'>non</span> <span class='ocrx_word' id='word_1_295' title='bbox 786 2381 849 2425; x_wconf 91' lang='lat' dir='ltr'>illi</span> <span class='ocrx_word' id='word_1_296' title='bbox 872 2379 1018 2425; x_wconf 89' lang='lat' dir='ltr'>evellis</span> <span class='ocrx_word' id='word_1_297' title='bbox 1036 2379 1399 2424; x_wconf 85' lang='lat' dir='ltr'>consuetudinem</span> <span class='ocrx_word' id='word_1_298' title='bbox 1416 2395 1550 2440; x_wconf 83' lang='lat' dir='ltr'>quam</span> <span class='ocrx_word' id='word_1_299' title='bbox 1570 2380 1683 2423; x_wconf 80' lang='lat' dir='ltr'>suxit</span> <span class='ocrx_word' id='word_1_300' title='bbox 1699 2394 1802 2423; x_wconf 79' lang='lat' dir='ltr'>cuni</span> 
     </span>
     <span class='ocr_line' id='line_1_32' title="bbox 407 2449 1802 2512; baseline -0.004 -14"><span class='ocrx_word' id='word_1_301' title='bbox 407 2453 518 2498; x_wconf 86' lang='lat' dir='ltr'>lacte</span> <span class='ocrx_word' id='word_1_302' title='bbox 547 2453 741 2498; x_wconf 79' lang='lat' dir='ltr'>nutricis.</span> <span class='ocrx_word' id='word_1_303' title='bbox 778 2452 930 2507; x_wconf 86' lang='lat' dir='ltr'>Illum,</span> <span class='ocrx_word' id='word_1_304' title='bbox 958 2450 1084 2495; x_wconf 85' lang='lat' dir='ltr'>illum</span> <span class='ocrx_word' id='word_1_305' title='bbox 1113 2452 1167 2495; x_wconf 84' lang='lat' dir='ltr'>da</span> <span class='ocrx_word' id='word_1_306' title='bbox 1198 2452 1272 2512; x_wconf 85' lang='lat' dir='ltr'>qui</span> <span class='ocrx_word' id='word_1_307' title='bbox 1311 2450 1498 2496; x_wconf 81' lang='lat' dir='ltr'>volvitur·</span> <span class='ocrx_word' id='word_1_308' title='bbox 1528 2449 1723 2511; x_wconf 86' lang='lat' dir='ltr'>quotidie</span> <span class='ocrx_word' id='word_1_309' title='bbox 1757 2451 1802 2494; x_wconf 87' lang='lat' dir='ltr'>in</span> 
     </span>
     <span class='ocr_line' id='line_1_33' title="bbox 410 2520 1799 2584; baseline -0.003 -16"><span class='ocrx_word' id='word_1_310' title='bbox 410 2524 660 2583; x_wconf 78' lang='lat' dir='ltr'>Scripturis,</span> <span class='ocrx_word' id='word_1_311' title='bbox 686 2523 762 2584; x_wconf 83' lang='lat' dir='ltr'>qui</span> <span class='ocrx_word' id='word_1_312' title='bbox 784 2523 902 2580; x_wconf 82' lang='lat' dir='ltr'>legit,</span> <span class='ocrx_word' id='word_1_313' title='bbox 926 2522 1002 2583; x_wconf 88' lang='lat' dir='ltr'>qui</span> <span class='ocrx_word' id='word_1_314' title='bbox 1025 2521 1248 2582; x_wconf 73' lang='lat' dir='ltr'>praedicat.</span> <span class='ocrx_word' id='word_1_315' title='bbox 1269 2525 1406 2566; x_wconf 86' lang='lat' dir='ltr'>Ita—ne</span> <span class='ocrx_word' id='word_1_316' title='bbox 1433 2520 1607 2566; x_wconf 84' lang='lat' dir='ltr'>tandem</span> <span class='ocrx_word' id='word_1_317' title='bbox 1634 2536 1719 2565; x_wconf 86' lang='lat' dir='ltr'>non</span> <span class='ocrx_word' id='word_1_318' title='bbox 1740 2520 1799 2564; x_wconf 85' lang='lat' dir='ltr'>ibi</span> 
     </span>
    </p>
   </div>
   <div class='ocr_carea' id='block_1_3' title="bbox 458 2607 1416 2649">
    <p class='ocr_par' dir='ltr' id='par_1_4' title="bbox 458 2607 1416 2649">
     <span class='ocr_line' id='line_1_34' title="bbox 458 2607 1416 2649; baseline -0.001 -10"><span class='ocrx_word' id='word_1_319' title='bbox 458 2616 463 2631; x_wconf 83' lang='lat'><strong>¹</strong></span> <span class='ocrx_word' id='word_1_320' title='bbox 489 2612 506 2639; x_wconf 65' lang='lat'>3</span> <span class='ocrx_word' id='word_1_321' title='bbox 522 2611 597 2649; x_wconf 66' lang='lat' dir='ltr'>fleg.</span> <span class='ocrx_word' id='word_1_322' title='bbox 620 2619 682 2647; x_wconf 70' lang='lat' dir='ltr'>xix,</span> <span class='ocrx_word' id='word_1_323' title='bbox 712 2612 814 2647; x_wconf 69' lang='lat' dir='ltr'>10‚‹,·t</span> <span class='ocrx_word' id='word_1_324' title='bbox 839 2611 926 2641; x_wconf 69' lang='lat' dir='ltr'>ttoni.</span> <span class='ocrx_word' id='word_1_325' title='bbox 949 2619 995 2641; x_wconf 68' lang='lat' dir='ltr'>xi,</span> <span class='ocrx_word' id='word_1_326' title='bbox 1015 2607 1046 2639; x_wconf 80' lang='lat'>3.</span> <span class='ocrx_word' id='word_1_327' title='bbox 1068 2624 1108 2629; x_wconf 93' lang='lat'>·—</span> <span class='ocrx_word' id='word_1_328' title='bbox 1129 2614 1141 2629; x_wconf 74' lang='lat'>²</span> <span class='ocrx_word' id='word_1_329' title='bbox 1161 2608 1240 2639; x_wconf 74' lang='lat' dir='ltr'>Psnl.</span> <span class='ocrx_word' id='word_1_330' title='bbox 1265 2618 1345 2648; x_wconf 59' lang='lat' dir='ltr'>xxx,</span> <span class='ocrx_word' id='word_1_331' title='bbox 1367 2616 1416 2638; x_wconf 80' lang='lat'>12.</span> 
     </span>
    </p>
   </div>
  </div>
 </body>
</html>
