1833 3284
393 307 739 340 ΔΝΝοΤΑΤῙοΝυΜ
771 311 818 340 m
847 311 940 351 son,
975 307 1114 339 mann.
1399 298 1450 341 91

67 395 158 443 quo
180 379 294 425 nihil
315 375 496 437 dignum
531 386 672 421 morte
693 377 893 438 princeps
923 376 1077 421 mundi
1107 370 1296 432 invenit,
1320 389 1455 437 quem

67 462 156 497 tam
181 452 269 496 cito
299 449 580 503 dimiserunt,
611 463 742 508 quem
764 448 886 493 inviti
908 446 1188 492 admiserunt.
1216 446 1349 492 Inferi
1374 464 1456 493 au-

66 531 157 567 tem
182 520 414 582 janitores,
449 518 607 579 aliquae
638 517 859 563 inferiores
880 524 1112 578 potestates
1135 519 1264 562 morti
1281 535 1455 579 praepo-

64 593 157 638 sitae
184 589 481 651 intelligendae
515 598 631 634 sunt.
661 593 786 634 «Aut
817 589 1053 649 cognovisti
1074 587 1351 634 latitudinem
1372 591 1454 635 sub

68 683 88 706 »
124 661 294 707 coelo¹P
318 680 338 703 η
376 661 488 706 sicut
508 659 734 720 cognovit,
755 661 830 720 qui
851 676 927 720 per
950 659 1068 704 illam
1091 658 1272 704 diffudit
1298 660 1455 705 Eccle-

63 733 186 778 siam⁴
238 751 259 774 «
283 733 418 777 Narra
449 746 552 790 ergo
589 730 720 785 mihi,
755 740 1109 791 quantaquaeque
1140 730 1240 775 sint.
1277 749 1297 772 »
1349 731 1455 785 Quis

63 804 180 849 enim
211 803 297 847 hoc
330 803 457 857 sciat,
495 802 741 862 nisiquem
780 800 852 845 ille
875 801 1104 846 docuerit?
1137 806 1267 847 «Aut
1293 803 1341 847 in
1367 819 1455 864 qua

65 891 86 916 »
121 882 234 918 terra
252 873 422 917 habitat
442 871 573 916 lux2?
588 890 608 913 »
637 872 715 916 Ille
737 872 852 916 enim
874 870 1018 925 docet,
1038 872 1141 932 quia
1164 873 1455 919 manifestatio

60 945 297 990 verborum
331 945 422 1004 ejus
451 943 696 998 illuminat,
733 953 777 988 et
810 943 1053 1001 intelligere
1083 941 1186 988 facit
1221 943 1448 989 infantesss.

64 1035 86 1059 «
119 1018 210 1060 Aut
222 1014 320 1076 quis
340 1015 620 1059 tenebrarum
641 1013 762 1058 locus
775 1015 825 1058 4?
844 1032 865 1056 »
892 1017 985 1059 Hoc
1002 1030 1180 1075 quoque
1201 1014 1274 1058 ille
1297 1015 1448 1071 docet,

59 1085 136 1147 qui
163 1085 271 1130 dicit
294 1103 302 1129 :
334 1104 354 1127 «
373 1083 578 1129 Accedite
602 1084 657 1129 ad
685 1099 783 1128 eum
800 1119 811 1140 ‚
836 1094 880 1128 et
901 1083 1250 1129 illuminaminif‘.
1284 1103 1305 1126 »
1339 1085 1453 1130 Hinc

58 1157 176 1201 enim
198 1155 388 1200 ostendit
405 1171 477 1200 eos
495 1156 807 1210 tenebrescere,
824 1155 901 1215 qui
918 1155 1147 1210 recedunt,
1165 1156 1272 1199 dum
1295 1155 1454 1201 nolunt

57 1243 149 1272 esse
167 1226 370 1271 infantes.
388 1227 597 1270 «Initium
614 1226 730 1269 enim
750 1225 967 1285 superbiae
984 1226 1187 1281 hominis,
1209 1235 1452 1285 apostatare

59 1315 82 1340 »
117 1313 142 1341 a
173 1299 307 1341 Deoss.
327 1314 348 1338 >›
385 1296 493 1340 Inde
525 1296 601 1356 qui
639 1299 767 1341 «Non
801 1295 1154 1355 glorificaverunt
1176 1300 1342 1352 Deum,
1376 1307 1452 1343 aut

60 1384 82 1410 »
117 1367 274 1426 gratias
295 1375 478 1425 egerunt
494 1402 504 1422 ‚
535 1375 808 1411 evanuerunt
829 1367 873 1410 in
896 1367 1232 1425 cogitationibus
1264 1369 1348 1412 suis
1366 1403 1376 1423 ,
1407 1377 1452 1413 et

60 1454 82 1480 ³)
118 1437 399 1482 obscuratum
417 1446 480 1481 est
501 1437 706 1496 insipiens
727 1452 802 1481 cor
819 1452 970 1481 eorum
986 1473 996 1492 ,
1023 1446 1066 1481 et
1088 1437 1191 1481 facti
1209 1446 1310 1481 sunt
1324 1446 1450 1482 tene-

59 1525 82 1550 »
116 1508 293 1552 brarum
324 1507 447 1552 locus
461 1509 491 1550 ⁷.
518 1525 538 1548 »
563 1506 653 1552 Nisi
674 1505 787 1551 forte
814 1506 886 1550 ille
913 1516 976 1551 est
999 1508 1278 1552 tenebrarum
1299 1508 1420 1553 loeus
1436 1544 1447 1564 ,

55 1579 132 1639 qui
148 1578 309 1638 excipit
326 1586 649 1637 perseverantes
671 1577 717 1620 in
738 1577 946 1636 peccatis,
972 1586 1023 1620 ut
1037 1578 1116 1637 ipsi
1133 1578 1219 1621 sint
1236 1579 1446 1635 tenebrae,

56 1664 245 1710 quarum
267 1648 342 1692 ille
362 1657 426 1693 est
447 1648 568 1693 locus
584 1683 595 1703 ,
617 1662 747 1708 quem
768 1663 870 1691 vere
893 1647 1040 1692 nullus
1062 1649 1290 1692 hominum
1309 1650 1446 1699 novit.

57 1719 263 1766 Similiter
284 1729 328 1765 et
345 1729 474 1775 terra,
499 1719 545 1763 in
567 1734 654 1779 qua
676 1719 844 1763 habitat
863 1718 953 1775 lux,
974 1728 1116 1779 potest
1134 1720 1316 1779 intelligi
1336 1730 1449 1766 terra

53 1789 129 1835 illa
148 1789 389 1835 viventium
406 1825 416 1845 ,
447 1788 493 1833 id
511 1798 596 1843 est,
623 1788 851 1833 beatitudo
878 1799 1110 1850 exceptura
1126 1792 1449 1850 perseverantes

53 1861 100 1906 in
118 1860 206 1904 fide
229 1869 271 1905 et
282 1876 357 1920 spe
379 1869 423 1904 et
438 1860 664 1915 charitate,
689 1861 763 1920 qui
780 1859 960 1905 fuerunt
982 1860 1218 1922 aliquando
1234 1863 1445 1918 tenebrae,

53 1947 174 1976 nunc
196 1941 343 1976 autem
366 1931 440 1976 lux
465 1931 511 1975 in
534 1932 764 1976 Dominoss.
798 1951 818 1974 «
842 1932 884 1976 Si
908 1932 1040 1977 duces
1063 1948 1132 1976 me
1163 1933 1209 1976 in
1237 1933 1345 1978 fines
1372 1949 1450 1978 eo-

55 2020 79 2044 »
112 2018 211 2046 rum
226 2004 272 2047 ⁹?
296 2022 316 2044 2>
343 2018 573 2063 quousque
594 2003 857 2062 perveniunt
878 2004 955 2063 qui
976 2003 1082 2047 tales
1102 2013 1218 2048 sunt.
1241 2004 1360 2057 Quid
1385 2013 1450 2049 est

54 2072 172 2117 enim
191 2091 201 2116 ε
230 2091 250 2115 «
273 2072 359 2117 Ubi
380 2088 470 2117 non
491 2073 546 2117 sit
567 2073 777 2132 sapientia
791 2073 884 2128 Dei,
905 2090 1005 2134 quae
1027 2075 1203 2133 attingit
1224 2091 1247 2118 a
1269 2075 1356 2118 fine
1374 2091 1448 2119 us-

56 2159 78 2184 »
113 2157 200 2202 que
227 2141 282 2187 ad
313 2143 447 2186 finem
474 2141 659 2198 fortiter,
687 2152 730 2187 et
752 2142 944 2203 disponit
965 2145 1110 2188 omnia
1132 2145 1401 2189 suaviter¹⁰P
1422 2165 1442 2188 »

54 2213 137 2258 Cui
159 2213 314 2273 utique
337 2212 485 2258 nullus
506 2214 738 2259 hominum
755 2215 1073 2275 comparandus
1095 2225 1173 2260 est.
1216 2235 1235 2258 «
1260 2216 1391 2270 Quod
1414 2217 1449 2261 si

57 2301 78 2325 »
114 2292 160 2327 et
193 2283 308 2327 nosti
336 2284 506 2329 semitas
529 2300 703 2338 eorum,
724 2286 943 2346 numquid
964 2286 1043 2330 scis
1066 2287 1168 2347 quia
1192 2295 1297 2332 tunc
1320 2297 1447 2332 natus

57 2370 79 2394 »
115 2367 174 2408 es,
201 2362 245 2398 et
261 2369 472 2399 numerus
488 2372 701 2400 annorum
724 2366 901 2401 tuorum
925 2356 1088 2402 multus
1103 2359 1183 2402 ΗΡ»
1205 2359 1335 2412 Quod
1349 2360 1383 2403 si
1405 2368 1448 2403 et

55 2425 168 2469 nosti
195 2425 367 2470 semitas
390 2426 627 2486 impiorum,
645 2465 655 2484 Ι,
686 2428 763 2488 qni
786 2428 857 2473 vel
879 2428 1073 2473 tenebrae
1107 2438 1209 2474 sunt
1234 2429 1302 2474 vel
1323 2439 1450 2475 tenee

103 2538 113 2555 ¹
133 2532 206 2565 Job.
222 2544 358 2575 xxxvm,
382 2534 431 2566 18.
451 2551 493 2557 —
508 2541 523 2557 ²
541 2534 620 2567 Ibid.
646 2547 696 2579 19.
712 2553 755 2559 —-
775 2534 788 2560 3
802 2537 883 2570 Psal.
905 2548 1012 2580 cxvm,
1028 2538 1101 2571 130.
1123 2536 1194 2569 -4
1213 2539 1290 2571 Job.
1316 2550 1448 2582 xxxvm,

58 2598 110 2630 19.
127 2604 170 2611 ω·
185 2586 201 2611 5
217 2582 299 2620 Psal.¹
319 2600 433 2631 xxxm,
451 2589 486 2621 6.
522 2608 563 2613 —
580 2589 596 2612 6
622 2591 718 2624 Eccli.
739 2603 799 2634 xit,
822 2592 872 2635 14.
900 2610 941 2615 ——
960 2600 974 2626 7
994 2596 1086 2626 Rom.
1102 2605 1133 2635 1,
1154 2602 1210 2626 21.
1231 2610 1273 2617 -
1292 2593 1308 2617 8
1326 2594 1446 2638 Ephes.

56 2654 90 2684 v,
110 2643 142 2676 8.
162 2661 204 2666 —-
224 2651 240 2676 9
257 2644 330 2677 Job.
353 2656 494 2685 xxxvm,
508 2655 563 2680 20.
588 2664 630 2670 -
651 2653 681 2671 ¹0
699 2649 773 2691 Sap.
797 2660 865 2689 vnn,
888 2661 917 2682 1.
940 2666 980 2672 -
1009 2656 1036 2673 ¹¹
1057 2650 1134 2681 Job.
1153 2661 1286 2691 xxxvm,
1306 2659 1361 2690 20,
1382 2660 1440 2683 21.
