1833 3284
392 264 634 294 ENARRATm
665 267 711 293 IN
742 263 946 295 PsALMUM
977 266 1038 291 1x.
1316 253 1409 303 219,

24 352 46 376 «
80 331 287 378 Dominus
315 332 514 390 regnabit
537 331 583 375 in
605 340 817 376 aetcrnum
844 339 888 374 et
913 330 959 374 in
986 328 1196 374 saeculum
1224 328 1399 385 saeculi,

25 421 45 444 n
81 402 272 462 peribitis
295 410 442 462 gentes
466 401 521 446 de
542 410 655 446 terra
676 401 843 446 inius1?
867 418 888 442 »
914 401 1073 445 Gentes
1094 400 1240 459 posuit
1255 435 1266 455 ,
1296 415 1401 459 pec-

22 483 186 519 catores
207 483 251 518 et
266 474 436 534 impios-

79 546 287 589 XXXIII.
304 563 324 586 «
340 543 608 589 Desiderium
625 558 867 604 pauperum
885 541 1105 587 exaudivit
1122 542 1401 587 Dominus2.»

22 614 293 662 Desiderium
314 613 424 659 illud
446 630 535 675 quo
556 615 820 669 aestuabant,
846 628 947 658 cum
968 613 1014 657 in
1035 612 1241 671 angustiis
1262 621 1305 656 et
1329 613 1407 658 tri-

21 685 321 731 bulationibus
343 685 474 746 hujus
502 684 648 729 saeculi
671 685 843 730 Domini
875 685 991 729 diem
1013 683 1370 743 concupiscerent
1393 703 1403 729 ι

25 777 47 801 «
81 756 445 816 Praeparationem
486 756 627 801 cordis
663 772 816 801 eorum
857 754 1078 800 exaudivit
1111 754 1225 799 auris
1255 763 1347 799 tua.
1381 772 1403 797 η

23 831 128 874 Haec
147 837 210 872 est
231 827 372 872 cordis
390 829 663 888 praeparatio,
681 828 736 873 de
753 843 839 889 qua
855 828 901 872 in
921 827 1004 871 alio
1023 826 1192 871 Psalmo
1209 827 1404 872 canitur:

27 918 48 942 α
82 902 285 944 Paratum
306 913 381 944 cor
401 914 573 954 meum,
597 903 733 954 Deus,
759 907 959 959 paratum
983 913 1058 942 cor
1079 899 1269 942 meumss.
1298 915 1319 938 n
1345 901 1408 942 De

22 974 110 1030 q'ua
132 970 237 1015 dicit
257 970 490 1030 Apostolus
510 990 519 1016 2
548 988 569 1012 «
589 971 641 1016 Si
662 979 808 1015 autem
836 969 958 1030 quod
979 985 1069 1014 non
1088 969 1286 1013 videmus
1309 984 1409 1029 spe-

25 1059 48 1084 »
82 1057 247 1097 ramus,
272 1057 349 1101 per
370 1041 623 1101 patientiam
647 1042 962 1102 expectamus⁴.
983 1058 1004 1081 »
1029 1042 1232 1084 Jamvero
1259 1055 1410 1083 aurem

23 1112 129 1167 Dei,
153 1127 242 1157 non
271 1114 520 1156 membrum
541 1127 800 1172 corporeum
816 1147 826 1165 ‚
852 1109 927 1155 sed
948 1110 1191 1170 potentiam
1211 1125 1302 1154 esse
1323 1126 1411 1170 qua

24 1181 223 1238 exaudit,
249 1182 503 1242 regulariter
523 1183 734 1228 debemus
756 1183 948 1242 accipere
969 1198 979 1224 t
1004 1192 1135 1242 atque
1151 1182 1210 1226 ita
1233 1181 1413 1242 quibus-

25 1269 112 1314 que
144 1254 375 1298 nominatis
413 1254 620 1298 membris
648 1255 767 1315 ejus,
799 1270 898 1314 quae
929 1254 976 1297 in
1009 1253 1136 1298 nobis
1162 1251 1347 1297 visibilia
1369 1262 1413 1296 et

24 1340 232 1384 corporea
247 1334 364 1380 sunt,
384 1325 598 1384 potentias
619 1325 923 1385 operationum
943 1332 1115 1384 oportet
1135 1322 1336 1381 intelligi,
1357 1338 1412 1366 ne

24 1411 138 1456 saepe
159 1396 237 1440 ista
254 1405 522 1456 repetantur.
548 1399 646 1441 Non
661 1397 776 1440 enim
795 1411 1055 1456 corporeum
1070 1395 1136 1439 fas
1155 1403 1218 1438 est
1238 1403 1410 1453 putare,

25 1465 147 1527 quod
169 1466 378 1511 Dominus
400 1469 513 1511 Deus
536 1482 627 1511 non
650 1473 876 1511 sonantem
898 1481 1051 1512 vocem
1067 1501 1078 1521 ,
1102 1464 1178 1509 sed
1194 1480 1413 1524 praepara-

24 1538 189 1582 tionem
211 1536 351 1582 cordis
373 1536 561 1581 exaudit.

84 1610 290 1652 XXXIV.
321 1627 341 1651 «
361 1607 565 1652 Judicare
586 1607 756 1668 pupillo
779 1617 822 1652 et
852 1606 1035 1652 humili⁵
1056 1626 1065 1652 ε
1097 1625 1117 1648 ))
1143 1605 1189 1650 id
1212 1615 1298 1660 est,
1323 1622 1415 1650 non

27 1680 66 1723 ei
87 1679 163 1741 qui
180 1677 478 1724 conformatur
494 1679 597 1723 huic
619 1678 779 1723 saeculo
791 1714 802 1733 ,
819 1694 962 1738 neque
977 1677 1182 1737 superbo.
1200 1676 1335 1721 Aliud
1352 1685 1417 1720 est

28 1750 142 1793 enim
160 1749 356 1810 judicare
383 1749 600 1810 pupillum
616 1786 626 1805 ,
660 1749 780 1794 aliud
803 1748 1001 1810 judicare
1022 1746 1207 1807 pupillo.
1240 1750 1265 1791 J
1271 1747 1417 1791 udicat

26 1820 246 1881 pupillum
261 1821 390 1865 etiam
404 1822 482 1882 qui
494 1821 760 1866 condemnat
779 1840 788 1865 ς
803 1819 973 1881 judicat
990 1828 1135 1863 autem
1153 1817 1322 1877 pupillo
1340 1817 1417 1877 qui

26 1907 107 1952 pro
127 1890 203 1935 illo
223 1890 392 1951 profert
412 1892 685 1936 sententiam.
717 1910 737 1933 «
764 1894 820 1936 Ut
834 1906 924 1935 non
946 1897 1138 1949 apponat
1159 1888 1274 1932 ultra
1296 1903 1416 1946 mag-

31 1980 52 2003 »
87 1962 261 2006 nificare
279 1977 323 2006 se
348 1963 483 2006 homo
500 1977 629 2021 super
645 1971 805 2006 terram
818 1962 850 2004 ⁰.
879 1979 899 2002 υ
926 1960 1132 2004 Homines
1155 1959 1270 2002 enim
1289 1967 1414 2013 sunt,

29 2032 85 2078 de
102 2033 263 2093 quibus
280 2033 448 2078 dictum
465 2042 548 2078 est:
572 2052 592 2075 «
613 2036 746 2088 Pone,
768 2031 965 2086 Domine,
984 2029 1273 2089 legislatorem
1289 2044 1419 2088 super

31 2122 52 2146 »
88 2119 176 2159 eos,
201 2104 337 2149 sciant
358 2115 505 2163 gentes
527 2105 735 2165 quoniam
757 2105 953 2149 homines
974 2104 1121 2147 sunt⁷.
1142 2121 1162 2143 »
1185 2101 1270 2147 Sed
1288 2101 1419 2145 etiam

28 2173 117 2231 ille,
138 2176 215 2236 qui
229 2175 383 2221 eodem
400 2175 498 2221 loco
514 2174 772 2234 intelligitur
788 2175 893 2236 poni
915 2189 1044 2234 super
1059 2189 1146 2228 eos,
1163 2173 1296 2217 homo
1318 2172 1415 2226 erit,

29 2245 85 2290 de
107 2263 196 2307 quo
217 2263 334 2291 nunc
356 2246 516 2292 dicitur
536 2267 546 2292 2
574 2267 594 2290 «
619 2250 673 2292 Ut
689 2262 778 2291 non
801 2254 992 2306 apponat
1009 2244 1122 2288 ultra
1139 2243 1420 2303 magnificare

33 2334 55 2358 »
89 2332 132 2361 se
153 2318 286 2361 homo
307 2332 436 2376 super
458 2326 632 2362 terram.
651 2319 800 2362 »Cum
817 2316 985 2360 venerit
1005 2314 1169 2359 scilicet
1182 2313 1317 2357 Filius
1335 2313 1420 2356 ho-

31 2387 158 2432 minis
181 2387 376 2448 judicare
398 2387 592 2448 pupillo,
617 2388 694 2448 qui
726 2403 771 2431 se
796 2387 918 2431 exuit
947 2394 1139 2429 veterem
1166 2383 1418 2440 hominem,

32 2467 163 2518 atque
178 2459 262 2503 hoc
283 2458 414 2503 modo
431 2467 640 2519 tanquam
661 2457 817 2502 extulit
839 2461 1027 2501 Patrem.

85 2560 94 2577 ¹
110 2554 264 2594 Psal.1x‚
294 2554 347 2587 16.
365 2572 407 2578 ——-
438 2555 546 2587 ²Ibid.
573 2565 625 2596 17.
656 2570 698 2577 -
719 2551 732 2576 ³
756 2554 802 2585 Id.
822 2565 900 2593 Lvn,
926 2553 957 2586 8.
977 2551 1048 2576 -4
1069 2554 1162 2585 Rom.
1189 2561 1260 2592 vm,
1292 2549 1348 2583 25.
1375 2565 1419 2572 —··

35 2610 51 2636 ⁵
68 2612 206 2654 Psal.1x,
235 2611 285 2644 18.
305 2628 348 2634 —
361 2609 376 2633 6
395 2611 476 2644 Ibid.
495 2629 538 2634 -
552 2618 565 2644 7
585 2611 666 2643 Psal.
685 2612 777 2654 prim.
795 2621 839 2653 11,
856 2619 910 2642 αι.
1281 2604 1285 2608 ’
