1833 3284
367 226 451 263 220
793 232 825 262 s.
863 232 1095 263 Avensa-im
1127 235 1312 263 prscom

424 303 605 345 XXXV.
624 304 724 345 Post
740 300 909 345 occulta
926 316 1027 358 ergo
1046 300 1159 355 Filii,
1177 300 1232 344 de
1253 301 1414 361 quibus
1428 299 1473 342 in
1487 299 1570 343 hoc
1586 297 1753 343 Psalmo

366 372 502 415 multa
525 371 640 415 dicta
664 380 791 426 sunt,
818 381 947 415 erunt
969 371 1195 415 manifesta
1219 371 1338 426 Filii,
1363 370 1418 415 de
1439 370 1599 431 quibus
1614 383 1753 429 pauca

365 443 407 485 in
434 443 518 485 line
541 441 733 501 ejusdem
756 441 909 485 Psalmi
930 457 1046 486 nunc
1073 443 1188 486 dicta
1212 450 1327 485 sunt.
1354 444 1417 485 Ex
1444 441 1509 485 his
1529 449 1673 484 autem
1695 439 1753 483 ti-

366 512 482 556 tulus
501 512 641 556 factus
664 521 753 566 est,
779 528 878 572 quse
901 514 1107 572 majorem
1131 513 1200 557 hic
1222 522 1389 572 partem
1418 520 1582 555 tenent.
1608 514 1755 555 Potest.

364 583 512 642 etipse
535 582 625 626 dies
641 582 852 626 adventus
877 583 1047 627 Domini
1072 592 1186 627 recte
1208 582 1427 626 numerari
1450 582 1561 626 inter
1584 580 1753 626 occulta

366 653 483 705 Filii,
507 653 701 713 quamvis
723 652 812 711 ipsa
837 653 1007 697 Domini
1026 655 1253 713 praesentia
1271 653 1497 697 manifesta
1513 651 1658 696 futura
1681 651 1750 696 sit.

365 726 426 766 Dc
440 722 515 767 illo
531 723 646 766 enim
669 723 741 766 die
764 723 930 767 dictum
950 733 1029 778 est,
1048 724 1169 784 quod
1190 740 1318 769 nemo
1334 740 1433 768 eum
1452 725 1593 778 sciret,
1612 738 1754 783 neque
1814 714 1819 718 ⁵

364 794 542 853 Angeli,
569 810 649 838 nec
671 795 864 839 Virtutes
883 831 893 850 ,
921 810 1064 855 neque
1088 795 1221 840 Filius
1244 795 1432 840 hominis
1447 798 1477 838 1.
1506 794 1620 848 Quid
1649 809 1753 854 ergo

364 874 451 908 tam
476 864 699 908 occultum
715 900 726 918 ,
749 881 879 926 quam
904 866 949 910 id
973 866 1095 927 quod
1114 867 1242 910 etiam
1266 867 1347 927 ipsi
1370 866 1508 927 judici
1532 865 1754 910 oecultum

363 951 452 980 esse
474 936 641 980 dictum
664 945 750 991 est,
776 953 866 981 non
889 937 944 981 ad
966 936 1319 996 cognoscendum
1335 973 1345 992 ,
1376 937 1452 981 sed
1481 936 1536 980 ad
1562 936 1754 996 proden-

363 1006 501 1051 dum?
524 1010 585 1051 De
606 1007 787 1052 occultis
811 1017 958 1052 autem
981 1007 1104 1064 Filii,
1131 1008 1295 1052 etiamsi
1312 1008 1544 1068 quisquam
1568 1023 1656 1052 non
1677 1007 1754 1051 Dei

364 1076 525 1121 Filium
549 1077 782 1122 subaudire
799 1077 1002 1133 voluerit,
1021 1077 1097 1122 sed
1112 1078 1245 1138 ipsius
1263 1077 1421 1133 David,
1443 1079 1566 1138 cujus
1588 1077 1753 1122 nomini

363 1157 503 1193 totum
528 1148 784 1193 Psalterium
809 1149 1046 1206 tribuitur,
1071 1164 1171 1192 nam
1194 1147 1390 1193 Davidici
1414 1149 1565 1209 utique
1596 1147 1754 1192 Psalmi

363 1219 665 1279 appellantur,
690 1236 816 1265 voces
837 1220 931 1264 illas
957 1219 1127 1275 audiat,
1160 1220 1322 1280 quibus
1346 1221 1532 1264 Domino
1555 1219 1716 1264 dicitur
1740 1235 1749 1260 z

365 1310 385 1331 «
420 1290 622 1334 Miserere
646 1291 801 1345 nostri,
823 1291 884 1334 fili
902 1290 1064 1335 David²
1083 1311 1092 1336 2
1109 1310 1128 1332 »
1146 1301 1276 1352 atque
1295 1291 1354 1335 ita
1373 1292 1502 1335 etiam
1519 1292 1603 1335 hoc
1620 1291 1754 1336 modo

361 1360 565 1404 eumdem
588 1362 824 1405 Dominum
846 1361 1069 1406 Christum
1091 1361 1326 1419 intelligat,
1353 1360 1407 1405 de
1425 1362 1549 1422 cujus
1572 1360 1752 1405 occultis

360 1432 449 1490 ipse
469 1430 664 1476 Psalmus
688 1432 919 1491 inscriptus
938 1441 1014 1476 est.
1045 1431 1112 1476 Sic
1134 1431 1264 1475 etiam
1287 1432 1341 1475 ab
1365 1431 1533 1491 Angelo
1555 1430 1714 1476 dicitur
1739 1451 1748 1477 ε

363 1522 383 1544 «
418 1503 548 1546 Dabit
570 1502 632 1546 illi
656 1507 770 1547 Deus
794 1503 939 1548 sedem
962 1503 1100 1548 David
1117 1504 1249 1563 patris
1271 1503 1338 1548 sui
1353 1505 1385 1547 3.
1407 1522 1427 1545 »
1454 1506 1542 1550 Nec
1560 1503 1633 1547 illa
1651 1519 1752 1548 sen-

361 1574 493 1617 tentia
518 1574 619 1618 huic
643 1573 885 1618 intellectui
907 1575 1121 1619 contraria
1155 1583 1243 1629 est,
1280 1590 1368 1635 qua
1401 1574 1519 1618 idem
1544 1575 1752 1619 Dominus

358 1644 516 1703 quaerit
538 1660 561 1688 a
583 1647 606 1687 J
612 1643 746 1688 udaeis
766 1665 774 1689 :
800 1664 820 1687 «
844 1645 885 1690 Si
901 1643 1014 1688 filius
1035 1644 1173 1689 David
1197 1645 1394 1689 Christus
1412 1654 1501 1700 est,
1528 1645 1752 1705 quomodo

362 1733 381 1755 »
418 1715 463 1758 in
491 1716 645 1774 spiritu
671 1725 798 1760 vocat
827 1731 928 1760 eum
960 1716 1223 1771 Dominum,
1261 1715 1410 1760 dicens
1437 1735 1446 1761 ε
1473 1716 1586 1760 Dixit
1607 1716 1750 1760 Domi-

360 1803 380 1825 »
416 1800 496 1828 nus
520 1786 706 1830 Domino
728 1801 826 1830 meo
850 1806 858 1830 ;
883 1785 992 1831 Sede
1011 1785 1066 1830 ad
1083 1786 1302 1830 dexteram
1323 1802 1487 1841 meam,
1514 1785 1654 1831 donee
1676 1802 1750 1846 po-

358 1873 378 1896 »
416 1871 518 1900 nam
534 1857 730 1902 inimicos
750 1867 848 1902 tuos
866 1857 948 1902 sub
965 1856 1149 1917 pedibus
1173 1858 1309 1902 tuis⁴P
1327 1876 1345 1898 »
1364 1858 1539 1902 Dictum
1557 1867 1620 1902 cst
1632 1858 1747 1902 enim

357 1928 588 1988 imperitis,
614 1930 689 1990 qui
713 1931 911 1990 quamvis
929 1939 1165 1974 venturum
1185 1930 1408 1975 Christum
1431 1939 1668 1990 sperarent,
1689 1946 1748 1974 se-

354 1998 549 2042 cundum
568 2000 791 2044 hominem
807 2010 953 2045 tamen
970 2016 1071 2045 eum
1089 2010 1383 2061 expectarent,
1401 2017 1490 2046 non
1507 2000 1747 2059 secundum

353 2069 475 2129 quod
495 2072 641 2115 Virtus
663 2081 706 2115 et
731 2072 948 2131 Sapientia
963 2073 1041 2116 Dei
1055 2081 1133 2116 est.
1160 2077 1296 2117 Docet
1313 2088 1416 2132 ergo
1438 2073 1500 2116 ibi
1522 2072 1653 2116 fidem
1672 2088 1747 2117 ve-

353 2141 566 2184 rissimam
588 2151 631 2186 et
647 2142 998 2197 sincerissimam,
1020 2152 1071 2186 ut
1088 2152 1130 2186 et
1149 2144 1360 2187 Dominus
1382 2144 1437 2187 sit
1459 2143 1569 2202 regis
1590 2142 1744 2198 David,

352 2211 592 2255 secundum
627 2212 747 2273 quod
784 2222 848 2257 cst
880 2213 1075 2256 Verbum
1112 2214 1156 2257 in
1194 2214 1428 2273 principio,
1474 2217 1586 2257 Deus
1628 2213 1744 2273 apud

353 2285 514 2337 Deum,
541 2299 617 2342 per
640 2283 759 2344 quod
782 2284 895 2328 facta
917 2294 1017 2328 sunt
1039 2285 1185 2329 omnia
1201 2287 1214 2310 ⁵
1243 2304 1250 2329 :
1280 2294 1323 2328 et
1344 2284 1474 2339 filius,
1500 2284 1743 2329 secundum

350 2353 470 2412 quod
491 2354 632 2398 sactus
665 2365 728 2400 est
756 2356 793 2399 ei
816 2372 866 2399 ex
888 2356 1051 2400 semine
1083 2356 1221 2401 David
1250 2355 1493 2400 secundum
1516 2372 1691 2400 carnem
1707 2358 1738 2401 ὓ.

348 2426 447 2469 Non
464 2426 578 2469 enim
602 2426 706 2471 dicit
734 2447 743 2472 ι
773 2447 793 2470 «
818 2430 917 2473 Non
939 2436 1002 2472 est
1024 2426 1138 2472 filius
1170 2427 1307 2472 David
1331 2428 1552 2486 Christus3
1582 2427 1680 2484 sed,
1706 2428 1741 2472 si

398 2528 406 2543 ¹
428 2522 542 2554 Mam..
562 2534 650 2564 xxiv,
671 2523 723 2556 36.
744 2541 786 2546 -——
800 2531 812 2547 ²
831 2525 877 2557 Id.
898 2536 938 2556 xx
952 2549 961 2565 ,
978 2524 1031 2557 30.
1053 2542 1096 2548 —-
1115 2523 1127 2547 3
1146 2527 1224 2557 Luc.
1245 2538 1269 2566 ι,
1289 2525 1341 2557 32.
1363 2543 1404 2548 —
1419 2524 1434 2555 f,
1449 2525 1562 2558 Maith.
1579 2537 1657 2566 xxii,
1677 2524 1732 2567 45,

351 2580 382 2607 oi
401 2576 480 2608 Psal,
502 2589 562 2615 mx,
587 2590 614 2609 1.
633 2596 673 2600 ——
694 2577 854 2619 5Joau.1,
880 2592 909 2611 ῐ.
930 2597 971 2602 ——-
990 2579 1004 2599 ’ἶ
1028 2580 1122 2613 Rom.
1144 2591 1167 2621 1,
1188 2581 1218 2612 3.
