1833 3284
392 215 477 254 4²26
817 228 851 252 s.
887 225 1118 252 AUGUS‘rfflt
1150 225 1328 252 Emscom

389 291 716 337 immortalitate
738 291 980 350 sapientiae,
1009 288 1084 334 sed
1106 290 1276 333 initium
1295 289 1518 349 sapientiae
1543 289 1671 334 timor
1694 292 1780 333 Do-

389 364 535 407 mini¹.
561 382 581 405 «
607 365 750 415 Quam
769 361 1033 406 abscondisti
1056 361 1311 405 timentibus
1337 370 1391 404 te.
1422 378 1441 400 »

448 435 548 476 vll.
580 452 599 475 «
628 431 845 477 Perfecisti
866 441 1013 476 autem
1035 432 1309 490 sperantibus
1333 432 1376 474 in
1395 440 1437 474 te
1467 430 1511 473 in
1543 439 1781 488 conspectu

391 523 412 546 »
438 504 629 548 filiorum
654 505 926 549 hominqu
956 523 974 544 >1
995 507 1092 548 Non
1108 538 1118 557 ,
1154 502 1373 547 perfecisti
1395 502 1440 546 in
1470 511 1707 561 conspectu
1729 503 1783 546 fi-

388 575 546 620 liorum
565 576 822 632 hominum3
848 575 923 619 scd
942 611 953 629 ,
984 593 1003 615 «
1033 575 1315 634 Sperantibus
1344 574 1391 616 in
1414 582 1456 616 te
1477 573 1521 616 in
1543 582 1782 633 conspectu

391 665 411 688 »
434 646 625 691 filiorum
649 647 878 691 hominum
903 666 912 691 ε
938 666 957 687 »
984 645 1030 690 id
1053 655 1138 701 est,
1169 647 1229 690 eis
1259 645 1476 705 perfecisti
1500 644 1781 689 dulcedinem

388 727 532 773 tuam,
557 718 634 778 qui
655 727 832 777 sperant
853 718 898 761 in
916 726 958 761 te
981 718 1026 762 in
1051 726 1289 777 conspectu
1314 716 1503 760 filiorum
1534 716 1778 760 hominum.

388 788 621 843 Quomodo
643 789 750 833 dicit
774 788 983 833 Dominus
1002 809 1010 833 ;
1036 808 1055 830 «
1082 788 1167 842 Qui
1190 804 1258 831 me
1282 786 1505 846 negaverit
1528 802 1675 831 coram
1698 787 1782 831 ho-

391 878 412 901 »
439 860 651 915 minibus,
678 860 848 918 negabo
864 868 906 903 et
921 875 1002 918 ego
1020 858 1144 903 illum
1162 875 1306 903 coram
1324 862 1448 903 Patre
1466 859 1605 902 meo3.
1630 877 1649 898 »
1666 860 1782 917 Ergo

388 931 423 975 si
443 947 587 990 speras
624 931 670 975 in
700 931 885 975 Domino
903 966 913 985 ,
942 946 1089 975 coram
1125 929 1375 974 hominibus
1398 945 1528 989 spera
1560 948 1568 973 :
1595 944 1649 972 ne
1671 926 1783 977 forte

388 1002 630 1047 abscondas
648 1003 783 1062 ipsam
807 1018 929 1062 spem
954 1011 1072 1046 tuam
1095 1002 1138 1046 in
1152 1001 1283 1046 corde
1306 1011 1399 1056 tuo,
1419 1010 1462 1045 et
1483 1001 1635 1045 timeas
1652 1000 1784 1045 confi-

387 1074 490 1129 teri,
516 1090 617 1119 cum
640 1074 719 1119 tibi
746 1090 824 1134 pro
847 1074 1028 1119 crimine
1046 1074 1275 1134 objiciatur
1297 1073 1398 1133 quia
1427 1072 1698 1118 Christianus
1720 1087 1778 1116 es.

387 1145 469 1191 Cui
491 1155 638 1190 autem
656 1145 788 1190 modo
802 1145 1008 1206 objicitur
1022 1146 1124 1206 quia
1143 1145 1413 1190 Christianus
1428 1146 1518 1189 est?
1535 1147 1639 1188 Tam
1657 1145 1784 1203 pauci

386 1232 476 1261 non
493 1216 728 1261 Christiani
751 1226 1053 1260 remanserunt
1079 1252 1088 1270 ,
1114 1225 1164 1259 ut
1186 1216 1245 1260 eis
1271 1216 1405 1274 magis
1428 1215 1660 1275 objiciatur
1683 1215 1784 1275 quia

385 1288 619 1333 Christiani
642 1304 731 1332 non
752 1298 872 1343 sunt,
899 1304 1033 1349 quam
1052 1287 1335 1348 ipsi'audeant
1359 1286 1578 1348 aliquibus
1597 1287 1783 1347 objicere

386 1359 487 1420 quia
526 1360 762 1405 Christiani
804 1370 920 1404 sunt.
961 1363 1125 1404 Tamen
1159 1359 1258 1404 dico
1292 1360 1438 1414 vobis,
1471 1359 1625 1403 fratros
1666 1359 1750 1402 mei
1769 1395 1801 1413 ,„

385 1430 529 1490 incipe
544 1466 554 1486 ,
581 1432 852 1492 quicumque
874 1447 943 1475 me
960 1430 1081 1475 audis
1099 1467 1109 1485 ,
1142 1431 1290 1475 vivere
1320 1429 1542 1491 quomodo
1566 1430 1781 1475 Christia-

386 1517 494 1556 nuS,
521 1510 563 1545 et
592 1502 691 1545 vide
722 1500 757 1545 si
791 1518 882 1546 non
912 1502 991 1546 tihi
1021 1502 1254 1562 objiciatur
1277 1511 1319 1546 et
1342 1518 1365 1546 a
1393 1502 1649 1546 Christianis
1667 1537 1678 1556 ,
1704 1500 1783 1545 sed

384 1572 588 1628 nomine,
615 1589 703 1617 non
721 1573 831 1627 vita,
859 1589 946 1617 non
966 1573 1176 1617 moribus.
1204 1576 1341 1618 Nemo
1368 1573 1498 1617 sentit
1516 1573 1597 1616 nisi
1612 1572 1688 1633 qui
1707 1588 1783 1616 ex-

383 1653 530 1700 pertus
548 1654 626 1689 est,
652 1647 768 1702 Ergo
790 1643 991 1699 intende,
1022 1645 1193 1688 intuere
1215 1643 1335 1704 quod
1362 1642 1502 1687 audis.
1533 1643 1607 1687 Vis
1635 1643 1781 1687 vivere

383 1723 434 1758 ut
456 1715 755 1759 Christianus?
779 1715 851 1759 Vis
864 1715 986 1775 sequi
1009 1715 1185 1773 vestigia
1213 1715 1383 1758 Domini
1408 1715 1504 1758 tui?
1538 1715 1782 1775 Objiciatur

383 1785 462 1828 tibi
481 1820 491 1839 ,
518 1785 755 1839 erubescis,
773 1794 816 1829 et
838 1785 1138 1830 erubescendo
1161 1785 1358 1830 dimittis.
1383 1786 1508 1829 Viam
1532 1784 1776 1844 perdidisti.

384 1855 554 1899 Videris
577 1856 656 1899 tibi
678 1855 810 1900 corde
834 1855 1065 1900 credidisse
1088 1857 1142 1900 ad
1161 1857 1397 1916 justitiam,
1417 1855 1492 1900 sed
1516 1855 1741 1915 perdidisti
1767 1875 1776 1899 ε

389 1946 409 1968 «
435 1927 520 1971 Ore
543 1925 756 1971 confessio
779 1926 827 1971 fit
857 1926 912 1971 ad
943 1926 1169 1972 salutem4.
1201 1947 1220 1969 »
1258 1928 1298 1972 Si
1331 1943 1434 1986 ergo
1462 1927 1524 1971 vis
1555 1926 1780 1971 ambulare

382 1997 499 2042 viam
516 1998 706 2052 Domini,
723 1998 852 2042 etiam
866 1999 910 2041 in
927 2008 1165 2058 conspectu
1180 1999 1410 2043 hominum
1424 2014 1547 2058 spera
1560 1998 1605 2042 in
1622 2001 1776 2051 Deum,

383 2069 429 2113 id
449 2079 528 2124 est,
546 2069 635 2113 noli
655 2069 910 2114 erubescere
927 2070 981 2114 de
997 2086 1072 2130 spe
1090 2080 1181 2114 tua.
1205 2069 1440 2124 Quomodo
1459 2070 1567 2114 vivit
1584 2070 1628 2113 in
1649 2070 1780 2114 corde

384 2149 486 2195 tuo,
512 2141 572 2185 sic
591 2142 757 2185 habitet
779 2141 824 2185 in
842 2157 916 2185 ore
936 2150 1013 2185 tuo
1038 2162 1045 2186 :
1072 2142 1174 2202 quia
1207 2158 1294 2186 non
1325 2142 1415 2185 sine
1447 2157 1575 2185 causa
1605 2141 1777 2200 signum

382 2228 510 2257 suum
534 2213 730 2257 Christus
752 2213 796 2256 in
821 2212 963 2257 fronte
979 2213 1102 2257 nobis
1119 2214 1191 2272 figi
1211 2212 1365 2267 voluit,
1387 2222 1596 2274 tanquam
1615 2213 1658 2256 in
1677 2211 1779 2257 sede

382 2283 561 2343 pudoris
576 2320 586 2335 ,
607 2300 661 2327 ne
688 2285 845 2328 Christi
868 2285 1103 2344 opprobria
1122 2285 1392 2329 Christianus
1415 2285 1660 2328 erubescat.
1684 2286 1776 2328 Hoc

383 2370 484 2413 ergo
506 2354 551 2398 in
573 2364 810 2414 conspectu
828 2355 1059 2399 hominum
1081 2355 1114 2399 si
1139 2354 1313 2410 feceris,
1339 2355 1371 2399 si
1396 2354 1498 2399 inde
1522 2370 1668 2399 eoram
1692 2356 1776 2400 ho-

383 2425 573 2469 minibus
596 2441 685 2469 non
702 2426 943 2480 erubueris,
961 2425 994 2469 si
1018 2426 1060 2468 in
1077 2435 1313 2485 conspectu
1332 2426 1520 2470 filiorum
1541 2426 1772 2470 hominum

432 2528 440 2544 ¹
464 2522 561 2553 Prov.
585 2534 613 2562 1,
635 2533 666 2563 37,
692 2526 725 2553 et
751 2522 830 2553 Psal.
848 2534 908 2564 cz,
939 2534 1053 2555 10.—
1076 2529 1089 2545 ²
1114 2523 1158 2554 ld.
1185 2534 1246 2553 xxx‘
1262 2549 1270 2564 ,
1293 2531 1347 2555 20.
1377 2540 1410 2546 ·-
1434 2521 1447 2545 3
1465 2522 1578 2554 Matth.
1601 2534 1643 2564 x,
1660 2522 1714 2554 33.
1733 2538 1773 2544 —

386 2576 398 2606 5
426 2579 516 2609 Rom.
544 2589 576 2618 x,
599 2589 625 2608 ι.
