1833 3284
388 204 471 240 ‘290
828 211 861 237 S.
900 210 1129 238 AUGUS'slnl
1163 212 1347 238 muscori

384 287 471 321 tem
493 277 758 328 deriserunt,
779 290 869 319 non
890 276 1176 333 regnantem?
1190 277 1247 318 Et
1263 273 1359 333 quis
1376 283 1440 318 est
1455 274 1531 334 qui
1548 274 1771 320 Christum

381 346 525 391 adhuc
553 345 756 389 irrideat?
778 345 953 390 Utinam
977 359 1091 389 unus
1113 353 1238 399 esset,
1263 344 1431 388 utinam
1462 343 1551 389 duo
1566 379 1576 399 ‚
1603 344 1772 390 utinam

380 417 600 461 numerari
621 425 811 476 possent.
834 418 941 460 Tota
962 414 1085 475 palea
1107 429 1216 458 areae
1238 414 1371 474 ipsius
1400 414 1552 461 irridet
1573 430 1696 471 eum,
1726 424 1770 460 et

379 488 512 545 gemit
534 487 728 533 triticum
745 484 914 531 irrideri
935 485 1187 532 Dominum.
1212 487 1305 530 Hoc
1322 484 1421 530 volo
1438 500 1607 544 gemere
1623 486 1769 532 vobis-

375 575 493 603 cum.
514 562 702 619 Tempus
719 568 783 603 est
795 558 913 602 enim
928 557 1125 617 lugendi.
1142 556 1286 602 Passio
1300 557 1474 602 Domini
1491 557 1764 603 celebratur:

373 639 545 690 tempus
569 628 771 692 gemendi
789 638 879 685 est,
899 638 1072 689 tempus
1092 628 1251 685 flendi,
1274 637 1445 689 tempus
1464 629 1704 674 confitendi
1724 637 1770 673 et

373 700 652 760 deprecandi.
678 703 736 745 Et
758 700 855 761 quis
883 709 1082 746 nostrum
1104 709 1167 745 est
1189 700 1373 745 idoneus
1399 699 1455 746 ad
1476 699 1768 746 effundendas

370 771 584 829 lacrymas
606 787 686 832 pro
711 771 923 831 dignitate
950 771 1112 816 doloris
1136 772 1245 817 tanti
1272 792 1280 818 :
1320 771 1397 816 sed
1417 772 1526 833 quid
1548 765 1680 817 modo
1707 771 1768 816 ait

370 843 619 902 Propheta?
647 862 667 885 «
692 843 798 896 Quis
821 842 945 887 dabit
966 843 1098 903 capiti
1116 857 1213 887 meo
1229 858 1410 903 aquam,
1437 852 1480 886 et
1502 842 1637 887 oculis
1659 842 1766 885 meis

373 931 392 954 »
421 912 589 958 fontem
610 913 961 972 laerymarum?
987 932 1008 955 »
1040 914 1083 958 Si
1099 929 1200 958 vere
1222 913 1320 958 sons
1340 912 1632 971 laerymarum
1656 921 1767 956 esset

368 983 413 1026 in
447 984 582 1029 oculis
604 985 777 1040 nostris,
806 1000 887 1029 nec
909 984 1000 1043 ipse
1018 985 1251 1029 sufficeret.
1284 984 1459 1029 Irrideri
1477 984 1701 1029 Christum
1719 983 1765 1027 in

369 1071 415 1098 re
431 1066 600 1115 aperta,
621 1056 667 1100 in
688 1072 738 1101 ea
761 1072 806 1100 re
827 1055 906 1100 ubi
925 1071 1054 1100 nemo
1075 1065 1218 1116 potest
1239 1055 1382 1100 dicere
1399 1058 1523 1102 :Non
1544 1055 1760 1100 intellexi:

367 1127 608 1172 Possidenti
620 1128 736 1172 enim
750 1128 1004 1173 universum
1022 1128 1174 1173 orbem
1188 1138 1403 1173 terrarum
1416 1164 1427 1184 ,
1446 1144 1543 1188 pars
1560 1129 1758 1183 offertur,

365 1208 409 1242 et
431 1199 592 1244 dicitur
614 1198 782 1244 sedenti
804 1198 860 1244 ad
882 1199 1103 1245 dexteram
1122 1201 1259 1245 Patris
1282 1220 1292 1246 :
1320 1204 1432 1246 Ecce
1457 1200 1566 1261 quid
1586 1201 1657 1245 hic
1682 1201 1761 1244 ha—

365 1270 472 1314 bes?
495 1280 538 1315 et
554 1286 633 1331 pro
650 1280 741 1316 tota
764 1281 877 1316 terra
900 1271 1146 1316 ostenditur
1166 1272 1228 1316 illi
1251 1272 1340 1317 sola
1358 1272 1519 1317 Africa.

424 1346 481 1387 Il.
518 1343 661 1387 Verba
693 1359 793 1404 quae
829 1342 963 1388 modo
996 1343 1263 1398 audivimus,
1299 1343 1475 1399 fratres⁷
1519 1343 1597 1388 ubi
1629 1344 1760 1403 poni·
1814 1377 1829 1386 ι,

363 1415 490 1458 mus?
526 1414 568 1458 Si
596 1423 772 1473 possent
803 1413 858 1458 de
879 1414 1080 1473 lacrymis
1115 1414 1327 1460 describi!
1356 1418 1465 1469 Quae
1493 1413 1579 1459 fuit
1605 1414 1761 1459 mulier
1826 1444 1828 1466 ᾗ

362 1501 463 1544 quae
496 1485 676 1530 intravit
709 1501 812 1530 cum
845 1495 1072 1544 unguento
1084 1487 1131 1530 ’ΞΡ
1168 1487 1305 1546 Cujus
1334 1495 1491 1546 typum
1525 1486 1760 1546 portabat?
1826 1502 1827 1523 i

359 1570 507 1600 nonne
520 1555 725 1600 Ecclesiae
741 1557 904 1616 PCujus
917 1556 1053 1615 figura
1070 1566 1161 1601 erat
1173 1555 1285 1601 illud
1296 1558 1598 1614 unguentum?
1611 1571 1760 1600 nonne

362 1626 507 1670 odoris
529 1626 658 1682 boni,
684 1627 739 1671 de
761 1643 850 1687 quo
868 1627 974 1671 dicit
988 1627 1224 1686 Apostolus
1249 1647 1257 1672 :
1278 1647 1299 1671 (ς
1316 1628 1476 1673 Christi
1492 1627 1634 1672 bonus
1650 1627 1759 1672 odor
1824 1628 1825 1649 ³

366 1715 385 1738 »
413 1712 560 1741 sumus
576 1697 622 1741 in
645 1698 766 1742 omni
777 1696 875 1742 loco
891 1699 938 1742 ³?
961 1715 980 1738 »
1005 1698 1143 1757 Ipsius
1157 1698 1272 1742 enim
1287 1699 1492 1743 Ecclesiae
1510 1698 1758 1743 insinuabat

356 1783 588 1827 personam
610 1777 653 1812 et
675 1768 926 1827 Apostolus.
953 1772 1010 1813 Et
1033 1769 1156 1830 quod
1185 1769 1314 1825 dixit,
1344 1773 1525 1825 Sumus,
1550 1769 1755 1815 fidelibus
1822 1760 1823 1774 ³

357 1838 479 1884 dixit.
507 1842 563 1883 Et
594 1838 703 1900 quid
730 1839 869 1884 dixit?
897 1839 1057 1885 Christi
1089 1840 1231 1884 bonus
1256 1839 1365 1885 odor
1396 1855 1546 1885 snmus
1567 1841 1613 1885 in
1636 1840 1756 1885 omni
1820 1837 1823 1890 ἶ

359 1909 472 1954 loco.
514 1913 565 1953 In
588 1909 707 1954 omni
734 1909 833 1955 loco
859 1910 967 1955 dixit
990 1909 1149 1955 Paulus
1178 1911 1339 1956 Christi
1372 1912 1541 1956 bonum
1573 1911 1753 1956 odorem
1820 1902 1821 1916 ¹

358 1996 448 2025 esse
472 1997 621 2033 omnes
645 1980 820 2037 fideles,
851 1991 895 2026 et
926 1983 1269 2041 contradicitur3
1295 1992 1339 2028 et
1367 1983 1541 2038 dicitur,
1572 1981 1753 2028 «Africa
1818 1992 1820 1994 ’

357 2052 447 2097 sola
466 2052 578 2096 bene
602 2052 712 2107 olet,
739 2061 856 2097 totus
874 2052 1066 2097 mundus
1084 2063 1224 2113 putet.
1251 2073 1271 2096 >›
1298 2054 1458 2100 Christi
1481 2055 1626 2098 bonus
1643 2052 1753 2098 odor
1818 2044 1819 2054 ¹

356 2137 506 2166 sumus
534 2122 580 2166 in
613 2123 732 2167 omni
759 2122 857 2167 loeo
873 2159 884 2177 ,
910 2123 1007 2183 quis
1030 2122 1162 2168 dicit?
1183 2124 1390 2169 Ecclesia.
1422 2127 1552 2169 Hunc
1582 2124 1753 2168 bonum

354 2192 535 2238 odorem
558 2193 830 2253 significabat
851 2193 961 2237 illud
988 2209 1062 2238 vas
1084 2195 1327 2254 unguenti,
1349 2210 1439 2256 quo
1457 2195 1659 2255 perfusus
1687 2202 1752 2238 est
1816 2208 1817 2213 ¹

354 2264 581 2308 Dominus.
622 2264 859 2308 Videamus
892 2264 925 2308 si
959 2280 1049 2309 non
1081 2274 1363 2310 coattestatur
1397 2266 1487 2326 ipse
1518 2265 1745 2310 Dominus.

354 2337 470 2378 Dum
497 2334 676 2394 quidam
709 2351 786 2379 sua
807 2344 1074 2395 quaerentes,
1100 2336 1237 2390 avari,
1261 2335 1401 2392 fures,
1427 2336 1474 2380 id
1496 2345 1580 2391 est,
1612 2334 1748 2380 Judas
1814 2335 1815 2338 ’

353 2404 427 2448 ille
450 2404 614 2450 diceret
634 2406 688 2450 de
712 2405 786 2449 illo
804 2416 1031 2465 unguento
1056 2426 1065 2452 ε
1090 2426 1110 2450 «
1134 2410 1189 2451 Ut
1211 2407 1318 2467 quid
1335 2408 1414 2451 ista
1432 2407 1647 2467 perditio?
1663 2422 1746 2467 po·-
1783 2450 1786 2451 γ
1830 2438 1833 2446 -

359 2494 378 2517 »
406 2485 514 2522 terat
539 2493 602 2521 res
625 2477 813 2536 pretiosa
834 2477 1113 2534 venumdari,
1132 2488 1176 2522 et
1189 2478 1740 2538 proficerepauperibus4.»

405 2580 413 2596 ¹
436 2575 554 2605 λοι-οη).
577 2584 621 2613 ix,
646 2574 860 2605 1.—-2Matth.
881 2585 968 2613 xxvi,
990 2572 1196 2615 7.—32Cor.
1209 2586 1245 2616 11,
1269 2573 1322 2617 14,
1345 2573 1690 2617 15.--41t1atth.xxv1‚
1708 2574 1739 2607 8.
