1833 3284
342 252 584 282 ENARRA'HO
617 256 649 282 11
683 256 728 282 m
760 252 963 282 PsALMoM
998 255 1118 282 xxvi.
1342 244 1424 282 337

39 418 1212 436 mmmmmlmwwmwuwmmkmm
1216 418 1356 434 “M'WVW
1360 417 1429 434 m

487 534 881 583 ENARRATIO
917 536 962 581 II

347 675 396 715 IN
430 676 639 716 EUMDEM
675 676 915 717 PSALMUM
946 675 1114 715 XXVI’.

99 800 135 841 Ι.
170 799 372 841 Dominus
410 799 524 841 Deus
552 807 699 842 noster
730 797 956 858 alloquens
984 806 1028 841 et
1060 795 1286 841 consolans
1319 811 1397 840 nos
1419 831 1430 851 ,

38 866 237 929 profecto
250 884 361 929 quos
377 868 552 928 respicit
574 885 623 913 ex
637 870 754 930 justo
770 869 936 930 judicio
953 885 1032 913 suo
1044 869 1090 913 in
1112 869 1270 913 sudore
1287 868 1434 912 vultus

38 939 174 984 nostri
192 955 349 1000 panem
367 939 669 996 manducare&
696 957 747 985 ex
768 940 892 985 nobis
913 940 1040 984 nobis
1061 939 1185 1000 loqui
1208 939 1429 998 dignatur,

38 1020 89 1056 ut
112 1011 312 1056 ostendat
347 1011 450 1072 quia
476 1028 566 1057 non
589 1012 731 1057 solum
757 1022 820 1056 est
854 1011 1056 1057 conditor
1088 1022 1249 1066 noster,
1288 1010 1364 1055 sed
1391 1020 1435 1055 et

37 1082 270 1127 habitator.
289 1085 427 1127 Voces
444 1083 536 1127 istae
553 1083 732 1138 Psalmi,
754 1099 861 1144 quas
883 1082 1128 1127 audivimus
1143 1117 1153 1136 ,
1179 1091 1220 1125 et
1243 1098 1293 1125 ex
1313 1091 1435 1141 parte

38 1154 330 1209 cantavimus,
362 1154 396 1198 si
418 1154 613 1199 dicamus
644 1154 765 1215 quod
793 1165 951 1199 nostrae
975 1154 1081 1208 sint,
1107 1153 1349 1198 verendum
1374 1162 1438 1197 cst

37 1223 411 1286 quemadmodum
433 1241 584 1270 verum
616 1225 812 1269 dicamus
837 1245 846 1270 ε
871 1234 974 1269 sunt
997 1225 1114 1269 enim
1141 1240 1270 1269 voces
1297 1224 1434 1283 magis

10 1287 11 1305 ³
41 1296 224 1357 Spiritus
243 1297 320 1341 Dei
343 1312 477 1357 quam
492 1306 665 1341 nostrae.
688 1300 879 1341 Rursum
892 1297 925 1341 si
944 1297 1139 1341 dicamus
1158 1305 1326 1340 nostras
1342 1312 1434 1340 non
1464 1338 1467 1339 γ

38 1382 129 1412 esse
145 1402 157 1423 ,
176 1365 374 1427 profecto
391 1368 644 1412 mentimur.
666 1370 764 1413 Non
781 1368 895 1412 enim
919 1377 983 1411 est
1002 1367 1187 1426 gemitus
1210 1367 1291 1411 nisi
1314 1365 1436 1411 labo-

10 1487 13 1489 *
38 1439 231 1482 rantium
257 1457 266 1483 ε
287 1447 364 1482 aut
380 1438 520 1482 omnis
541 1438 621 1483 ista
645 1454 749 1493 vox,
774 1454 874 1499 quae
893 1439 940 1481 hi
962 1438 1132 1493 sonuit,
1155 1437 1283 1498 plena
1306 1437 1434 1482 dolo-

38 1510 96 1554 ris
126 1519 169 1554 et
195 1509 510 1568 lacrymarum,
541 1519 685 1570 potest
709 1526 798 1554 esse
821 1511 912 1570 ejus
932 1510 1009 1570 qui
1034 1525 1262 1570 nunquam
1288 1519 1434 1568 potest

39 1595 130 1625 esse
156 1580 300 1624 miser.
324 1580 534 1625 Dominus
556 1596 658 1639 ergo
681 1581 938 1636 misericors,
960 1596 1040 1625 nos
1062 1580 1207 1625 miseri
1233 1600 1241 1624 :
1262 1581 1432 1624 miseri-

37 1667 133 1697 cors
164 1650 288 1713 loqui
319 1650 524 1711 dignatus
550 1651 738 1707 miseris,
772 1652 976 1710 dignatur
1004 1651 1134 1696 etiam
1167 1651 1231 1695 uti
1255 1651 1300 1695 in
1332 1651 1433 1711 ipsis

37 1738 145 1768 voce
175 1722 448 1767 miserorum.
486 1725 551 1767 Ita
584 1731 822 1783 utrumque
851 1738 1005 1766 verum
1035 1731 1127 1777 est,
1163 1731 1208 1766 et
1237 1731 1431 1766 nostram

37 1809 128 1845 esse
142 1808 312 1849 vocem,
333 1802 378 1837 et
395 1801 588 1838 nostram
605 1809 696 1838 non
717 1808 836 1851 esse3
864 1802 908 1837 et
933 1793 1116 1852 Spiritus
1138 1793 1216 1837 Dei
1237 1808 1327 1837 esse
1348 1809 1430 1837 vo-

24 1874 148 1919 cem,
167 1872 210 1908 et
230 1864 364 1924 ipsius
381 1879 470 1908 non
488 1864 787 1924 esse.Spiritus
805 1863 883 1908 Dei
903 1879 986 1907 vox
1008 1871 1094 1918 est,
1120 1862 1225 1923 quia
1246 1863 1326 1906 ista
1348 1863 1431 1907 nisi

35 1934 113 1980 illo
134 1935 372 1995 inspirante
393 1951 483 1980 non
499 1935 743 1980 diceremus
760 1955 769 1979 :
786 1935 918 1995 ipsius
935 1943 1080 1978 autem
1096 1949 1187 1978 non
1207 1942 1293 1988 est,
1325 1934 1428 1993 quia

36 2005 110 2050 ille
133 2021 214 2050 nec
235 2006 363 2050 miser
385 2014 464 2060 est,
490 2021 571 2050 nec
593 2005 775 2050 laborat,
805 2008 903 2049 Istae
926 2013 1073 2048 autem
1091 2019 1220 2049 voces
1242 2004 1426 2049 misero-

15 2099 18 2107 =
37 2092 136 2121 rum
153 2085 196 2120 et
215 2075 511 2121 laborantium
525 2085 642 2120 sunt.
668 2079 832 2120 Rursus
854 2085 1013 2119 nostrae
1036 2084 1153 2130 sunt,
1174 2075 1276 2135 quia
1298 2090 1425 2120 voces

37 2156 140 2192 sunt
151 2146 392 2192 indicantes
413 2147 629 2191 miseriam
653 2156 845 2191 nostram
870 2166 879 2191 ε
899 2145 1003 2191 item
1020 2162 1111 2191 non
1128 2156 1231 2191 sunt
1247 2154 1422 2201 nostrae,

37 2219 140 2279 quia
161 2234 213 2263 ex
228 2218 346 2263 dono
363 2219 454 2278 ejus
475 2215 550 2263 veI
568 2234 740 2278 gemere
768 2234 1001 2262 meremur.

97 2292 156 2334 II.
196 2307 214 2331 «
242 2289 447 2348 Psalmus-
458 2289 597 2334 David
616 2289 735 2348 prius
751 2304 883 2349 quam
905 2288 1145 2332 liniretur3.
1177 2308 1194 2330 >›
1221 2290 1316 2332 Hoc
1353 2288 1428 2343 ha-

35 2359 112 2405 bet
131 2358 285 2404 titulus
300 2359 475 2415 Psalmi,
504 2379 521 2400 «
536 2359 730 2404 Psalmus
744 2360 880 2404 David
894 2359 1012 2418 prius
1025 2373 1159 2420 quam
1175 2357 1392 2413 liniretur,
1405 2380 1421 2400 v·›

36 2431 122 2477 hoc
153 2440 243 2487 est,
269 2431 389 2491 prius
418 2435 551 2492 quam
580 2441 834 2491 ungeretur.
861 2433 1028 2476 Unctus
1052 2439 1116 2474 est
1139 2430 1256 2474 enim
1281 2429 1354 2474 isse
1376 2439 1427 2474 ut

87 2547 96 2564 ¹
119 2542 229 2573 Sermo
246 2539 286 2572 ad
301 2539 441 2582 plebem.
468 2539 617 2572 Animum
632 2539 766 2572 roborat
787 2540 939 2572 adversus
956 2544 1179 2586 persecutores
1190 2563 1198 2579 ,
1220 2542 1254 2571 et
1270 2550 1355 2572 verae
1379 2538 1428 2570 se-

39 2593 169 2630 licitatis
193 2596 352 2628 desiderio
371 2596 560 2628 inflammat.
576 2613 618 2619 ·—
636 2603 649 2620 ²
670 2596 751 2630 Gen.
772 2608 818 2639 111,
846 2607 898 2639 ¹9-
920 2613 960 2619 —-
981 2595 994 2620 3
1013 2596 1093 2629 Psal.
1111 2607 1198 2636 xxvi,
1217 2607 1245 2628 1.

175 2659 297 2689 cxlv.
1107 2651 1159 2687 22
