1833 3284
240 268 481 297 ENAnnAno
514 268 545 294 11
578 269 622 294 m
656 267 860 293 PsALMUM
893 267 1009 303 xxx,
1045 264 1170 292 snam.
1208 266 1237 291 1.
1344 253 1428 291 389

45 336 94 379 fit
107 344 155 380 ut
168 335 410 396 perfectura
426 334 480 378 sit
495 333 613 394 quod
630 333 880 377 inchoatum
896 341 999 376 crat.
1013 335 1129 392 Ergo
1146 351 1165 373 «
1182 334 1233 375 In
1247 330 1425 385 finem,»

43 406 88 450 in
103 407 341 451 Christum.

115 479 174 521 ΙΙ.
208 496 229 519 «
262 475 457 521 Psalmus
489 475 627 521 David
657 476 824 520 extasis.
854 495 873 517 »
905 467 1100 519 Verbum
1133 473 1287 518 extasis
1316 487 1430 532 grae-

44 561 145 590 cum
162 582 173 602 ,
198 545 332 590 latine
349 581 360 601 ,
386 555 601 607 quantum
623 545 752 609 datur
769 545 974 604 intelligi,
998 544 1134 590 verbo
1160 560 1249 588 uno
1274 543 1433 602 exponi

43 627 210 677 potest,
236 618 270 661 si
292 616 462 662 dicatur
483 633 693 662 excessus.
710 621 897 662 Excesus
912 626 1057 661 autem
1079 616 1236 660 mentis
1257 614 1433 674 proprie

43 687 153 733 solet
168 689 319 733 extasis
333 687 433 733 diei.
455 692 505 732 In
523 704 699 733 excessu
712 704 815 732 vero
831 689 987 732 mentis
1000 688 1088 732 duo
1106 685 1428 745 intelliguntur,

44 768 121 803 aut
137 775 273 819 pavor
291 796 302 815 ,
327 769 402 804 aut
418 760 602 805 intentio
622 759 676 804 ad
698 776 883 820 superna
900 795 910 814 ,
933 760 994 803 ita
1012 769 1062 803 ut
1085 757 1277 819 quodam
1297 756 1432 801 modo

44 830 99 874 de
116 831 321 875 memoria
337 830 541 875 labantur
561 830 745 876 inferna.
773 834 824 875 In
841 832 922 875 hac
935 831 1067 874 extasi
1084 829 1265 874 fuerunt
1283 844 1433 873 omnes

44 901 179 944 sancti
195 936 206 956 ‚
232 900 392 961 quibus
417 917 570 946 arcana
594 902 672 945 Dei
694 900 910 944 mundum
932 902 1063 944 istum
1095 899 1344 944 excedentia
1360 914 1432 942 rc-

44 970 184 1015 velata
205 980 321 1016 sunt.
342 974 405 1015 De
426 972 510 1016 hoc
531 971 688 1016 mentis
707 987 882 1016 excessu
897 1007 907 1026 ,
928 971 975 1015 id
995 980 1073 1026 est,
1099 971 1245 1023 extasi,
1272 969 1435 1014 Paulus

43 1055 145 1085 cum
181 1041 458 1102 loqueretur,
497 1057 541 1086 se
578 1042 721 1101 ipsum
753 1042 1002 1096 insinuans,
1029 1041 1114 1086 ait:
1150 1060 1170 1082 «
1198 1043 1294 1085 Sive
1317 1040 1433 1083 enim

47 1130 66 1153 »
88 1120 234 1155 mente
257 1112 512 1156 excessimus
529 1114 619 1155 Deo
638 1146 648 1165 ,
675 1112 762 1155 sive
800 1121 1090 1171 temperantes
1108 1126 1255 1155 sumus
1278 1110 1401 1155 vobis
1418 1145 1430 1165 ,

46 1200 67 1224 »
91 1182 274 1226 charitas
305 1182 422 1226 enim
452 1182 612 1227 Christi
646 1181 870 1242 compellit
891 1185 1009 1227 nos¹.
1037 1201 1058 1224 »
1087 1185 1180 1227 Hoc
1213 1191 1299 1237 est,
1331 1181 1365 1225 si
1385 1196 1434 1225 ea

44 1262 213 1297 tantum
237 1268 364 1314 agere
392 1253 604 1297 vellemus
619 1289 629 1306 ,
661 1263 705 1298 et
726 1270 775 1298 ea
801 1263 972 1298 tantum
998 1252 1313 1313 contemplari,
1334 1267 1435 1312 quae

42 1324 199 1368 mentis
236 1340 410 1369 excessu
445 1325 696 1380 intuemur,
735 1325 961 1370 vobiscum
993 1341 1084 1369 non
1116 1340 1328 1379 essemus,
1359 1322 1436 1368 sed

42 1409 231 1439 essemus
245 1395 290 1438 in
307 1397 520 1455 supernis,
536 1405 744 1455 tanquam
759 1396 1018 1455 contemptis
1034 1395 1156 1439 vobis
1174 1415 1181 1440 :
1199 1405 1241 1439 et
1256 1393 1435 1455 quando

42 1481 119 1510 nos
131 1465 186 1510 ad
199 1464 271 1509 illa
286 1466 508 1525 superiora
523 1476 565 1510 et
579 1466 783 1510 interiora
795 1467 968 1510 infirmo
983 1481 1109 1525 passu
1124 1465 1431 1526 sequeremini,

41 1537 123 1580 nisi
149 1552 298 1580 rursus
321 1536 611 1596 compellente
632 1553 711 1581 nos
734 1537 944 1581 charitate
967 1536 1150 1590 Christi,
1177 1556 1196 1578 «
1224 1536 1309 1589 Qui
1333 1551 1435 1580 eum

45 1626 64 1649 »
84 1608 129 1651 in
146 1607 286 1665 forma
299 1608 372 1651 Dei
392 1617 517 1663 esset,
535 1623 624 1652 non
641 1608 837 1667 rapinam
851 1607 1082 1651 arbitratus
1098 1616 1161 1651 est
1174 1622 1264 1650 esse
1281 1623 1434 1667 aequa-

45 1695 64 1718 »
87 1676 137 1721 lis
160 1680 271 1733 Deo,
297 1676 372 1721 sed
400 1677 680 1736 semetipsum
712 1677 944 1720 exinanivit
975 1675 1160 1721 formam
1189 1677 1299 1720 servi
1323 1677 1437 1721 acci-

44 1765 64 1787 »
89 1748 210 1807 piens
222 1749 255 1803 ²,
272 1766 292 1789 n
318 1763 397 1792 uos
413 1746 786 1792 consideraremus
801 1762 889 1790 esse
911 1762 1055 1791 servos
1073 1782 1084 1801 ,
1102 1756 1146 1791 et
1168 1762 1258 1790 non
1276 1747 1436 1805 ingrati

41 1817 80 1861 ei
102 1834 125 1861 a
147 1834 235 1878 quo
258 1818 502 1878 accepimus
529 1817 683 1862 altiora
698 1853 708 1872 ,
739 1827 920 1877 propter
943 1833 1014 1862 eos
1037 1818 1113 1878 qui
1144 1818 1305 1861 infirmi
1333 1827 1435 1862 sunt

41 1903 130 1932 non
164 1898 543 1932 contemneremus
564 1886 793 1943 inferiora,
830 1898 873 1932 et
905 1898 1249 1948 temperaremus
1275 1892 1354 1932 n0s
1375 1889 1435 1932 eis

39 1959 116 2018 qui
139 1974 228 2003 non
251 1967 432 2018 possunt
452 1958 682 2001 nobiseum
699 1957 847 2001 videre
865 1958 1096 2003 sublimia?
1118 1961 1211 2003 Hoc
1233 1974 1334 2016 ergo
1356 1959 1430 2014 ait,

43 2048 64 2071 «
88 2029 184 2074 Sive
207 2038 354 2073 mente
375 2026 633 2073 excessimus
653 2032 759 2072 Deo.
781 2048 800 2070 »
827 2028 906 2072 Ille
927 2030 1043 2073 enim
1071 2029 1192 2075 videt
1214 2029 1334 2090 quod
1355 2046 1435 2075 nos

40 2098 236 2144 videmus
258 2099 304 2142 in
326 2099 483 2142 mentis
500 2114 674 2142 excessu
689 2134 699 2153 ,
731 2097 804 2142 ille
827 2097 942 2143 solus
961 2099 1125 2144 revelat
1152 2110 1314 2144 secreta
1337 2116 1430 2145 sua.

40 2169 213 2228 Quippe
237 2168 312 2213 ille
338 2170 422 2213 hoc
444 2168 642 2229 loquitur
659 2205 670 2223 ,
707 2169 783 2229 qui
812 2185 856 2213 se
889 2168 995 2214 dicit
1022 2170 1254 2229 abreptum
1283 2187 1372 2215 esse
1391 2180 1435 2216 et

40 2237 235 2283 ablatum
253 2239 298 2282 in
315 2239 496 2283 tertium
514 2238 678 2283 coelum
694 2274 705 2293 ,
731 2249 774 2283 et
796 2238 1011 2283 audivisse
1028 2239 1264 2285 ineffabilia
1281 2241 1430 2297 verba,

39 2325 138 2369 quae
154 2325 244 2353 non
265 2308 367 2354 licet
388 2309 554 2353 homini
574 2309 712 2369 loqui.
734 2312 896 2354 Tantus
915 2319 1059 2354 autem
1083 2310 1167 2355 fuit
1182 2310 1256 2355 ille
1277 2313 1434 2356 mentis

39 2394 233 2423 excessus
248 2415 259 2435 ,
275 2388 325 2423 ut
346 2379 534 2424 diceret:
557 2399 575 2421 «
600 2380 696 2424 Sive
714 2380 758 2423 in
776 2395 979 2440 corpore,
1004 2381 1091 2424 sive
1114 2390 1231 2425 extra
1255 2398 1430 2442 corpus,

43 2467 64 2490 ))
89 2449 254 2504 nescio,
280 2453 395 2494 Deus
413 2450 537 2494 seitss.
566 2467 587 2490 1)
608 2453 724 2507 Ergo
746 2450 779 2493 si
801 2450 920 2493 hunc
945 2465 1163 2494 excessum
1183 2453 1340 2496 mentis
1355 2488 1366 2507 ,
1387 2452 1432 2496 id

39 2528 118 2574 est,
143 2520 255 2564 hanc
276 2519 451 2564 extasim
466 2555 476 2575 ,
501 2520 715 2579 significat
736 2518 889 2563 titulus
910 2519 1065 2563 Psalmi
1087 2521 1217 2580 hujus
1237 2541 1245 2566 :
1270 2537 1427 2581 magna

86 2609 96 2626 ¹
113 2612 131 2635 2
145 2606 218 2635 Cor.
243 2615 276 2643 v,
304 2604 411 2637 13.,.-
428 2611 440 2626 ²
465 2603 574 2645 Philip.
592 2615 625 2636 11.
651 2604 682 2636 6.
706 2621 743 2626 -
760 2602 773 2625 3
793 2614 810 2635 2
826 2606 898 2635 Cor.
919 2615 976 2645 111,
993 2614 1023 2635 2.
