<?xml version="1.0" encoding="UTF-8"?>
<!DOCTYPE html PUBLIC "-//W3C//DTD XHTML 1.0 Transitional//EN"
    "http://www.w3.org/TR/xhtml1/DTD/xhtml1-transitional.dtd">
<html xmlns="http://www.w3.org/1999/xhtml" xml:lang="en" lang="en">
 <head>
  <title>
</title>
<meta http-equiv="Content-Type" content="text/html;charset=utf-8" />
  <meta name='ocr-system' content='tesseract 3.04.00' />
  <meta name='ocr-capabilities' content='ocr_page ocr_carea ocr_par ocr_line ocrx_word'/>
</head>
<body>
  <div class='ocr_page' id='page_1' title='image "./operaomniaaccura07auguuoft_0376.png"; bbox 0 0 1833 3284; ppageno 0'>
   <div class='ocr_carea' id='block_1_1' title="bbox 374 233 1322 273">
    <p class='ocr_par' dir='ltr' id='par_1_1' title="bbox 374 233 1322 273">
     <span class='ocr_line' id='line_1_1' title="bbox 374 233 1322 273; baseline -0.001 0"><span class='ocrx_word' id='word_1_1' title='bbox 374 233 456 273; x_wconf 84' lang='lat'>358</span> <span class='ocrx_word' id='word_1_2' title='bbox 806 242 838 270; x_wconf 88' lang='lat' dir='ltr'>S.</span> <span class='ocrx_word' id='word_1_3' title='bbox 875 242 1106 271; x_wconf 71' lang='lat' dir='ltr'>Aucus‘rnvt</span> <span class='ocrx_word' id='word_1_4' title='bbox 1140 246 1322 273; x_wconf 75' lang='lat' dir='ltr'>Emscom</span> 
     </span>
    </p>
   </div>
   <div class='ocr_carea' id='block_1_2' title="bbox 368 310 1769 1370">
    <p class='ocr_par' dir='ltr' id='par_1_2' title="bbox 372 310 1767 497">
     <span class='ocr_line' id='line_1_2' title="bbox 373 310 1762 372; baseline -0.001 -16"><span class='ocrx_word' id='word_1_5' title='bbox 373 312 450 372; x_wconf 91' lang='lat' dir='ltr'>qui</span> <span class='ocrx_word' id='word_1_6' title='bbox 473 312 579 355; x_wconf 80' lang='lat' dir='ltr'>mihi</span> <span class='ocrx_word' id='word_1_7' title='bbox 602 310 756 355; x_wconf 89' lang='lat' dir='ltr'>dicunt</span> <span class='ocrx_word' id='word_1_8' title='bbox 783 329 791 355; x_wconf 93' lang='lat'><strong>:</strong></span> <span class='ocrx_word' id='word_1_9' title='bbox 817 329 838 352; x_wconf 85' lang='lat'>«</span> <span class='ocrx_word' id='word_1_10' title='bbox 859 310 1027 355; x_wconf 86' lang='lat' dir='ltr'>Scimus</span> <span class='ocrx_word' id='word_1_11' title='bbox 1050 311 1151 371; x_wconf 83' lang='lat' dir='ltr'>quia</span> <span class='ocrx_word' id='word_1_12' title='bbox 1175 327 1197 355; x_wconf 81' lang='lat' dir='ltr'><strong>a</strong></span> <span class='ocrx_word' id='word_1_13' title='bbox 1221 314 1311 356; x_wconf 89' lang='lat' dir='ltr'>Deo</span> <span class='ocrx_word' id='word_1_14' title='bbox 1333 311 1489 356; x_wconf 87' lang='lat' dir='ltr'>venisti</span> <span class='ocrx_word' id='word_1_15' title='bbox 1513 312 1762 371; x_wconf 84' lang='lat' dir='ltr'>magister¹.</span> 
     </span>
     <span class='ocr_line' id='line_1_3' title="bbox 375 379 1767 443; baseline 0.001 -20"><span class='ocrx_word' id='word_1_16' title='bbox 375 401 396 424; x_wconf 88' lang='lat'>»</span> <span class='ocrx_word' id='word_1_17' title='bbox 433 381 545 427; x_wconf 79' lang='lat' dir='ltr'>Mala</span> <span class='ocrx_word' id='word_1_18' title='bbox 567 391 712 425; x_wconf 87' lang='lat' dir='ltr'>autem</span> <span class='ocrx_word' id='word_1_19' title='bbox 738 381 782 424; x_wconf 90' lang='lat' dir='ltr'>in</span> <span class='ocrx_word' id='word_1_20' title='bbox 804 379 1010 425; x_wconf 81' lang='lat' dir='ltr'>cordibus</span> <span class='ocrx_word' id='word_1_21' title='bbox 1030 381 1130 426; x_wconf 88' lang='lat' dir='ltr'>suis.</span> <span class='ocrx_word' id='word_1_22' title='bbox 1160 400 1180 423; x_wconf 91' lang='lat'>»</span> <span class='ocrx_word' id='word_1_23' title='bbox 1214 381 1328 427; x_wconf 81' lang='lat' dir='ltr'>Mala</span> <span class='ocrx_word' id='word_1_24' title='bbox 1350 392 1498 427; x_wconf 83' lang='lat' dir='ltr'>autem</span> <span class='ocrx_word' id='word_1_25' title='bbox 1522 381 1767 443; x_wconf 85' lang='lat' dir='ltr'>loquuntur</span> 
     </span>
     <span class='ocr_line' id='line_1_4' title="bbox 372 452 761 497; baseline -0.005 0"><span class='ocrx_word' id='word_1_26' title='bbox 372 453 418 497; x_wconf 89' lang='lat' dir='ltr'>in</span> <span class='ocrx_word' id='word_1_27' title='bbox 435 452 639 497; x_wconf 81' lang='lat' dir='ltr'>cordibus</span> <span class='ocrx_word' id='word_1_28' title='bbox 659 452 761 496; x_wconf 88' lang='lat' dir='ltr'>suis.</span> 
     </span>
    </p>

    <p class='ocr_par' dir='ltr' id='par_1_3' title="bbox 368 523 1768 1156">
     <span class='ocr_line' id='line_1_5' title="bbox 432 523 1767 585; baseline 0 -16"><span class='ocrx_word' id='word_1_29' title='bbox 432 527 508 569; x_wconf 90' lang='lat' dir='ltr'>IV.</span> <span class='ocrx_word' id='word_1_30' title='bbox 534 543 554 566; x_wconf 91' lang='lat'>«</span> <span class='ocrx_word' id='word_1_31' title='bbox 572 527 632 568; x_wconf 87' lang='lat' dir='ltr'>Da</span> <span class='ocrx_word' id='word_1_32' title='bbox 650 523 733 568; x_wconf 87' lang='lat' dir='ltr'>illis</span> <span class='ocrx_word' id='word_1_33' title='bbox 755 524 998 568; x_wconf 85' lang='lat' dir='ltr'>secundum</span> <span class='ocrx_word' id='word_1_34' title='bbox 1021 539 1150 584; x_wconf 85' lang='lat' dir='ltr'>opera</span> <span class='ocrx_word' id='word_1_35' title='bbox 1167 525 1375 585; x_wconf 87' lang='lat' dir='ltr'>ipsorum.</span> <span class='ocrx_word' id='word_1_36' title='bbox 1396 544 1416 567; x_wconf 86' lang='lat'>»</span> <span class='ocrx_word' id='word_1_37' title='bbox 1440 528 1502 569; x_wconf 88' lang='lat' dir='ltr'>Da</span> <span class='ocrx_word' id='word_1_38' title='bbox 1515 523 1597 569; x_wconf 89' lang='lat' dir='ltr'>illis</span> <span class='ocrx_word' id='word_1_39' title='bbox 1618 540 1767 569; x_wconf 86' lang='lat' dir='ltr'>secun-</span> 
     </span>
     <span class='ocr_line' id='line_1_6' title="bbox 371 595 1767 656; baseline -0.001 -16"><span class='ocrx_word' id='word_1_40' title='bbox 371 597 477 640; x_wconf 86' lang='lat' dir='ltr'>dum</span> <span class='ocrx_word' id='word_1_41' title='bbox 500 612 628 655; x_wconf 80' lang='lat' dir='ltr'>opera</span> <span class='ocrx_word' id='word_1_42' title='bbox 652 596 867 655; x_wconf 73' lang='lat' dir='ltr'>ipsorum,</span> <span class='ocrx_word' id='word_1_43' title='bbox 893 596 993 656; x_wconf 83' lang='lat' dir='ltr'>quia</span> <span class='ocrx_word' id='word_1_44' title='bbox 1012 597 1096 640; x_wconf 87' lang='lat' dir='ltr'>hoc</span> <span class='ocrx_word' id='word_1_45' title='bbox 1114 597 1281 656; x_wconf 79' lang='lat' dir='ltr'>justum</span> <span class='ocrx_word' id='word_1_46' title='bbox 1305 606 1383 641; x_wconf 89' lang='lat' dir='ltr'>est.</span> <span class='ocrx_word' id='word_1_47' title='bbox 1409 615 1428 637; x_wconf 88' lang='lat'>»</span> <span class='ocrx_word' id='word_1_48' title='bbox 1451 599 1507 640; x_wconf 90' lang='lat' dir='ltr'>Et</span> <span class='ocrx_word' id='word_1_49' title='bbox 1524 595 1767 640; x_wconf 89' lang='lat' dir='ltr'>secundum</span> 
     </span>
     <span class='ocr_line' id='line_1_7' title="bbox 373 667 1767 728; baseline 0.001 -18"><span class='ocrx_word' id='word_1_50' title='bbox 373 686 394 710; x_wconf 83' lang='lat'>&gt;›</span> <span class='ocrx_word' id='word_1_51' title='bbox 430 667 747 727; x_wconf 79' lang='lat' dir='ltr'>malignitatem</span> <span class='ocrx_word' id='word_1_52' title='bbox 770 668 1055 712; x_wconf 79' lang='lat' dir='ltr'>affectionum</span> <span class='ocrx_word' id='word_1_53' title='bbox 1078 669 1287 728; x_wconf 81' lang='lat' dir='ltr'>ipsorum.</span> <span class='ocrx_word' id='word_1_54' title='bbox 1309 687 1328 709; x_wconf 87' lang='lat'>»</span> <span class='ocrx_word' id='word_1_55' title='bbox 1355 668 1469 712; x_wconf 81' lang='lat' dir='ltr'>Mala</span> <span class='ocrx_word' id='word_1_56' title='bbox 1493 668 1605 712; x_wconf 89' lang='lat' dir='ltr'>enim</span> <span class='ocrx_word' id='word_1_57' title='bbox 1630 667 1767 712; x_wconf 82' lang='lat' dir='ltr'>affec-</span> 
     </span>
     <span class='ocr_line' id='line_1_8' title="bbox 369 738 1766 799; baseline 0.001 -16"><span class='ocrx_word' id='word_1_58' title='bbox 369 749 510 783; x_wconf 82' lang='lat' dir='ltr'>tantes</span> <span class='ocrx_word' id='word_1_59' title='bbox 528 775 538 794; x_wconf 80' lang='lat'>‚</span> <span class='ocrx_word' id='word_1_60' title='bbox 574 739 689 783; x_wconf 81' lang='lat' dir='ltr'>bona</span> <span class='ocrx_word' id='word_1_61' title='bbox 717 739 913 783; x_wconf 84' lang='lat' dir='ltr'>invenire</span> <span class='ocrx_word' id='word_1_62' title='bbox 944 755 1033 783; x_wconf 90' lang='lat' dir='ltr'>non</span> <span class='ocrx_word' id='word_1_63' title='bbox 1068 749 1263 799; x_wconf 80' lang='lat' dir='ltr'>possunt.</span> <span class='ocrx_word' id='word_1_64' title='bbox 1308 760 1327 781; x_wconf 88' lang='lat'>«</span> <span class='ocrx_word' id='word_1_65' title='bbox 1356 738 1604 784; x_wconf 88' lang='lat' dir='ltr'>Secundum</span> <span class='ocrx_word' id='word_1_66' title='bbox 1630 755 1766 798; x_wconf 66' lang='lat' dir='ltr'>⁴opera</span> 
     </span>
     <span class='ocr_line' id='line_1_9' title="bbox 373 809 1766 865; baseline 0.001 -13"><span class='ocrx_word' id='word_1_67' title='bbox 373 830 393 852; x_wconf 90' lang='lat'>»</span> <span class='ocrx_word' id='word_1_68' title='bbox 430 826 641 855; x_wconf 79' lang='lat' dir='ltr'>manuum</span> <span class='ocrx_word' id='word_1_69' title='bbox 674 827 825 855; x_wconf 80' lang='lat' dir='ltr'>eorum</span> <span class='ocrx_word' id='word_1_70' title='bbox 849 811 904 855; x_wconf 84' lang='lat' dir='ltr'>da</span> <span class='ocrx_word' id='word_1_71' title='bbox 934 811 993 855; x_wconf 90' lang='lat' dir='ltr'>eis</span> <span class='ocrx_word' id='word_1_72' title='bbox 1008 813 1040 854; x_wconf 72' lang='lat'>2.</span> <span class='ocrx_word' id='word_1_73' title='bbox 1076 830 1096 852; x_wconf 87' lang='lat'>»</span> <span class='ocrx_word' id='word_1_74' title='bbox 1129 811 1336 865; x_wconf 84' lang='lat' dir='ltr'>Quamvis</span> <span class='ocrx_word' id='word_1_75' title='bbox 1365 809 1455 855; x_wconf 81' lang='lat' dir='ltr'>aliis</span> <span class='ocrx_word' id='word_1_76' title='bbox 1491 810 1546 854; x_wconf 83' lang='lat' dir='ltr'>ad</span> <span class='ocrx_word' id='word_1_77' title='bbox 1581 810 1766 855; x_wconf 78' lang='lat' dir='ltr'>salutem</span> 
     </span>
     <span class='ocr_line' id='line_1_10' title="bbox 369 881 1767 943; baseline 0 -17"><span class='ocrx_word' id='word_1_78' title='bbox 369 881 511 927; x_wconf 81' lang='lat' dir='ltr'>valeat</span> <span class='ocrx_word' id='word_1_79' title='bbox 528 881 649 943; x_wconf 90' lang='lat' dir='ltr'>quod</span> <span class='ocrx_word' id='word_1_80' title='bbox 671 881 892 937; x_wconf 76' lang='lat' dir='ltr'>fecerunt,</span> <span class='ocrx_word' id='word_1_81' title='bbox 915 882 1157 926; x_wconf 90' lang='lat' dir='ltr'>secundum</span> <span class='ocrx_word' id='word_1_82' title='bbox 1175 898 1304 942; x_wconf 86' lang='lat' dir='ltr'>opera</span> <span class='ocrx_word' id='word_1_83' title='bbox 1323 891 1469 926; x_wconf 83' lang='lat' dir='ltr'>tamen</span> <span class='ocrx_word' id='word_1_84' title='bbox 1486 881 1767 927; x_wconf 77' lang='lat' dir='ltr'>voluntatum</span> 
     </span>
     <span class='ocr_line' id='line_1_11' title="bbox 368 953 1767 1013; baseline -0.001 -15"><span class='ocrx_word' id='word_1_85' title='bbox 368 953 545 998; x_wconf 90' lang='lat' dir='ltr'>illorum</span> <span class='ocrx_word' id='word_1_86' title='bbox 570 953 625 999; x_wconf 85' lang='lat' dir='ltr'>da</span> <span class='ocrx_word' id='word_1_87' title='bbox 647 954 721 998; x_wconf 90' lang='lat' dir='ltr'>eis.</span> <span class='ocrx_word' id='word_1_88' title='bbox 748 973 767 996; x_wconf 87' lang='lat'>«</span> <span class='ocrx_word' id='word_1_89' title='bbox 788 953 942 998; x_wconf 81' lang='lat' dir='ltr'>Redde</span> <span class='ocrx_word' id='word_1_90' title='bbox 960 953 1292 998; x_wconf 86' lang='lat' dir='ltr'>retributionem</span> <span class='ocrx_word' id='word_1_91' title='bbox 1307 968 1457 998; x_wconf 88' lang='lat' dir='ltr'>eorum</span> <span class='ocrx_word' id='word_1_92' title='bbox 1477 953 1594 1013; x_wconf 86' lang='lat' dir='ltr'>ipsis.</span> <span class='ocrx_word' id='word_1_93' title='bbox 1617 971 1637 994; x_wconf 91' lang='lat'>»</span> <span class='ocrx_word' id='word_1_94' title='bbox 1656 953 1767 1007; x_wconf 85' lang='lat' dir='ltr'>Quia</span> 
     </span>
     <span class='ocr_line' id='line_1_12' title="bbox 369 1017 1768 1086; baseline -0.001 -17"><span class='ocrx_word' id='word_1_95' title='bbox 369 1040 450 1085; x_wconf 87' lang='lat' dir='ltr'>pro</span> <span class='ocrx_word' id='word_1_96' title='bbox 472 1026 654 1069; x_wconf 80' lang='lat' dir='ltr'>veritate</span> <span class='ocrx_word' id='word_1_97' title='bbox 677 1041 809 1086; x_wconf 83' lang='lat' dir='ltr'>quam</span> <span class='ocrx_word' id='word_1_98' title='bbox 842 1023 1102 1079; x_wconf 77' lang='lat' dir='ltr'>audiebant,</span> <span class='ocrx_word' id='word_1_99' title='bbox 1135 1023 1372 1068; x_wconf 87' lang='lat' dir='ltr'>voluerunt</span> <span class='ocrx_word' id='word_1_100' title='bbox 1399 1017 1617 1069; x_wconf 82' lang='lat' dir='ltr'>fallaciam</span> <span class='ocrx_word' id='word_1_101' title='bbox 1641 1024 1768 1068; x_wconf 89' lang='lat' dir='ltr'>retri-</span> 
     </span>
     <span class='ocr_line' id='line_1_13' title="bbox 368 1095 1231 1156; baseline -0.001 -15"><span class='ocrx_word' id='word_1_102' title='bbox 368 1097 530 1154; x_wconf 79' lang='lat' dir='ltr'>buere3</span> <span class='ocrx_word' id='word_1_103' title='bbox 550 1095 717 1141; x_wconf 76' lang='lat' dir='ltr'>fallacia</span> <span class='ocrx_word' id='word_1_104' title='bbox 739 1097 933 1156; x_wconf 86' lang='lat' dir='ltr'>ipsorum</span> <span class='ocrx_word' id='word_1_105' title='bbox 956 1096 1069 1156; x_wconf 80' lang='lat' dir='ltr'>ipsos</span> <span class='ocrx_word' id='word_1_106' title='bbox 1092 1095 1231 1140; x_wconf 82' lang='lat' dir='ltr'>fallat.</span> 
     </span>
    </p>

    <p class='ocr_par' dir='ltr' id='par_1_4' title="bbox 368 1166 1769 1370">
     <span class='ocr_line' id='line_1_14' title="bbox 428 1166 1769 1227; baseline 0.001 -15"><span class='ocrx_word' id='word_1_107' title='bbox 428 1171 481 1212; x_wconf 91' lang='lat' dir='ltr'>V.</span> <span class='ocrx_word' id='word_1_108' title='bbox 506 1167 756 1221; x_wconf 82' lang='lat' dir='ltr'>«Quoniam</span> <span class='ocrx_word' id='word_1_109' title='bbox 779 1183 868 1213; x_wconf 90' lang='lat' dir='ltr'>non</span> <span class='ocrx_word' id='word_1_110' title='bbox 891 1166 1201 1212; x_wconf 77' lang='lat' dir='ltr'>intellexerunt</span> <span class='ocrx_word' id='word_1_111' title='bbox 1218 1167 1263 1210; x_wconf 88' lang='lat' dir='ltr'>in</span> <span class='ocrx_word' id='word_1_112' title='bbox 1285 1182 1416 1227; x_wconf 86' lang='lat' dir='ltr'>opera</span> <span class='ocrx_word' id='word_1_113' title='bbox 1438 1167 1652 1211; x_wconf 63' lang='lat' dir='ltr'>Domini-³.</span> <span class='ocrx_word' id='word_1_114' title='bbox 1673 1170 1769 1212; x_wconf 83' lang='lat' dir='ltr'>»Et</span> 
     </span>
     <span class='ocr_line' id='line_1_15' title="bbox 368 1237 1764 1295; baseline -0.002 -10"><span class='ocrx_word' id='word_1_115' title='bbox 368 1239 489 1285; x_wconf 87' lang='lat' dir='ltr'>unde</span> <span class='ocrx_word' id='word_1_116' title='bbox 521 1237 802 1283; x_wconf 80' lang='lat' dir='ltr'>manifestum</span> <span class='ocrx_word' id='word_1_117' title='bbox 835 1248 899 1283; x_wconf 90' lang='lat' dir='ltr'>est</span> <span class='ocrx_word' id='word_1_118' title='bbox 929 1239 1012 1283; x_wconf 87' lang='lat' dir='ltr'>hoc</span> <span class='ocrx_word' id='word_1_119' title='bbox 1047 1239 1107 1283; x_wconf 90' lang='lat' dir='ltr'>eis</span> <span class='ocrx_word' id='word_1_120' title='bbox 1142 1238 1382 1283; x_wconf 81' lang='lat' dir='ltr'>accidisse?</span> <span class='ocrx_word' id='word_1_121' title='bbox 1422 1238 1536 1283; x_wconf 89' lang='lat' dir='ltr'>Hinc</span> <span class='ocrx_word' id='word_1_122' title='bbox 1574 1238 1764 1295; x_wconf 84' lang='lat' dir='ltr'>scilicet,</span> 
     </span>
     <span class='ocr_line' id='line_1_16' title="bbox 373 1309 1767 1370; baseline 0 -16"><span class='ocrx_word' id='word_1_123' title='bbox 373 1331 394 1354; x_wconf 93' lang='lat'>«</span> <span class='ocrx_word' id='word_1_124' title='bbox 429 1310 647 1364; x_wconf 84' lang='lat' dir='ltr'>Quoniam</span> <span class='ocrx_word' id='word_1_125' title='bbox 671 1326 761 1354; x_wconf 88' lang='lat' dir='ltr'>non</span> <span class='ocrx_word' id='word_1_126' title='bbox 783 1309 1092 1354; x_wconf 82' lang='lat' dir='ltr'>intellexerunt</span> <span class='ocrx_word' id='word_1_127' title='bbox 1115 1310 1161 1353; x_wconf 90' lang='lat' dir='ltr'>in</span> <span class='ocrx_word' id='word_1_128' title='bbox 1178 1326 1308 1370; x_wconf 83' lang='lat' dir='ltr'>opera</span> <span class='ocrx_word' id='word_1_129' title='bbox 1331 1310 1520 1354; x_wconf 88' lang='lat' dir='ltr'>Domini.</span> <span class='ocrx_word' id='word_1_130' title='bbox 1553 1313 1658 1354; x_wconf 82' lang='lat' dir='ltr'>Haec</span> <span class='ocrx_word' id='word_1_131' title='bbox 1677 1310 1767 1370; x_wconf 88' lang='lat' dir='ltr'>ipsa</span> 
     </span>
    </p>
   </div>
   <div class='ocr_carea' id='block_1_3' title="bbox 367 1380 1819 1514">
    <p class='ocr_par' dir='ltr' id='par_1_5' title="bbox 367 1380 1819 1514">
     <span class='ocr_line' id='line_1_17' title="bbox 367 1380 1819 1441; baseline 0 -15"><span class='ocrx_word' id='word_1_132' title='bbox 367 1381 574 1427; x_wconf 86' lang='lat' dir='ltr'>nimirum</span> <span class='ocrx_word' id='word_1_133' title='bbox 599 1382 690 1441; x_wconf 81' lang='lat' dir='ltr'>jam</span> <span class='ocrx_word' id='word_1_134' title='bbox 722 1380 954 1425; x_wconf 82' lang='lat' dir='ltr'>retributio</span> <span class='ocrx_word' id='word_1_135' title='bbox 979 1380 1088 1435; x_wconf 83' lang='lat' dir='ltr'>fuit,</span> <span class='ocrx_word' id='word_1_136' title='bbox 1124 1390 1175 1425; x_wconf 92' lang='lat' dir='ltr'>ut</span> <span class='ocrx_word' id='word_1_137' title='bbox 1208 1396 1342 1441; x_wconf 89' lang='lat' dir='ltr'>quem</span> <span class='ocrx_word' id='word_1_138' title='bbox 1375 1380 1590 1426; x_wconf 85' lang='lat' dir='ltr'>malevolo</span> <span class='ocrx_word' id='word_1_139' title='bbox 1622 1381 1768 1426; x_wconf 84' lang='lat' dir='ltr'>animo</span> <span class='ocrx_word' id='word_1_140' title='bbox 1818 1405 1819 1419; x_wconf 58' lang='grc' dir='ltr'>ι</span> 
     </span>
     <span class='ocr_line' id='line_1_18' title="bbox 367 1453 1818 1514; baseline -0.001 -16"><span class='ocrx_word' id='word_1_141' title='bbox 367 1453 591 1498; x_wconf 87' lang='lat' dir='ltr'>hominem</span> <span class='ocrx_word' id='word_1_142' title='bbox 616 1461 911 1506; x_wconf 80' lang='lat' dir='ltr'>tentaverunt,</span> <span class='ocrx_word' id='word_1_143' title='bbox 938 1469 1027 1496; x_wconf 88' lang='lat' dir='ltr'>non</span> <span class='ocrx_word' id='word_1_144' title='bbox 1049 1461 1363 1511; x_wconf 76' lang='lat' dir='ltr'>cognoscerent</span> <span class='ocrx_word' id='word_1_145' title='bbox 1387 1456 1525 1497; x_wconf 90' lang='lat' dir='ltr'>Deum</span> <span class='ocrx_word' id='word_1_146' title='bbox 1548 1469 1637 1514; x_wconf 90' lang='lat' dir='ltr'>quo</span> <span class='ocrx_word' id='word_1_147' title='bbox 1667 1469 1770 1497; x_wconf 89' lang='lat' dir='ltr'>con·</span> <span class='ocrx_word' id='word_1_148' title='bbox 1816 1500 1818 1503; x_wconf 15' lang='grc' dir='ltr'><em>Α</em></span> 
     </span>
    </p>
   </div>
   <div class='ocr_carea' id='block_1_4' title="bbox 367 1523 1763 1584">
    <p class='ocr_par' dir='ltr' id='par_1_6' title="bbox 367 1523 1763 1584">
     <span class='ocr_line' id='line_1_19' title="bbox 367 1523 1763 1584; baseline -0.002 -16"><span class='ocrx_word' id='word_1_149' title='bbox 367 1524 463 1569; x_wconf 91' lang='lat' dir='ltr'>silio</span> <span class='ocrx_word' id='word_1_150' title='bbox 485 1525 756 1567; x_wconf 83' lang='lat' dir='ltr'>incarnatum</span> <span class='ocrx_word' id='word_1_151' title='bbox 772 1527 899 1567; x_wconf 84' lang='lat' dir='ltr'>Pater</span> <span class='ocrx_word' id='word_1_152' title='bbox 914 1523 1044 1567; x_wconf 80' lang='lat' dir='ltr'>misit.</span> <span class='ocrx_word' id='word_1_153' title='bbox 1063 1543 1081 1565; x_wconf 91' lang='lat'>«</span> <span class='ocrx_word' id='word_1_154' title='bbox 1098 1526 1154 1567; x_wconf 89' lang='lat' dir='ltr'>Et</span> <span class='ocrx_word' id='word_1_155' title='bbox 1168 1523 1213 1567; x_wconf 88' lang='lat' dir='ltr'>in</span> <span class='ocrx_word' id='word_1_156' title='bbox 1232 1539 1360 1584; x_wconf 80' lang='lat' dir='ltr'>opera</span> <span class='ocrx_word' id='word_1_157' title='bbox 1385 1539 1597 1568; x_wconf 79' lang='lat' dir='ltr'>manuum</span> <span class='ocrx_word' id='word_1_158' title='bbox 1622 1524 1727 1584; x_wconf 76' lang='lat' dir='ltr'>ejus.</span> <span class='ocrx_word' id='word_1_159' title='bbox 1744 1543 1763 1565; x_wconf 87' lang='lat'>»</span> 
     </span>
    </p>
   </div>
   <div class='ocr_carea' id='block_1_5' title="bbox 367 1594 1817 1657">
    <p class='ocr_par' dir='ltr' id='par_1_7' title="bbox 367 1594 1817 1657">
     <span class='ocr_line' id='line_1_20' title="bbox 367 1594 1817 1657; baseline -0.001 -16"><span class='ocrx_word' id='word_1_160' title='bbox 367 1599 456 1642; x_wconf 90' lang='lat' dir='ltr'>Nec</span> <span class='ocrx_word' id='word_1_161' title='bbox 479 1605 761 1640; x_wconf 87' lang='lat' dir='ltr'>moverentur</span> <span class='ocrx_word' id='word_1_162' title='bbox 782 1594 882 1655; x_wconf 88' lang='lat' dir='ltr'>ipsis</span> <span class='ocrx_word' id='word_1_163' title='bbox 904 1595 1150 1640; x_wconf 84' lang='lat' dir='ltr'>visibilibus</span> <span class='ocrx_word' id='word_1_164' title='bbox 1182 1595 1385 1655; x_wconf 82' lang='lat' dir='ltr'>operibus</span> <span class='ocrx_word' id='word_1_165' title='bbox 1400 1631 1410 1651; x_wconf 82' lang='lat'><strong><em>,</em></strong></span> <span class='ocrx_word' id='word_1_166' title='bbox 1447 1612 1547 1657; x_wconf 73' lang='lat' dir='ltr'>quae</span> <span class='ocrx_word' id='word_1_167' title='bbox 1570 1605 1768 1656; x_wconf 87' lang='lat' dir='ltr'>porrecta</span> <span class='ocrx_word' id='word_1_168' title='bbox 1816 1624 1817 1646; x_wconf 55' lang='lat'><em>³</em></span> 
     </span>
    </p>
   </div>
   <div class='ocr_carea' id='block_1_6' title="bbox 359 1665 1769 2513">
    <p class='ocr_par' dir='ltr' id='par_1_8' title="bbox 364 1665 1769 1929">
     <span class='ocr_line' id='line_1_21' title="bbox 367 1665 1769 1727; baseline 0 -16"><span class='ocrx_word' id='word_1_169' title='bbox 367 1676 470 1712; x_wconf 88' lang='lat' dir='ltr'>sunt</span> <span class='ocrx_word' id='word_1_170' title='bbox 508 1682 648 1727; x_wconf 83' lang='lat' dir='ltr'>usque</span> <span class='ocrx_word' id='word_1_171' title='bbox 684 1665 739 1710; x_wconf 82' lang='lat' dir='ltr'>ad</span> <span class='ocrx_word' id='word_1_172' title='bbox 773 1666 923 1710; x_wconf 89' lang='lat' dir='ltr'>oculos</span> <span class='ocrx_word' id='word_1_173' title='bbox 952 1681 1120 1710; x_wconf 89' lang='lat' dir='ltr'>eorum.</span> <span class='ocrx_word' id='word_1_174' title='bbox 1164 1686 1184 1708; x_wconf 89' lang='lat'>«</span> <span class='ocrx_word' id='word_1_175' title='bbox 1211 1669 1414 1711; x_wconf 87' lang='lat' dir='ltr'>Destrues</span> <span class='ocrx_word' id='word_1_176' title='bbox 1444 1666 1566 1722; x_wconf 83' lang='lat' dir='ltr'>illos,</span> <span class='ocrx_word' id='word_1_177' title='bbox 1599 1677 1643 1711; x_wconf 90' lang='lat' dir='ltr'>et</span> <span class='ocrx_word' id='word_1_178' title='bbox 1678 1683 1769 1711; x_wconf 92' lang='lat' dir='ltr'>non</span> 
     </span>
     <span class='ocr_line' id='line_1_22' title="bbox 370 1736 1768 1793; baseline 0 -11"><span class='ocrx_word' id='word_1_179' title='bbox 370 1757 391 1781; x_wconf 87' lang='lat'>»</span> <span class='ocrx_word' id='word_1_180' title='bbox 427 1738 663 1782; x_wconf 68' lang='lat' dir='ltr'>aeslificabis</span> <span class='ocrx_word' id='word_1_181' title='bbox 692 1753 779 1781; x_wconf 91' lang='lat' dir='ltr'>eos.</span> <span class='ocrx_word' id='word_1_182' title='bbox 811 1756 831 1778; x_wconf 69' lang='lat' dir='ltr'>n</span> <span class='ocrx_word' id='word_1_183' title='bbox 854 1736 973 1782; x_wconf 86' lang='lat' dir='ltr'>Nihil</span> <span class='ocrx_word' id='word_1_184' title='bbox 993 1737 1100 1780; x_wconf 88' lang='lat' dir='ltr'>mihi</span> <span class='ocrx_word' id='word_1_185' title='bbox 1122 1747 1336 1793; x_wconf 79' lang='lat' dir='ltr'>noceant,</span> <span class='ocrx_word' id='word_1_186' title='bbox 1362 1738 1437 1782; x_wconf 87' lang='lat' dir='ltr'>sed</span> <span class='ocrx_word' id='word_1_187' title='bbox 1459 1754 1537 1782; x_wconf 86' lang='lat' dir='ltr'>nec</span> <span class='ocrx_word' id='word_1_188' title='bbox 1561 1747 1768 1783; x_wconf 83' lang='lat' dir='ltr'>conantes</span> 
     </span>
     <span class='ocr_line' id='line_1_23' title="bbox 364 1808 1767 1870; baseline -0.001 -14"><span class='ocrx_word' id='word_1_189' title='bbox 364 1828 513 1856; x_wconf 87' lang='lat' dir='ltr'>rursus</span> <span class='ocrx_word' id='word_1_190' title='bbox 530 1811 734 1855; x_wconf 82' lang='lat' dir='ltr'>adversus</span> <span class='ocrx_word' id='word_1_191' title='bbox 753 1810 991 1854; x_wconf 82' lang='lat' dir='ltr'>Ecclesiam</span> <span class='ocrx_word' id='word_1_192' title='bbox 1009 1824 1149 1853; x_wconf 84' lang='lat' dir='ltr'>meam</span> <span class='ocrx_word' id='word_1_193' title='bbox 1178 1809 1341 1868; x_wconf 84' lang='lat' dir='ltr'>erigere</span> <span class='ocrx_word' id='word_1_194' title='bbox 1363 1809 1584 1853; x_wconf 79' lang='lat' dir='ltr'>machinas</span> <span class='ocrx_word' id='word_1_195' title='bbox 1603 1808 1767 1870; x_wconf 82' lang='lat' dir='ltr'>aliquid</span> 
     </span>
     <span class='ocr_line' id='line_1_24' title="bbox 368 1884 559 1929; baseline -0.01 0"><span class='ocrx_word' id='word_1_196' title='bbox 368 1884 559 1929; x_wconf 75' lang='lat' dir='ltr'>valeant.</span> 
     </span>
    </p>

    <p class='ocr_par' dir='ltr' id='par_1_9' title="bbox 369 1951 1765 2085">
     <span class='ocr_line' id='line_1_25' title="bbox 426 1951 1765 2014; baseline -0.001 -15"><span class='ocrx_word' id='word_1_197' title='bbox 426 1958 504 1999; x_wconf 87' lang='lat' dir='ltr'>VI.</span> <span class='ocrx_word' id='word_1_198' title='bbox 535 1974 554 1997; x_wconf 90' lang='lat'>«</span> <span class='ocrx_word' id='word_1_199' title='bbox 578 1953 839 1998; x_wconf 87' lang='lat' dir='ltr'>Benedictus</span> <span class='ocrx_word' id='word_1_200' title='bbox 862 1954 1102 2010; x_wconf 79' lang='lat' dir='ltr'>Dominus,</span> <span class='ocrx_word' id='word_1_201' title='bbox 1128 1954 1337 2014; x_wconf 87' lang='lat' dir='ltr'>quoniam</span> <span class='ocrx_word' id='word_1_202' title='bbox 1366 1951 1586 1998; x_wconf 82' lang='lat' dir='ltr'>exaudivit</span> <span class='ocrx_word' id='word_1_203' title='bbox 1613 1968 1765 1998; x_wconf 87' lang='lat' dir='ltr'>vocem</span> 
     </span>
     <span class='ocr_line' id='line_1_26' title="bbox 369 2025 973 2085; baseline -0.005 -17"><span class='ocrx_word' id='word_1_204' title='bbox 369 2046 390 2068; x_wconf 85' lang='lat'>»</span> <span class='ocrx_word' id='word_1_205' title='bbox 427 2025 743 2085; x_wconf 80' lang='lat' dir='ltr'>deprecationis</span> <span class='ocrx_word' id='word_1_206' title='bbox 765 2025 923 2068; x_wconf 76' lang='lat' dir='ltr'>meae⁴.</span> <span class='ocrx_word' id='word_1_207' title='bbox 953 2043 973 2065; x_wconf 85' lang='lat'>»</span> 
     </span>
    </p>

    <p class='ocr_par' dir='ltr' id='par_1_10' title="bbox 359 2095 1764 2513">
     <span class='ocr_line' id='line_1_27' title="bbox 423 2095 1762 2156; baseline -0.001 -16"><span class='ocrx_word' id='word_1_208' title='bbox 423 2099 520 2141; x_wconf 86' lang='lat' dir='ltr'><strong>VII.</strong></span> <span class='ocrx_word' id='word_1_209' title='bbox 554 2096 811 2140; x_wconf 88' lang='lat' dir='ltr'>«Dominus</span> <span class='ocrx_word' id='word_1_210' title='bbox 846 2095 1021 2156; x_wconf 84' lang='lat' dir='ltr'>adjutor</span> <span class='ocrx_word' id='word_1_211' title='bbox 1060 2109 1182 2139; x_wconf 85' lang='lat' dir='ltr'>meus</span> <span class='ocrx_word' id='word_1_212' title='bbox 1217 2104 1261 2139; x_wconf 92' lang='lat' dir='ltr'>et</span> <span class='ocrx_word' id='word_1_213' title='bbox 1296 2104 1518 2154; x_wconf 85' lang='lat' dir='ltr'>protector</span> <span class='ocrx_word' id='word_1_214' title='bbox 1548 2098 1712 2140; x_wconf 84' lang='lat' dir='ltr'>meus⁵.</span> <span class='ocrx_word' id='word_1_215' title='bbox 1741 2113 1762 2138; x_wconf 68' lang='lat' dir='ltr'>n</span> 
     </span>
     <span class='ocr_line' id='line_1_28' title="bbox 363 2165 1764 2227; baseline -0.002 -13"><span class='ocrx_word' id='word_1_216' title='bbox 363 2167 576 2214; x_wconf 87' lang='lat' dir='ltr'>Dominus</span> <span class='ocrx_word' id='word_1_217' title='bbox 599 2165 808 2227; x_wconf 80' lang='lat' dir='ltr'>adjuvans</span> <span class='ocrx_word' id='word_1_218' title='bbox 831 2175 950 2210; x_wconf 83' lang='lat' dir='ltr'>tanta</span> <span class='ocrx_word' id='word_1_219' title='bbox 972 2165 1232 2226; x_wconf 76' lang='lat' dir='ltr'>patientem,</span> <span class='ocrx_word' id='word_1_220' title='bbox 1250 2174 1293 2209; x_wconf 89' lang='lat' dir='ltr'>et</span> <span class='ocrx_word' id='word_1_221' title='bbox 1310 2166 1637 2210; x_wconf 73' lang='lat' dir='ltr'>immortalitate</span> <span class='ocrx_word' id='word_1_222' title='bbox 1658 2182 1764 2226; x_wconf 86' lang='lat' dir='ltr'>pro-</span> 
     </span>
     <span class='ocr_line' id='line_1_29' title="bbox 361 2238 1764 2299; baseline -0.001 -15"><span class='ocrx_word' id='word_1_223' title='bbox 361 2250 510 2298; x_wconf 84' lang='lat' dir='ltr'>tegens</span> <span class='ocrx_word' id='word_1_224' title='bbox 528 2246 842 2299; x_wconf 77' lang='lat' dir='ltr'>resurgentem.</span> <span class='ocrx_word' id='word_1_225' title='bbox 861 2259 879 2281; x_wconf 87' lang='lat'>«</span> <span class='ocrx_word' id='word_1_226' title='bbox 893 2242 943 2282; x_wconf 83' lang='lat' dir='ltr'>In</span> <span class='ocrx_word' id='word_1_227' title='bbox 955 2238 1049 2299; x_wconf 83' lang='lat' dir='ltr'>ipso</span> <span class='ocrx_word' id='word_1_228' title='bbox 1061 2238 1250 2298; x_wconf 81' lang='lat' dir='ltr'>speravit</span> <span class='ocrx_word' id='word_1_229' title='bbox 1264 2255 1339 2283; x_wconf 91' lang='lat' dir='ltr'>cor</span> <span class='ocrx_word' id='word_1_230' title='bbox 1353 2254 1516 2294; x_wconf 77' lang='lat' dir='ltr'>meum,</span> <span class='ocrx_word' id='word_1_231' title='bbox 1529 2248 1573 2282; x_wconf 90' lang='lat' dir='ltr'>et</span> <span class='ocrx_word' id='word_1_232' title='bbox 1587 2239 1656 2299; x_wconf 80' lang='lat' dir='ltr'>adj</span> <span class='ocrx_word' id='word_1_233' title='bbox 1665 2247 1764 2283; x_wconf 89' lang='lat' dir='ltr'>utus</span> 
     </span>
     <span class='ocr_line' id='line_1_30' title="bbox 363 2308 1764 2365; baseline 0.001 -11"><span class='ocrx_word' id='word_1_234' title='bbox 363 2329 384 2352; x_wconf 80' lang='lat'>&gt;›</span> <span class='ocrx_word' id='word_1_235' title='bbox 420 2327 531 2355; x_wconf 89' lang='lat' dir='ltr'>sum.</span> <span class='ocrx_word' id='word_1_236' title='bbox 558 2314 613 2354; x_wconf 86' lang='lat' dir='ltr'>Et</span> <span class='ocrx_word' id='word_1_237' title='bbox 636 2310 833 2355; x_wconf 77' lang='lat' dir='ltr'>refloruit</span> <span class='ocrx_word' id='word_1_238' title='bbox 855 2326 954 2354; x_wconf 82' lang='lat' dir='ltr'>caro</span> <span class='ocrx_word' id='word_1_239' title='bbox 980 2326 1072 2355; x_wconf 81' lang='lat' dir='ltr'>mea</span> <span class='ocrx_word' id='word_1_240' title='bbox 1094 2331 1102 2355; x_wconf 92' lang='lat'>·.</span> <span class='ocrx_word' id='word_1_241' title='bbox 1128 2328 1146 2350; x_wconf 87' lang='lat'>»</span> <span class='ocrx_word' id='word_1_242' title='bbox 1170 2308 1215 2353; x_wconf 87' lang='lat' dir='ltr'>id</span> <span class='ocrx_word' id='word_1_243' title='bbox 1237 2319 1300 2354; x_wconf 84' lang='lat' dir='ltr'>cst</span> <span class='ocrx_word' id='word_1_244' title='bbox 1317 2346 1327 2365; x_wconf 79' lang='lat'>‚</span> <span class='ocrx_word' id='word_1_245' title='bbox 1354 2319 1397 2355; x_wconf 90' lang='lat' dir='ltr'>et</span> <span class='ocrx_word' id='word_1_246' title='bbox 1418 2310 1648 2354; x_wconf 81' lang='lat' dir='ltr'>resurrexit</span> <span class='ocrx_word' id='word_1_247' title='bbox 1663 2325 1764 2355; x_wconf 84' lang='lat' dir='ltr'>caro</span> 
     </span>
     <span class='ocr_line' id='line_1_31' title="bbox 359 2380 1758 2442; baseline -0.001 -16"><span class='ocrx_word' id='word_1_248' title='bbox 359 2398 469 2426; x_wconf 79' lang='lat' dir='ltr'>mea.</span> <span class='ocrx_word' id='word_1_249' title='bbox 509 2401 528 2423; x_wconf 90' lang='lat'>«</span> <span class='ocrx_word' id='word_1_250' title='bbox 560 2385 615 2426; x_wconf 86' lang='lat' dir='ltr'>Et</span> <span class='ocrx_word' id='word_1_251' title='bbox 638 2397 686 2425; x_wconf 86' lang='lat' dir='ltr'>ex</span> <span class='ocrx_word' id='word_1_252' title='bbox 717 2380 944 2426; x_wconf 82' lang='lat' dir='ltr'>voluntate</span> <span class='ocrx_word' id='word_1_253' title='bbox 976 2397 1071 2426; x_wconf 87' lang='lat' dir='ltr'>mea</span> <span class='ocrx_word' id='word_1_254' title='bbox 1094 2381 1340 2426; x_wconf 84' lang='lat' dir='ltr'>confitebor</span> <span class='ocrx_word' id='word_1_255' title='bbox 1361 2381 1440 2426; x_wconf 86' lang='lat' dir='ltr'>illi.</span> <span class='ocrx_word' id='word_1_256' title='bbox 1470 2400 1490 2423; x_wconf 88' lang='lat'>»</span> <span class='ocrx_word' id='word_1_257' title='bbox 1518 2380 1644 2426; x_wconf 86' lang='lat' dir='ltr'>Unde</span> <span class='ocrx_word' id='word_1_258' title='bbox 1667 2383 1758 2442; x_wconf 81' lang='lat' dir='ltr'>jam</span> 
     </span>
     <span class='ocr_line' id='line_1_32' title="bbox 359 2453 1758 2513; baseline -0.001 -16"><span class='ocrx_word' id='word_1_259' title='bbox 359 2463 621 2513; x_wconf 82' lang='lat' dir='ltr'>consumpto</span> <span class='ocrx_word' id='word_1_260' title='bbox 644 2453 793 2498; x_wconf 88' lang='lat' dir='ltr'>mortis</span> <span class='ocrx_word' id='word_1_261' title='bbox 809 2462 945 2508; x_wconf 81' lang='lat' dir='ltr'>metu,</span> <span class='ocrx_word' id='word_1_262' title='bbox 964 2469 1054 2497; x_wconf 90' lang='lat' dir='ltr'>non</span> <span class='ocrx_word' id='word_1_263' title='bbox 1069 2453 1234 2498; x_wconf 90' lang='lat' dir='ltr'>timoris</span> <span class='ocrx_word' id='word_1_264' title='bbox 1254 2454 1506 2498; x_wconf 85' lang='lat' dir='ltr'>necessitate</span> <span class='ocrx_word' id='word_1_265' title='bbox 1524 2453 1607 2497; x_wconf 91' lang='lat' dir='ltr'>sub</span> <span class='ocrx_word' id='word_1_266' title='bbox 1626 2456 1758 2512; x_wconf 71' lang='lat' dir='ltr'>Lege,</span> 
     </span>
    </p>
   </div>
   <div class='ocr_carea' id='block_1_7' title="bbox 412 2547 1758 2591">
    <p class='ocr_par' dir='ltr' id='par_1_11' title="bbox 412 2547 1758 2591">
     <span class='ocr_line' id='line_1_33' title="bbox 412 2547 1758 2591; baseline -0.001 -10"><span class='ocrx_word' id='word_1_267' title='bbox 412 2556 421 2571; x_wconf 89' lang='lat'>¹</span> <span class='ocrx_word' id='word_1_268' title='bbox 443 2551 533 2581; x_wconf 77' lang='lat' dir='ltr'>Joan.</span> <span class='ocrx_word' id='word_1_269' title='bbox 567 2561 624 2588; x_wconf 86' lang='lat'>111,</span> <span class='ocrx_word' id='word_1_270' title='bbox 650 2558 682 2580; x_wconf 72' lang='lat'>2.</span> <span class='ocrx_word' id='word_1_271' title='bbox 716 2566 756 2571; x_wconf 89' lang='lat'>——</span> <span class='ocrx_word' id='word_1_272' title='bbox 789 2556 802 2571; x_wconf 80' lang='lat'>²</span> <span class='ocrx_word' id='word_1_273' title='bbox 827 2549 906 2581; x_wconf 75' lang='lat' dir='ltr'>Psal.</span> <span class='ocrx_word' id='word_1_274' title='bbox 937 2560 1043 2588; x_wconf 79' lang='lat' dir='ltr'>xxvii,</span> <span class='ocrx_word' id='word_1_275' title='bbox 1078 2549 1109 2591; x_wconf 64' lang='grc'>4.</span> <span class='ocrx_word' id='word_1_276' title='bbox 1137 2567 1178 2572; x_wconf 84' lang='lat'>--—</span> <span class='ocrx_word' id='word_1_277' title='bbox 1209 2547 1222 2571; x_wconf 82' lang='lat'>3</span> <span class='ocrx_word' id='word_1_278' title='bbox 1252 2549 1332 2581; x_wconf 85' lang='lat' dir='ltr'>Ibid.</span> <span class='ocrx_word' id='word_1_279' title='bbox 1367 2550 1397 2581; x_wconf 81' lang='lat'>5.</span> <span class='ocrx_word' id='word_1_280' title='bbox 1431 2566 1474 2572; x_wconf 89' lang='lat'>·—-</span> <span class='ocrx_word' id='word_1_281' title='bbox 1495 2547 1510 2578; x_wconf 74' lang='lat' dir='ltr'>l,</span> <span class='ocrx_word' id='word_1_282' title='bbox 1538 2548 1618 2580; x_wconf 81' lang='lat' dir='ltr'>lbid.</span> <span class='ocrx_word' id='word_1_283' title='bbox 1651 2548 1684 2580; x_wconf 85' lang='grc'>6.</span> <span class='ocrx_word' id='word_1_284' title='bbox 1717 2565 1758 2571; x_wconf 84' lang='lat'>—-</span> 
     </span>
    </p>
   </div>
   <div class='ocr_carea' id='block_1_8' title="bbox 369 2604 534 2646">
    <p class='ocr_par' dir='ltr' id='par_1_12' title="bbox 369 2604 534 2646">
     <span class='ocr_line' id='line_1_34' title="bbox 369 2604 534 2646; baseline 0.006 -10"><span class='ocrx_word' id='word_1_285' title='bbox 369 2604 382 2628; x_wconf 72' lang='lat'>5</span> <span class='ocrx_word' id='word_1_286' title='bbox 400 2605 482 2636; x_wconf 80' lang='lat' dir='ltr'>Ibid.</span> <span class='ocrx_word' id='word_1_287' title='bbox 504 2616 534 2646; x_wconf 67' lang='lat'>7.</span> 
     </span>
    </p>
   </div>
  </div>
 </body>
</html>
