1833 3284
356 202 439 239 216
786 211 818 238 s.
855 209 1085 239 Auens-mm
1118 212 1299 239 Emscom

354 277 487 321 bitur.
516 278 657 320 Prima
677 276 792 319 enim
815 275 1058 335 persecutio
1080 274 1284 319 Ecclesiae
1306 273 1495 318 violenta
1520 271 1618 329 fuit,
1643 287 1745 318 cum

310 372 314 377 ·
354 347 771 407 proscriptionibus,
806 346 1053 399 tormentis,
1089 345 1303 400 caedibus,
1332 345 1564 389 Christiani
1591 343 1646 388 ad
1673 360 1742 388 sa-

350 418 634 462 crificandum
673 426 932 476 cogerentur
960 436 968 461 :
1006 416 1139 461 altera
1177 416 1418 476 persecutio
1462 414 1740 459 fraudulenta

352 499 437 544 est,
458 505 557 550 quae
580 504 698 533 nunc
717 504 793 548 per
815 487 1111 548 cujuscemodi
1131 488 1355 532 haereticos
1378 496 1421 530 et
1438 485 1565 530 falsos
1591 485 1739 530 fratres

350 560 493 617 agitur
522 579 530 604 :
560 559 684 602 tertia
720 567 914 619 superest
951 573 1026 617 per
1056 557 1373 602 Antichristum
1405 565 1615 610 ventura,
1652 571 1740 615 qua

348 629 458 673 nihil
473 639 535 673 cst
558 628 866 689 periculosius,
892 628 1101 689 quoniam
1119 636 1162 671 et
1182 627 1371 672 violenta
1394 636 1437 670 et
1460 625 1740 670 fraudulenta

346 701 441 744 erit.
469 702 565 744 Vim
585 700 766 744 habebit
784 700 828 743 in
851 700 1049 759 imperio,
1075 697 1227 760 dolum
1250 698 1294 742 in
1312 696 1544 741 miraculis.
1563 696 1740 756 Advim

347 770 533 815 relatum
551 780 629 826 est,
653 770 771 831 quod
785 770 952 815 dictum
976 779 1064 815 est:
1085 789 1105 811 α
1126 772 1176 813 In
1187 769 1322 814 cubili
1343 785 1436 813 suo.
1458 788 1476 809 »
1495 771 1552 812 Et
1568 782 1740 811 rursum

346 842 437 901 ipsa
465 842 647 902 repetita
669 850 771 886 sunt
792 856 1000 885 converso
1029 840 1197 885 ordine.
1238 859 1258 883 «
1285 839 1536 895 Insidiatur‚
1572 839 1736 899 inquit,

349 931 368 954 »
405 922 455 957 ut
487 913 626 973 rapiat
656 927 894 973 pauperem
918 931 926 957 :
955 929 974 952 n
1000 911 1085 956 hoc
1112 909 1167 955 ad
1191 909 1342 955 dolum
1369 910 1574 970 pertinet.
1610 907 1741 963 Quod

349 993 495 1028 autem
521 984 717 1044 sequitur
745 1003 753 1028 :
784 1002 804 1025 «
825 986 994 1042 Rapere
1017 997 1253 1042 pauperem
1276 980 1384 1025 dum
1407 980 1587 1025 attrahit
1610 995 1710 1024 eum
1725 1015 1737 1034 ,

345 1055 564 1099 violentiae
590 1056 843 1115 deputatur.
874 1073 893 1095 «
918 1053 1111 1098 Attrahit
1137 1070 1155 1094 »
1178 1053 1294 1097 enim
1317 1052 1555 1111 significat,
1579 1051 1741 1112 quibus

347 1135 490 1185 potest
511 1125 774 1170 cruciatibus
797 1123 1033 1184 affligendo
1055 1123 1111 1169 ad
1133 1139 1177 1168 se
1199 1123 1393 1168 adducit.

406 1199 614 1241 XXVIII.
633 1200 744 1241 Item
763 1194 852 1240 duo
871 1211 971 1256 quae
994 1204 1254 1256 sequuntur,
1271 1195 1362 1255 ipsa
1375 1204 1492 1241 sunt.
1509 1213 1529 1236 «
1545 1197 1597 1238 In
1618 1209 1741 1238 mus-

350 1285 370 1308 »
405 1265 547 1325 cipula
573 1282 649 1310 sua
680 1265 929 1310 humiliabit
958 1281 1058 1309 eum
1076 1301 1086 1320 ,
1115 1284 1135 1306 »
1161 1264 1288 1310 dolus
1321 1274 1398 1309 est.
1434 1263 1738 1319 Inclinabitur,

349 1356 369 1379 »
406 1346 449 1381 et
466 1337 618 1391 cadet,
646 1336 753 1380 dum
772 1336 1070 1381 dominabitur
1086 1351 1329 1396 pauperum
1347 1338 1376 1390 ¹,
1396 1354 1416 1376 »
1437 1335 1500 1380 vis
1521 1344 1599 1379 est.
1625 1337 1743 1379 Mus-

347 1408 491 1468 cipula
514 1408 630 1451 enim
653 1408 765 1451 bene
788 1407 1001 1466 significat
1026 1407 1200 1451 insidias
1223 1426 1231 1452 :
1257 1405 1498 1451 dominatio
1518 1421 1623 1450 vero
1651 1414 1742 1449 ter-

346 1494 488 1523 rorem
504 1478 769 1538 apertissime
784 1477 991 1521 insinuat.
1013 1480 1069 1522 Et
1091 1477 1202 1521 bene
1219 1477 1303 1521 ait:
1326 1497 1346 1519 «
1367 1475 1624 1520 Humiliabit
1641 1491 1743 1520 eum

348 1569 368 1591 i>
404 1551 449 1593 in
471 1548 713 1609 muscipula
730 1565 822 1592 sua.
847 1567 866 1589 »
886 1550 999 1593 Cum
1019 1547 1134 1592 enim
1153 1548 1272 1606 signa
1290 1546 1363 1591 illa
1381 1546 1522 1591 facere
1539 1547 1739 1607 coeperit,

345 1629 513 1681 quanto
529 1619 793 1664 mirabiliora
807 1617 1074 1662 videbuntur
1087 1618 1357 1673 hominibus,
1375 1627 1497 1662 tanto
1510 1616 1574 1661 illi
1586 1617 1739 1673 sancti,

346 1692 422 1752 qui
448 1701 550 1735 tuuc
573 1699 724 1744 erunt,
751 1698 1105 1743 contemnentur,
1131 1698 1175 1733 et
1197 1690 1319 1749 quasi
1340 1705 1419 1749 pro
1441 1687 1577 1733 nihilo
1605 1688 1742 1732 habe-

345 1763 528 1806 buntur.
551 1763 670 1814 Quos
692 1760 786 1815 ille,
812 1759 882 1803 cui
906 1775 982 1818 per
1000 1759 1213 1819 justitiam
1238 1768 1280 1802 et
1302 1759 1599 1803 innocentiam
1621 1759 1743 1803 resis-

348 1842 466 1887 rent,
493 1831 683 1875 mirificis
706 1830 829 1874 factis
857 1846 1058 1889 superare
1079 1829 1315 1873 videbitur.
1344 1830 1429 1874 Sed
1456 1849 1475 1871 α
1500 1829 1740 1873 Inclinabi-

348 1924 368 1946 »
406 1913 492 1958 tur,
523 1913 566 1947 et
597 1901 745 1957 cadet,
776 1900 882 1945 dum
904 1901 1205 1945 dominabitur
1227 1916 1498 1961 pauperum,
1527 1919 1547 1942 »
1581 1900 1627 1945 id
1648 1910 1738 1957 est,

343 1977 450 2020 dum
475 1972 685 2034 quaelibet
712 1970 924 2032 supplicia
946 1972 1155 2030 irrogabit
1182 1972 1478 2018 resistentibus
1507 1972 1588 2017 sibi
1609 1972 1740 2016 servis

347 2047 438 2090 Dei.

404 2118 567 2160 xxix.
592 2114 717 2159 Unde
740 2123 887 2158 autem
900 2112 1201 2169 inclinabitur,
1219 2123 1262 2157 ct
1276 2114 1434 2158 cadet?
1451 2133 1471 2156 «
1491 2114 1606 2159 Dixit
1622 2114 1739 2158 enim

349 2207 368 2229 »
404 2188 449 2230 in
471 2186 601 2231 corde
624 2201 704 2230 suo
733 2205 741 2230 :
768 2184 942 2229 Oblitus
965 2194 1029 2229 est
1049 2188 1165 2229 Deus
1183 2221 1194 2240 ,
1223 2185 1379 2229 avertit
1406 2183 1560 2230 facicm
1585 2200 1708 2229 suam
1724 2220 1735 2240 ,

346 2277 365 2299 n
402 2273 456 2300 nc
480 2256 623 2301 videat
642 2256 842 2316 usquein
865 2256 1038 2299 finem?
1067 2274 1086 2295 »
1111 2258 1215 2300 Haec
1233 2265 1296 2299 est
1312 2255 1537 2300 inclinatio
1561 2265 1603 2299 et
1618 2271 1739 2299 casus

343 2329 635 2384 miserrimus,
667 2326 774 2370 dum
806 2326 974 2370 animus
1001 2327 1219 2370 humanus
1248 2327 1293 2370 in
1325 2328 1411 2371 suis
1434 2326 1738 2387 iniquitatibus

342 2400 464 2459 quasi
482 2408 776 2459 prosperatur,
803 2398 976 2458 etparci
1001 2398 1082 2441 sibi
1104 2407 1256 2457 putat,
1281 2413 1383 2442 cum
1414 2406 1668 2451 excaecetur,
1694 2406 1738 2441 et

343 2480 538 2516 servetur
566 2470 620 2514 ad
643 2470 842 2514 ultimam
866 2479 1248 2530 opportunamque
1280 2469 1540 2524 vindictam,
1567 2468 1622 2513 de
1650 2484 1736 2529 qua

393 2563 400 2577 ¹
422 2555 505 2586 I'sal.
527 2567 569 2591 ix,
597 2567 645 2585 io.
667 2572 702 2576 —*
723 2562 734 2576 ²
755 2555 834 2585 Ibid.
867 2566 917 2586 ιι.
