1833 3284
442 293 685 322 ENARRATIO
719 296 764 324 IN
796 295 998 323 PsALML'M
1032 296 1106 322 xv.
1381 279 1465 319 245

141 362 218 404 VI.
244 379 263 402 «
294 363 438 404 Funes
465 357 715 404 ceciderunt
742 360 848 404 mihi
878 360 923 403 in
951 358 1208 419 praeclaris¹.
1237 376 1257 399 »
1289 357 1466 402 Limites

80 430 357 490 possessionis
381 445 488 474 meae
515 430 559 473 in
582 439 656 473 tua
680 430 896 486 claritate,
928 441 1138 491 tanquam
1162 439 1276 474 sorte
1296 427 1466 473 cecide-

79 511 184 545 runt
199 537 209 556 ,
234 501 356 546 velut
376 500 586 560 possessio
607 500 888 546 Sacerdotum
911 511 954 545 et
976 501 1226 545 Levitarum
1248 503 1362 543 Deus
1385 507 1464 544 est.

84 590 102 613 «
129 572 303 616 Etenim
320 571 550 616 haereditas
568 587 662 616 mea
681 572 885 632 praeclara
904 571 1126 616 estmihi2.
1151 589 1171 611 >2
1188 570 1467 614 Etenimhae-

79 642 237 688 reditas
256 659 352 688 mea
369 643 577 704 praeclara
599 654 687 699 est,
718 660 806 688 non
830 643 1058 699 omnibus,
1084 642 1160 687 sed
1177 642 1426 687 videntibus
1454 660 1464 692 ;

78 714 122 758 in
144 715 304 775 quibus
326 716 428 775 quia
449 731 529 774 ego
552 731 674 770 sum,
701 735 720 757 «
745 716 853 760 Mihi
876 725 953 759 est
974 734 994 756 »

137 787 236 829 VII.
266 805 286 828 «
306 785 565 830 Benedicam
590 787 822 830 Dominum
840 786 951 846 qui
971 785 1076 829 mihi
1095 763 1250 829 tribuit
1266 782 1468 828 intellec-

79 873 101 898 »
127 857 248 900 tum³
281 876 290 902 z
320 875 339 898 »
363 873 452 917 quo
482 857 562 900 ista
590 856 820 901 haereditas
840 856 977 900 videri
998 865 1041 899 et
1069 854 1276 915 possideii
1306 863 1464 914 potest.

80 945 102 968 ι(
127 929 310 986 Insuper
331 924 477 970 autem
506 936 549 971 et
580 943 718 988 usque
741 926 797 971 ad
829 937 1004 971 noctem
1026 926 1371 970 emendaverunt
1398 939 1467 967 me

79 1014 99 1038 »
121 1012 242 1042 renes
262 998 389 1042 mei4.
413 1016 434 1039 i>
474 1000 612 1057 Super
640 997 910 1042 intellectum
936 1007 1081 1041 autem
1105 1012 1243 1057 usque
1265 995 1320 1039 ad
1347 1011 1467 1039 mor-

75 1075 164 1111 tem
179 1083 248 1112 me
260 1067 450 1113 erudivit
463 1068 641 1112 inferior
659 1083 756 1127 pars
772 1083 882 1123 mea,
899 1068 1037 1112 carnis
1050 1067 1286 1126 assumptio
1306 1076 1382 1112 :ut
1399 1082 1469 1109 ex-

74 1138 239 1196 perirer
274 1139 476 1185 tenebras
508 1136 782 1184 mortalitatis
803 1174 814 1195 ‚
848 1154 956 1201 quas
983 1137 1055 1183 ille
1092 1136 1341 1182 intellectus
1375 1153 1466 1182 non

73 1209 222 1254 hahet.

132 1282 255 1324 VIII.
286 1299 306 1323 «
331 1281 620 1326 Providebam
637 1281 875 1327 Dominum
895 1282 942 1326 in
970 1290 1208 1341 conspectu
1228 1295 1327 1325 meo
1348 1295 1466 1324 sem-

77 1368 99 1392 »
119 1353 233 1411 per5.
269 1369 291 1394 »
315 1351 400 1397 Sed
417 1353 595 1397 veniens
618 1353 664 1396 in
694 1368 743 1397 ea
773 1369 873 1413 quae
900 1362 1149 1407 transeunt,
1182 1367 1272 1396 non
1306 1350 1467 1395 abstuli

76 1422 256 1467 oculum
278 1423 334 1467 ab
367 1438 418 1468 eo
447 1424 520 1484 qui
548 1439 717 1484 semper
744 1433 891 1468 manet
908 1459 918 1479 ,
949 1425 1033 1468 hoc
1061 1422 1294 1483 providens
1314 1458 1324 1478 ‚
1350 1432 1400 1467 ut
1422 1422 1468 1466 in

72 1509 173 1538 eum
198 1503 294 1554 post
306 1494 558 1554 temporalia
572 1504 746 1555 peracta
768 1510 1050 1540 recurrerem.
1062 1514 1081 1537 «
1095 1494 1312 1548 Quoniam
1328 1510 1349 1538 a
1367 1493 1468 1537 dex-

75 1582 95 1606 »
120 1566 194 1609 tris
212 1575 275 1610 est
292 1567 421 1621 mihi,
452 1582 506 1610 ne
528 1582 817 1611 commovear.
846 1586 865 1609 n
892 1566 1107 1621 Quoniam
1130 1564 1248 1611 favet
1269 1566 1396 1622 mihi,
1418 1574 1468 1609 ut

70 1636 283 1682 stabiliter
302 1638 347 1681 in
364 1653 415 1682 eo
437 1653 732 1697 permaneam.

131 1710 209 1752 IX.
240 1727 260 1750 «
282 1711 463 1769 Propter
483 1709 567 1753 hoc
582 1708 874 1769 jocundatum
890 1719 953 1754 est
968 1724 1042 1754 cor
1060 1724 1224 1764 meum⁷
1241 1718 1284 1753 et
1306 1708 1467 1753 exulta-

42 1825 43 1828 *
73 1796 95 1820 »
120 1779 183 1824 vit
199 1779 349 1837 lingua
367 1795 462 1824 mea
478 1782 509 1825 ⁶.
529 1784 746 1840 »Propter
766 1781 850 1825 hoc
872 1790 915 1825 et
937 1781 982 1825 in
1007 1780 1340 1839 cogitationibus
1361 1781 1465 1824 meis

65 1849 337 1910 jocunditas,
368 1860 413 1894 et
432 1851 477 1894 in
504 1850 646 1895 verbis
669 1850 891 1895 exultatio.
928 1871 947 1894 «
972 1855 1155 1912 Insuper
1182 1861 1225 1896 et
1250 1867 1349 1896 caro
1370 1866 1464 1896 mea

73 1937 95 1961 »
115 1921 355 1980 requiescet
371 1921 418 1964 in
441 1937 529 1980 spe.
550 1941 569 1963 »
598 1925 781 1981 Insuper
804 1931 847 1965 et
868 1938 967 1966 caro
991 1938 1084 1966 mea
1114 1938 1203 1966 non
1227 1921 1397 1967 deficiet
1422 1922 1467 1966 in

0 1977 1 2054 j
27 2032 29 2034 ,
71 1990 295 2034 interitum
314 2027 324 2043 ‚
345 1991 422 2035 sed
443 1992 487 2035 in
510 2007 584 2051 spe
614 1992 938 2036 resurrectionis
961 1992 1222 2037 obdormiet.

129 2063 186 2104 X.
217 2080 236 2103 «
268 2062 485 2114 Quoniam
510 2078 600 2106 non
635 2061 910 2122 derelinques
934 2062 1121 2106 animam
1153 2078 1294 2106 meam
1321 2062 1367 2106 in
1400 2063 1467 2106 in-

73 2150 94 2174 »
115 2131 280 2177 ferno⁷.
310 2152 329 2176 »
352 2134 571 2186 Quoniam
598 2149 741 2194 neque
769 2135 957 2178 animam
988 2150 1126 2178 meam
1156 2133 1302 2178 inferis
1326 2135 1465 2194 possi-

70 2202 260 2247 dendam
284 2204 421 2249 dabis.
452 2224 470 2246 «
497 2207 649 2265 Neque
677 2204 800 2249 dabis
824 2214 1023 2249 sanctum
1050 2214 1175 2248 tuum
1198 2205 1345 2249 videre
1368 2221 1465 2249 cor-

73 2293 92 2315 »
119 2275 384 2335 ruptionem.
404 2294 424 2316 »
450 2278 601 2336 Neque
624 2276 942 2321 sanctificatum
973 2293 1153 2336 corpus,
1179 2293 1256 2336 per
1278 2276 1397 2337 quod
1420 2287 1465 2321 et

69 2344 142 2389 alii
176 2344 474 2390 sanctificandi
505 2357 632 2403 sunt,
664 2347 886 2407 corrumpi
916 2348 1102 2407 patieris.
1140 2367 1160 2390 «
1191 2350 1322 2393 Notas
1355 2349 1461 2393 mihi

73 2435 94 2457 «
117 2414 257 2460 fecisti
272 2417 361 2462 vias
381 2417 495 2461 vitae.
523 2435 544 2459 υ
564 2420 695 2464 Notas
715 2418 856 2463 fecisti
872 2434 949 2479 per
970 2434 1040 2462 me
1061 2418 1432 2474 humilitatisvias
1446 2455 1458 2476 ‚

68 2495 120 2530 ut
141 2486 196 2530 ad
217 2487 353 2532 vitam
373 2486 565 2533 redirent
583 2488 803 2546 homines,
828 2489 946 2535 unde
968 2505 1046 2551 per
1077 2490 1324 2548 superbiam
1346 2490 1462 2535 ceci-

116 2589 126 2606 1
143 2583 225 2615 Psal.
244 2594 304 2626 xv,
319 2585 354 2618 6.
366 2601 408 2609 -
425 2591 439 2608 2
458 2585 539 2619 Ibid.
551 2602 595 2612 --
615 2584 723 2622 31bid.
745 2597 778 2629 7⁴
790 2604 829 2631 ⁴-
857 2586 974 2622 41bid.
995 2604 1038 2613 -
1050 2586 1067 2612 ⁵
1085 2587 1166 2622 Ibid.
1186 2588 1221 2622 s.
1241 2603 1284 2613 -·
1298 2587 1314 2612 ⁶
1333 2588 1414 2635 naid-
1427 2599 1462 2631 9-

70 2654 112 2661 -
129 2645 144 2673 7
164 2638 248 2674 lbid.
272 2651 326 2674 10.
