1833 3284
306 323 390 364 540
759 339 792 364 s.
829 335 1059 364 AucusTlm
1092 336 1272 363 EPISCOPI

300 400 404 461 justi
427 400 502 460 qui
522 400 711 444 exauditi
734 411 857 456 sunt,
883 402 993 446 sieut
1011 401 1218 461 scriptum
1243 408 1331 444 est:
1356 398 1698 444 «Clamaverunt

309 488 327 511 >›
358 470 490 530 justi,
517 479 560 514 et
583 471 792 516 Dominus
815 471 1036 516 exaudivit
1066 487 1137 515 eos
1155 506 1165 525 ,
1191 479 1235 514 et
1256 486 1307 514 ex
1330 470 1534 514 omnibus
1556 468 1698 513 tribu-

308 559 327 581 »
365 539 601 584 lationibus
623 556 776 586 eorum
806 543 918 585 eruit
942 557 1014 586 eos
1043 562 1051 586 :
1080 560 1100 582 »
1128 544 1224 600 Ego
1244 550 1389 585 autem
1413 540 1616 594 clamavi,
1655 547 1699 582 et

304 627 394 655 non
418 626 486 654 me
509 613 620 655 eruit
640 634 650 670 3
670 622 745 656 aut
767 629 848 672 ego
866 629 955 657 non
979 614 1247 673 sumjustus,
1264 622 1339 656 aut
1362 628 1451 657 non
1472 611 1581 655 facio
1598 625 1698 670 quae

304 682 412 725 mihi
428 682 577 742 jubet,
604 692 680 726 aut
697 683 810 728 forte
832 699 901 727 me
926 683 998 728 ille
1015 699 1105 728 non
1128 683 1263 728 videt.
1284 683 1383 729 Noli
1405 684 1577 737 timere,
1597 690 1699 725 tan-

305 769 436 814 quam
461 753 528 798 fac
551 753 809 815 quodjubet
828 776 839 812 3
860 764 902 799 et
915 755 949 799 si
966 765 1009 799 te
1026 770 1114 799 non
1132 755 1246 798 eruit
1263 753 1560 814 corporaliter,
1577 760 1700 796 eruet

304 824 569 884 spiritaliter.
611 825 689 869 Ille
724 825 838 869 enim
875 827 950 886 qui
977 825 1080 870 tulit
1114 826 1169 869 de
1202 826 1377 869 ssamma
1408 834 1493 869 tres
1515 838 1696 883 pueros,

306 895 526 955 numquid
549 895 649 939 tulit
671 895 726 939 de
745 897 919 940 flamma
941 897 1249 941 Machabaeos?
1274 898 1429 940 Nonne
1450 895 1572 938 illiin
1594 893 1701 953 igni-

304 966 386 1010 bus
404 966 734 1024 hymnizabant,
756 966 818 1010 illi
837 967 882 1010 in
904 967 1078 1026 ignibus
1097 967 1415 1026 expirabant1?
1437 969 1549 1011 Deus
1568 966 1698 1009 trium

303 1053 541 1097 puerorum
560 1073 571 1093 ,
595 1053 742 1081 nonne
769 1039 859 1098 ipse
881 1047 944 1082 est
966 1048 1008 1082 et
1026 1039 1414 1082 Maehabaeorum‘?
1438 1037 1539 1081 Illos
1562 1037 1697 1091 eruit,

304 1118 347 1153 et
369 1107 464 1152 illos
488 1124 577 1152 non
597 1110 710 1153 eruit
728 1130 739 1167 3
760 1110 848 1153 imo
870 1118 1079 1170 utrosque
1096 1109 1208 1153 eruit
1226 1129 1234 1154 :
1262 1109 1337 1153 sed
1360 1118 1444 1153 tres
1468 1123 1625 1168 pueros
1641 1107 1701 1152 sie

304 1180 442 1234 eruit,
475 1189 523 1223 ut
549 1189 592 1224 et
615 1181 807 1224 carnales
830 1180 1231 1238 confunderentur,
1255 1180 1531 1225 Machabaeos
1555 1188 1701 1223 autem

304 1249 402 1294 ideo
422 1266 510 1294 non
533 1251 592 1294 sic
614 1251 747 1306 eruit,
774 1260 823 1294 ut
855 1250 938 1306 illi,
961 1252 1035 1312 qui
1057 1252 1454 1311 persequebantur,
1480 1251 1526 1294 in
1547 1265 1700 1310 poenas

304 1322 487 1381 majores
504 1322 632 1376 irent,
659 1337 759 1366 cum
789 1322 1005 1381 putabant
1028 1338 1071 1366 se
1088 1322 1346 1381 oppressisse
1368 1324 1580 1379 Martyres
1605 1321 1696 1364 Dei.

304 1391 431 1435 Eruit
450 1395 628 1435 Petrum
646 1427 656 1447 ,
678 1391 857 1452 quando
879 1392 999 1436 venit
1017 1391 1071 1435 ad
1093 1391 1219 1435 illum
1236 1391 1450 1451 Angelus,
1471 1407 1570 1435 eum
1591 1399 1702 1434 esset

304 1462 349 1506 in
369 1461 554 1507 vinculis
575 1499 585 1517 ,
607 1472 650 1507 et
672 1464 730 1507 ait
753 1462 813 1506 illi
837 1483 846 1507 :
876 1482 895 1505 «
924 1465 1077 1522 Surge,
1096 1472 1140 1507 et
1161 1463 1228 1506 exi
1250 1481 1258 1506 :
1288 1481 1308 1503 »
1334 1471 1378 1506 et
1395 1462 1540 1506 subito
1561 1461 1701 1505 soluta

305 1543 409 1577 sunt
442 1533 616 1578 vincula
634 1570 644 1589 ,
687 1543 730 1578 et
766 1543 938 1578 secutus
967 1543 1031 1577 est
1053 1532 1270 1591 Angelum
1287 1568 1297 1587 ,
1324 1541 1367 1577 et
1388 1533 1500 1577 eruit
1522 1531 1648 1576 illum
1665 1536 1697 1576 ².

304 1604 531 1664 Numquid
555 1608 707 1649 Petrus
735 1604 984 1664 perdiderat
1003 1604 1238 1665 justitiam,
1265 1602 1443 1664 quando
1466 1619 1554 1648 non
1577 1602 1701 1647 illum

305 1676 418 1719 eruit
435 1675 490 1719 de
512 1678 666 1720 cruce?
680 1679 778 1721 Non
796 1677 910 1720 eruit
927 1678 1061 1720 tunc?
1076 1679 1132 1720 Et
1149 1676 1261 1719 eruit
1286 1685 1405 1719 tune.
1418 1678 1486 1719 An
1506 1674 1605 1719 idco
1625 1673 1701 1718 diu

304 1747 428 1800 vixit,
447 1756 496 1790 ut
515 1747 700 1807 injustus
721 1748 875 1791 fieret?
898 1750 1029 1791 Forte
1052 1746 1149 1806 plus
1167 1762 1268 1790 eum
1286 1745 1504 1790 exaudivit
1527 1754 1701 1805 postea-

305 1834 437 1879 quam
452 1819 586 1878 prius,
604 1819 781 1879 quando
796 1819 922 1862 illurn
937 1834 1038 1862 vere
1053 1817 1107 1861 de
1129 1818 1331 1862 omnibus
1346 1818 1554 1877 pressuris
1569 1818 1697 1861 eruit.

304 1893 413 1935 Nam
436 1891 614 1950 quando
634 1891 822 1950 primuni
842 1889 965 1932 illum
987 1890 1115 1944 eruit,
1131 1899 1296 1949 quanta
1311 1889 1383 1933 ille
1403 1889 1584 1949 pertulit
1605 1905 1703 1949 pos-

305 1970 373 2005 tea
392 1961 399 2004 1
418 1960 528 2005 Illuc
552 1961 668 2004 enim
691 1960 808 2004 misit
831 1969 996 2020 postea,
1009 1959 1086 2003 ubi
1110 1959 1219 2003 nihil
1236 1959 1338 2002 mali
1359 1960 1448 2018 pati
1473 1960 1696 2018 potuisset.

362 2034 533 2075 XXIII.
565 2051 584 2072 «
609 2034 738 2075 Juxta
757 2040 821 2075 est
839 2032 1049 2075 Dominus
1072 2031 1138 2074 his
1160 2030 1234 2090 qui
1254 2031 1530 2075 obtriverunt
1551 2046 1640 2086 cor,
1658 2040 1703 2075 et

307 2121 327 2143 »
363 2101 550 2145 humiles
570 2102 723 2162 spiritu
745 2102 885 2146 salvos
904 2101 1034 2146 faciet
1051 2102 1082 2145 ³.
1109 2119 1129 2141 »
1152 2100 1277 2145 Altus
1301 2110 1363 2145 est
1386 2104 1522 2157 Deus,
1550 2102 1700 2147 humi-

303 2173 354 2216 lis
377 2173 430 2216 sit
449 2173 736 2217 Christianus.
766 2174 808 2217 Si
829 2172 924 2216 vult
946 2182 996 2216 ut
1014 2171 1126 2216 altus
1148 2175 1263 2215 Deus
1286 2172 1500 2216 vicinetur
1522 2171 1608 2228 illi,
1626 2172 1701 2217 ille

304 2243 480 2287 humilis
503 2243 571 2288 sit.
605 2247 760 2302 Magna
786 2243 990 2301 mysteria
1008 2278 1018 2296 ,
1045 2242 1212 2286 fratres.
1246 2245 1360 2286 Deus
1393 2258 1523 2302 super
1553 2243 1700 2287 omnia

305 2325 367 2359 est
389 2335 397 2359 :
417 2315 542 2373 erigis
561 2325 602 2359 te
619 2351 629 2370 ,
652 2325 694 2359 et
717 2331 805 2359 non
828 2314 952 2358 illum
977 2314 1117 2373 tangis
1141 2333 1148 2358 :
1175 2314 1377 2358 humilias
1398 2323 1454 2369 te,
1475 2324 1517 2358 et
1540 2315 1628 2374 ipse
1645 2314 1700 2358 ad

304 2395 347 2430 te
365 2384 604 2429 descendit.
636 2405 655 2427 «
681 2385 833 2429 Multae
858 2383 1407 2445 tribulationesjustorum.
1433 2404 1451 2426 »
1473 2385 1700 2446 Numquid

304 2455 410 2500 dicit
438 2476 446 2500 ι
480 2456 584 2499 Ideo
619 2456 703 2500 sint
738 2455 971 2500 Christiani
996 2455 1130 2515 justi,
1167 2455 1267 2499 ideo
1301 2455 1481 2499 audiant
1513 2456 1696 2500 verbum

304 2543 448 2571 meum
465 2563 474 2580 ,
498 2537 546 2571 ut
563 2527 673 2571 nihil
697 2527 986 2571 tribulationis
1010 2527 1264 2586 patiantur?
1285 2530 1383 2572 Non
1406 2528 1488 2572 hoe
1512 2527 1698 2587 promit-

304 2599 382 2656 tit,
407 2597 481 2642 sed
505 2597 637 2643 dicit:
669 2618 687 2640 «
713 2598 866 2642 Multa}
900 2597 1197 2642 tribulationes
1225 2599 1460 2658 justorum.
1491 2598 1627 2655 Magis
1659 2598 1692 2641 si

354 2690 360 2706 ¹
384 2683 519 2715 ‘ellat-h.
536 2695 581 2725 vi,
598 2684 625 2715 3.
648 2700 690 2706 --
710 2690 722 2706 ²
739 2685 809 2716 Act.
835 2693 886 2723 κει,
909 2694 938 2724 7.
961 2700 1001 2705 —-
1023 2680 1036 2705 3
1062 2683 1138 2715 Psal.
1162 2693 1273 2721 xxxiii,
1293 2695 1346 2725 ις).
