1833 3284
357 279 408 316 98
786 286 818 314 s.
856 287 1086 314 AUGUSTINI
1120 288 1301 315 muscom

350 355 442 398 lum
464 355 568 408 est¹‚
588 361 632 397 et
649 353 857 412 sapientia
875 353 1071 397 Verbum
1084 353 1186 408 Dei,
1212 361 1255 396 et
1274 355 1390 397 Deus
1406 360 1498 395 crat
1517 351 1738 407 Verbum,

350 434 393 468 et
420 425 603 469 thronus
635 423 856 484 sapientia}
885 423 1026 467 anima
1053 423 1170 482 justi.
1204 426 1271 467 An
1305 431 1544 481 utrumque
1566 422 1743 481 potius?

348 497 446 540 Non
475 495 589 538 enim
613 493 1002 539 commutationem
1039 492 1163 547 coeli,
1197 491 1272 537 sed
1298 492 1738 537 «Commutationes»

350 564 470 610 dixit.
509 585 526 606 «
548 569 637 611 Aut
658 566 802 611 omnia
816 562 933 627 ''quae
966 566 1047 609 sub
1078 564 1192 610 coelo
1213 565 1374 626 pariter
1394 565 1547 609 fiunt2.
1569 585 1586 607 »
1622 564 1744 609 Sicut

349 637 465 681 enim
487 637 616 698 hujus
634 638 897 682 mutationes
915 635 1111 680 alliciunt
1133 651 1181 680 ea
1194 652 1292 697 quae
1308 636 1390 680 sul)
1407 634 1520 680 coelo
1538 643 1640 680 sunt
1652 671 1662 690 ‚
1684 635 1743 679 ita

349 716 392 751 et
414 723 516 751 cum
537 717 763 752 mutantur
779 707 912 767 justi,
941 706 1028 751 sive
1050 706 1095 750 in
1122 706 1334 762 deterius⁷
1360 707 1449 751 sive
1484 706 1529 749 in
1557 703 1713 750 melius
1729 740 1739 760 ,

350 778 547 822 afficiunt
563 777 754 822 carnales
773 777 829 822 ad
846 787 1099 837 utrumque.
1121 777 1332 822 «Vocabis
1348 778 1513 821 nubem
1533 791 1640 821 voce
1654 777 1668 801 ³
1688 795 1697 820 :
1722 794 1739 817 >›

349 857 425 892 aut
454 848 659 893 interiore
677 884 687 904 ‚
714 857 789 893 aut
808 847 881 893 illa
910 864 996 909 qua
1018 846 1186 892 dictum
1209 857 1273 892 est
1297 867 1306 892 z
1335 850 1560 907 «Sequere
1576 862 1645 890 me
1658 847 1691 901 4,
1722 864 1740 886 »

350 928 425 964 aut
446 918 519 963 illa
549 935 635 980 qua
659 918 825 964 dictum
847 929 936 964 est:
967 919 1149 975 «Saule,
1182 917 1308 964 Saule
1325 955 1335 974 ,
1368 917 1476 979 quid
1503 934 1574 962 me
1597 932 1744 977 perse-

353 1010 370 1031 »
388 990 592 1050 queris⁵P
622 993 679 1035 Et
700 991 747 1035 in
778 1000 965 1035 tremore
994 1006 1118 1051 aquae
1147 989 1303 1036 validae
1331 989 1540 1035 obedient
1570 989 1694 1033 tibi6.
1723 1008 1740 1029 »

348 1061 501 1121 populi
525 1071 745 1121 potentes⁷
782 1078 881 1107 cum
916 1061 1103 1111 audiunt
1136 1082 1144 1107 z
1187 1064 1271 1106 «In
1300 1061 1455 1106 timore
1489 1069 1533 1104 et
1556 1069 1746 1104 tremore

357 1152 373 1173 »
408 1142 596 1176 vestram
614 1132 804 1192 ipsorum
825 1132 1009 1177 salutem
1031 1132 1271 1192 operamini
1286 1168 1296 1186 ⁷
1317 1135 1432 1176 Deus
1447 1140 1511 1175 est
1536 1130 1650 1175 enim
1670 1129 1746 1190 qui

356 1221 373 1243 ›>
411 1212 616 1262 operatur
639 1203 683 1246 in
710 1203 834 1248 vobis
856 1212 899 1247 et
920 1202 1031 1248 velle
1065 1213 1107 1247 et
1129 1203 1319 1263 operari,
1345 1218 1424 1263 pro
1448 1203 1562 1246 bona
1582 1200 1745 1246 volun-

355 1293 372 1313 »
408 1282 496 1317 tate
516 1275 548 1318 ⁷.
596 1273 742 1319 Mittes
777 1274 820 1318 vi
849 1274 1057 1329 ssumina,
1095 1283 1138 1318 et
1171 1273 1301 1318 ibunt
1328 1275 1359 1317 ⁸.
1400 1271 1636 1327 Flumina,
1673 1271 1745 1315 in-

354 1363 372 1384 »
408 1343 525 1403 quit⁷
555 1343 610 1387 de
635 1353 788 1389 ventre
815 1345 906 1405 ejus
932 1344 1072 1388 fluent
1097 1360 1223 1404 aquae
1258 1344 1368 1388 vivae
1384 1344 1415 1387 ⁰.
1461 1364 1478 1385 n
1508 1342 1564 1387 Vi
1599 1351 1746 1386 autem

348 1413 482 1469 dicit,
510 1413 669 1459 fiducia
686 1450 696 1469 ‚
723 1431 810 1475 qua
831 1424 1129 1474 persecutores
1152 1430 1242 1459 non
1266 1415 1510 1458 timuerunt
1540 1433 1549 1458 ε
1578 1413 1682 1474 quia
1704 1420 1748 1456 et

349 1484 426 1545 qui
447 1484 534 1528 vim
559 1482 724 1528 faciunt
739 1521 750 1539 ,
771 1484 983 1544 diripiunt
1004 1501 1186 1544 regnum
1213 1484 1427 1529 coelorum
1444 1487 1496 1528 1⁰.
1530 1503 1546 1524 «
1565 1487 1654 1529 Aut
1677 1483 1746 1527 di·-

356 1574 373 1596 »
410 1564 511 1599 cent
532 1554 635 1610 tibi,
658 1554 766 1616 quid
783 1557 952 1600 est11P»
981 1555 1027 1600 id
1044 1565 1107 1600 est
1121 1591 1132 1611 ‚
1154 1555 1372 1616 numquid
1393 1556 1467 1599 abs
1485 1564 1529 1599 te
1548 1563 1748 1616 quaerent

350 1626 419 1670 vel
439 1625 924 1686 voluntatemjussionis
947 1636 1051 1682 tuse,
1077 1627 1188 1671 sicut
1213 1626 1367 1671 Saulus
1392 1626 1450 1670 ait
1476 1645 1484 1670 2
1510 1645 1528 1667 «
1547 1624 1664 1679 Quid
1678 1639 1748 1669 me

356 1716 373 1737 »
405 1697 534 1756 jubes
557 1694 782 1741 sacerewp»
809 1707 884 1741 aut
905 1713 1025 1757 spem
1042 1697 1249 1742 mercedis
1264 1713 1370 1753 suae,
1389 1698 1498 1742 sicut
1516 1697 1743 1741 dixerunt:

355 1787 374 1808 »
409 1770 524 1812 Ecce
546 1767 786 1812 dimisimus
808 1769 978 1824 omnia,
1014 1779 1057 1814 ct
1078 1769 1214 1813 secuti
1236 1783 1384 1813 sumus
1410 1778 1476 1825 te,
1513 1767 1620 1829 quid
1643 1782 1747 1827 ergo

354 1857 372 1879 »
408 1838 489 1881 erit
536 1838 739 1882 nobisffip
770 1838 876 1892 Quis
909 1838 1031 1883 dedit
1066 1838 1324 1883 mulieribus
1360 1848 1544 1883 texturae
1572 1839 1745 1898 sapien-

354 1927 372 1949 »
409 1909 534 1964 tiam,
556 1918 598 1953 et
616 1909 876 1954 varietatum
898 1910 1195 1954 scientiam¹⁴P
1224 1931 1240 1950 »
1269 1910 1392 1954 Texit
1416 1919 1459 1954 et
1481 1909 1599 1969 apud
1622 1908 1747 1954 Salo-

348 1994 525 2023 monem
548 1980 704 2024 mulier
720 1981 978 2026 vestimenta
998 1982 1093 2026 viro
1115 1997 1193 2026 suo
1213 1982 1263 2025 ¹⁵.
1289 1981 1430 2041 Opera
1449 1996 1551 2040 ergo
1581 1979 1745 2024 intelli-

348 2049 486 2108 genda
510 2060 613 2095 sunt
624 2051 919 2096 Ecclesiarum
933 2088 944 2108 ⁷
968 2052 1128 2113 quibus
1149 2053 1391 2097 honoratur
1412 2055 1543 2097 Deus.
1565 2054 1676 2098 Nam
1704 2060 1748 2095 et

348 2120 439 2180 ipsa
462 2131 658 2178 textura,
692 2121 737 2167 id
766 2132 855 2178 est,
888 2123 1085 2168 infirmos
1115 2121 1295 2178 fratres,
1326 2132 1538 2184 tanquam
1571 2122 1746 2180 lanugi-

350 2201 529 2237 nantem
568 2202 752 2239 tramam
780 2193 1006 2239 firmorum
1031 2203 1163 2256 atque
1184 2203 1430 2238 erectorum
1456 2193 1742 2254 spiritalium,

346 2264 469 2323 quasi
511 2265 748 2309 staminum
783 2265 1060 2310 contextione
1089 2263 1389 2324 constringere
1431 2264 1674 2309 maximum
1703 2272 1747 2307 et

351 2333 568 2393 singulare
583 2351 692 2396 opus
712 2345 776 2380 est
798 2335 1105 2381 Ecclesiarum.
1134 2337 1193 2380 Et
1214 2335 1473 2381 varietatum
1495 2334 1673 2380 scientia
1690 2332 1746 2378 ad

401 2459 410 2476 ¹
428 2452 540 2486 Matth.
562 2464 601 2496 v,
622 2453 675 2497 34.
703 2471 745 2478 —-
764 2461 777 2477 ²
795 2454 870 2488 Job.
894 2464 1035 2496 xxxvm,
1053 2454 1108 2487 33.
1127 2471 1169 2477 —-
1189 2452 1303 2487 31bid.
1325 2454 1378 2497 34.
1400 2471 1443 2477 —
1460 2454 1475 2484 4
1494 2456 1588 2486 Joan.
1602 2464 1670 2495 xxi,
1690 2463 1741 2495 19.

353 2525 395 2532 -·-
416 2507 431 2532 ⁵
448 2509 626 2552 Act.1x,4.
649 2527 691 2532 —-
715 2508 730 2533 ὓ
749 2510 822 2542 Job.
844 2521 976 2553 xxxviii,
993 2509 1047 2552 34.
1062 2527 1104 2533 --
1120 2517 1133 2543 7
1153 2510 1266 2553 Philip.
1288 2523 1329 2553 11,
1348 2511 1399 2543 1d.
1420 2528 1462 2533 —-
1480 2509 1496 2532 '³
1519 2510 1580 2542 Job
1608 2519 1744 2550 xxxvm,

355 2563 410 2596 35.
438 2581 480 2587 —-
508 2572 523 2596 9
550 2567 641 2597 Joan.
671 2576 735 2607 vu,
767 2565 820 2598 38.
852 2583 893 2589 —-
917 2571 948 2589 ¹0
975 2565 1089 2598 Matth.
1111 2561 1161 2607 Χί,
1184 2575 1235 2597 12.
1256 2583 1298 2589 —-
1320 2573 1346 2590 ¹¹
1369 2566 1442 2598 Job.
1464 2576 1603 2607 xxxvm,
1625 2564 1677 2597 35.
1703 2580 1745 2586 —-

358 2626 388 2643 ¹²
408 2622 480 2654 Act.
499 2620 594 2664 11,st
616 2638 657 2642 —
679 2619 710 2643 ¹3
729 2622 843 2653 Matth.
866 2632 918 2653 xix
939 2632 978 2662 27
998 2639 1039 2643 ——
1056 2619 1087 2645 ’4
1105 2621 1178 2653 Job.
1195 2632 1334 2664 xxxviii,
1355 2621 1408 2653 36.
1433 2638 1474 2644 —
1496 2619 1527 2644 ¹5
1541 2623 1670 2654 Prover.
1687 2619 1739 2652 31.
