1833 3284
373 165 457 204 446
801 175 841 205 0.
878 174 1109 202 Aecus-nm
1143 175 1322 202 EP15C01‘1

367 244 482 289 bona
505 258 634 303 opera
658 250 958 302 sequerentur.
994 240 1136 286 Nolite
1170 256 1259 285 esse
1287 240 1342 285 de
1370 256 1553 285 numero
1582 241 1757 296 talium,

368 314 535 359 fratres.
567 314 729 359 Dicitur
752 313 797 356 in
826 312 1017 373 quodam
1050 312 1245 368 Psalmo,
1275 312 1330 356 dc
1359 313 1551 373 quodam
1584 314 1762 358 homine

367 386 459 440 tali,
482 385 628 440 idest,
650 384 704 428 de
727 383 802 428 tali
819 399 974 442 genere
989 419 999 438 ,
1025 385 1147 443 quasi
1167 383 1221 427 de
1240 400 1346 429 uno,
1370 404 1388 425 «
1409 383 1574 439 Noluit,
1599 384 1761 444 inquit,

371 474 391 498 »
426 456 690 516 intelligere,
717 465 767 500 ut
793 456 903 500 bene
930 458 1123 515 ageret¹.
1153 474 1172 496 »
1199 458 1296 500 Non
1318 456 1596 500 dictumest:
1627 459 1766 501 «Non

370 529 516 588 potuit
551 527 810 586 intelligere.
841 545 860 566 n
892 529 978 570 Vos
1013 542 1116 585 ergo
1153 536 1326 587 oportet
1356 536 1405 571 ut
1436 526 1577 571 velitis
1602 525 1767 570 intelli-

369 614 490 659 gere,
525 608 575 643 ut
607 599 716 642 bene
739 597 887 656 agatis.
924 596 1176 642 Intellectus
1208 598 1323 642 enim
1354 597 1476 642 vobis
1506 613 1595 642 non
1629 597 1767 642 deerit

367 670 641 715 manifestus.
672 670 777 722 Quis
798 678 862 713 est
894 668 1148 713 manifestus
1177 668 1453 713 intellectus?
1471 671 1609 713 Nemo
1633 670 1768 729 jactet

368 741 483 785 bona
506 757 637 801 opera
661 757 735 784 sua
759 749 859 783 ante
883 739 1015 783 fidem
1034 775 1044 793 ,
1071 755 1199 784 nemo
1221 740 1274 783 sit,
1299 740 1416 799 piger
1439 742 1483 783 in
1511 740 1636 784 bonis
1663 755 1768 799 ope-

369 813 490 857 ribus
513 821 686 872 accepta
710 812 810 854 fide.
851 814 931 854 Dat
953 814 1068 854 Deus
1097 826 1199 869 crgo
1221 810 1540 869 indulgentiam
1565 811 1768 855 omnibus

368 884 538 944 impiis,
564 892 607 926 et
630 898 701 926 eos
718 881 929 942 justificat
952 898 1001 924 ex
1028 880 1127 926 fido.

430 958 508 999 IX.
541 974 560 997 «
585 954 708 997 Beati
731 969 921 1014 quornm
946 953 1132 996 remissae
1156 962 1257 997 sunt
1280 953 1558 1013 iniquitates,
1587 962 1630 997 et
1654 969 1768 1014 quo—

372 1045 392 1067 ))
430 1041 527 1069 rum
563 1034 676 1069 tecta
700 1028 811 1068 sunt*
833 1033 1024 1083 pecc-ata.
1058 1026 1216 1067 Beatus
1240 1024 1306 1068 vir
1327 1025 1396 1068 eui
1428 1041 1516 1069 non
1540 1024 1771 1084 imputavit

372 1116 393 1139 »
429 1098 641 1142 Dominus
664 1106 891 1157 peceatum
909 1132 919 1151 ,
947 1112 1026 1140 nee
1050 1105 1112 1140 est
1142 1096 1184 1141 in
1208 1112 1282 1140 ore
1310 1098 1402 1156 ejus
1427 1096 1597 1141 (1011152.
1627 1116 1646 1138 »
1673 1100 1769 1140 Jam

371 1168 568 1213 Psalmus
591 1168 766 1228 incipit,
788 1178 831 1212 et
849 1168 1002 1227 incipit
1017 1167 1280 1211 intellectus.
1310 1166 1564 1212 Intellectus
1582 1184 1685 1227 ergo
1701 1167 1772 1212 vel

371 1239 661 1299 intelligentia
684 1240 774 1300 ipsa
797 1248 884 1293 cst,
911 1247 962 1283 ut
983 1239 1152 1283 noveris
1176 1256 1255 1283 nec
1281 1241 1444 1299 jactare
1468 1249 1509 1283 te
1533 1239 1694 1283 debere
1717 1237 1771 1282 de

372 1311 537 1355 meritis
559 1311 659 1365 tuis,
679 1326 760 1354 nec
779 1325 1041 1369 praesumere
1064 1308 1118 1353 dc
1133 1309 1394 1369 impunitate
1410 1311 1590 1370 peccati.
1614 1309 1772 1354 Psalmi
1832 1327 1833 1339 ¹

374 1382 489 1427 enim
514 1382 667 1427 titulus
689 1382 746 1426 ita
771 1391 858 1426 est:
885 1401 904 1422 «
926 1380 1039 1424 Huie
1062 1381 1200 1425 David
1219 1380 1484 1444 intellectus.
1515 1381 1771 1440 Intelligen-
1826 1394 1833 1443 ¹j

378 1474 399 1497 »
436 1457 506 1499 tiae
537 1463 720 1499 vocatur
744 1453 945 1498 *psalmus
970 1453 1063 1497 iste.
1096 1453 1239 1497 Prima
1263 1469 1366 1512 ergo
1389 1452 1696 1511 intelligentia,
1723 1463 1775 1498 ut

377 1537 421 1572 te
443 1527 615 1571 noveris
648 1534 936 1586 peecatorem.
974 1527 1257 1584 Consequens
1285 1524 1568 1583 intelligentia
1601 1534 1692 1581 est,
1724 1534 1775 1569 ut

379 1614 479 1643 cum
499 1613 550 1642 ex
567 1596 652 1641 fide
669 1612 747 1657 per
763 1595 1043 1640 dilectionem
1067 1596 1179 1639 bene
1202 1596 1385 1655 coeperis
1407 1596 1592 1656 operari,
1617 1612 1673 1640 ne
1689 1597 1773 1641 hoc
1828 1603 1831 1649 ᾗ

375 1669 542 1713 viribus
575 1668 687 1723 tuis,
721 1666 799 1712 sed
834 1665 982 1726 gratiae
1015 1667 1093 1711 Dei
1115 1665 1439 1726 deputaverisss.
1478 1671 1544 1712 Ita
1571 1683 1661 1712 non
1693 1668 1774 1711 crit
1830 1667 1833 1720 ὲ,

378 1739 506 1785 dolus
541 1741 585 1783 in
613 1739 744 1783 corde
775 1748 872 1792 tuo,
913 1738 995 1782 hoe
1024 1746 1109 1792 est,
1144 1737 1189 1780 in
1219 1753 1292 1781 ore
1320 1738 1524 1782 interiore
1558 1747 1658 1796 tuo,
1693 1754 1774 1783 nce
1832 1762 1833 1798 3

379 1810 501 1856 aliud
523 1812 567 1854 in
590 1810 714 1854 labiis
734 1808 916 1853 habebis
933 1844 943 1864 ,
970 1807 1090 1852 aliud
1108 1808 1152 1851 in
1181 1809 1458 1867 cogitatione.
1487 1812 1585 1855 Non
1609 1810 1690 1854 eris
1719 1809 1774 1854 de

378 1882 463 1926 illis
487 1881 711 1926 Pharisaeis
733 1916 743 1935 ,
773 1879 1006 1940 dequibus
1030 1877 1194 1922 dictum
1220 1888 1310 1923 est:
1337 1899 1356 1920 «
1384 1880 1550 1924 Similes
1569 1881 1667 1925 estis
1684 1896 1776 1925 mo-
1832 1873 1833 1899 ³

381 1972 402 1996 ))
439 1953 660 1998 numentis
679 1951 907 2005 dealbatis,
929 1967 951 1994 a
976 1950 1077 1994 foris
1099 1949 1279 2009 quidem
1297 1952 1510 2010 apparetis
1524 1952 1775 1996 hominibus
1832 1959 1833 1962 ’

381 2044 402 2067 >>
433 2025 568 2086 justi,
596 2025 712 2068 intus
733 2032 877 2066 autem
903 2021 1020 2081 pleni
1046 2021 1144 2065 estis
1167 2020 1270 2065 dolo
1290 2033 1333 2066 et
1352 2023 1621 2083 iniquitate&
1642 2042 1662 2064 »
1689 2023 1775 2076 Qui

380 2112 483 2156 ergo
506 2111 605 2140 cuni
629 2095 682 2138 sit
705 2094 881 2155 iniquus
899 2094 1067 2153 justum
1090 2102 1139 2136 se‘
1157 2093 1405 2152 praetendit,
1431 2110 1579 2138 nonne.
1601 2093 1776 2138 dolosus

379 2170 472 2212 est?
495 2170 592 2212 Non
614 2165 686 2210 ille
709 2163 951 2210 Nathanael
967 2172 1046 2218 est,
1067 2163 1121 2207 dc
1139 2180 1228 2223 quo
1245 2165 1454 2208 Dominus
1471 2165 1576 2210 dicit
1595 2185 1602 2210 :
1628 2185 1648 2207 «
1664 2169 1776 2210 Eece

382 2259 403 2281 ))
438 2255 540 2284 vere
568 2237 758 2283 Israelita
786 2237 831 2280 in
853 2252 942 2297 quo
973 2235 1099 2280 dolus
1122 2251 1211 2280 non
1233 2245 1294 2280 est
1310 2239 1340 2280 5.
1371 2256 1390 2278 »
1414 2237 1540 2282 Unde
1562 2247 1706 2282 autem
1731 2238 1777 2281 in

380 2311 456 2356 illo
478 2308 747 2357 Nathanaele
769 2307 896 2352 dolus
914 2323 1002 2352 non
1021 2309 1140 2351 erat?
1166 2327 1185 2350 ‹<
1211 2310 1322 2353 Cum
1344 2325 1475 2364 esses,
1496 2309 1667 2370 inquit,
1693 2309 1775 2354 sub

383 2402 404 2426 »
441 2383 596 2429 arbore
613 2382 705 2436 fici,
733 2380 824 2426 vidi
846 2389 889 2425 te
904 2382 935 2424 ⁶.
958 2399 977 2421 »
1007 2379 1097 2425 Sub
1123 2381 1278 2424 arbore
1297 2381 1368 2425 fici
1389 2389 1496 2436 erat,
1521 2381 1604 2426 sub
1621 2380 1775 2426 condi-

435 2489 444 2504 ¹
465 2482 546 2514 Psal.
567 2492 671 2520 xxxv,
711 2478 788 2504 ‘k‘—
802 2485 815 2501 ²
835 2477 882 2510 Id.
903 2489 1002 2517 xxxi,
1024 2489 1054 2519 1,
1073 2487 1106 2510 2.
1125 2494 1166 2500 —
1194 2476 1207 2501 ³
1226 2478 1327 2511 Galat.
1349 2490 1383 2520 v,
1401 2479 1434 2512 6,
1453 2495 1496 2502 ——
1513 2477 1529 2509 4
1545 2479 1659 2512 Matth.
1678 2490 1774 2521 xxm,

386 2549 438 2581 17.
457 2555 500 2561 —
518 2535 534 2560 5
551 2539 641 2569 Joan.
657 2547 680 2577 1,
766 2543 827 2559 ¹»—
840 2532 856 2557 6
869 2533 950 2566 lbid.
966 2531 1020 2575 48.
