1833 3284
364 280 606 309 murmano
637 284 670 309 11
702 284 747 310 nv
779 281 982 310 PSALMUM
1015 284 1107 311 xxr.
1334 274 1431 311 301<

0 373 1 377 =
33 355 142 402 toto,
154 346 230 391 sed
240 347 483 392 invasorem
495 361 643 407 passus
654 363 712 393 es.
729 351 814 393 Ista
826 364 905 394 nos
926 347 1114 393 diximus
1128 348 1314 394 Domino
1325 357 1421 394 tan-

30 433 163 478 quam
176 427 435 479 quaerentes,
447 419 626 464 scientes
639 428 785 464 tamen
802 419 909 480 quid
922 419 1094 465 dicturi.
1109 424 1327 465 Ponamus
1339 437 1419 466 nos

0 502 3 539 ;
30 489 194 533 nescire
204 488 310 550 quid
323 487 439 534 dicat
450 507 459 534 ε
470 504 617 534 nonne
625 490 751 535 nobis
763 489 995 551 respondet
1003 493 1021 535 P
1030 490 1200 544 Quiesci
1206 499 1261 546 te,
1274 490 1418 536 adhuc

29 559 127 606 dico
148 560 267 605 unde
288 576 416 606 nemo
435 559 623 607 dubitet.
658 565 947 623 Expectemus
969 577 1070 621 ergo
1092 562 1200 623 quid
1222 562 1419 608 dicturus

28 640 107 676 est.
133 633 230 676 Jam
257 647 338 692 ego
352 631 555 677 volebam
576 633 860 693 pronuntiare
877 668 888 689 ,
909 643 952 678 et
970 648 1060 678 non
1083 632 1313 677 admittere
1336 634 1419 677 ho-

27 702 164 747 mines
186 701 305 747 aliud
321 702 487 764 aliquid
508 703 803 764 interpretari,
824 720 924 749 cum
947 702 1063 749 dicat
1081 704 1278 750 Christus
1296 719 1305 745 :
1327 723 1344 744 «
1365 707 1418 748 In

32 791 51 814 »
85 772 278 817 Ecclesia
310 788 483 833 magna.
512 794 529 816 »
550 777 608 819 Et
632 784 683 820 tu
703 774 831 830 dieis,
866 775 968 835 quia
1001 774 1046 818 in
1081 783 1273 819 extrema
1294 783 1418 833 parte

27 844 247 889 remansit.
277 847 336 889 Et
369 843 513 890 adhuc
548 844 713 890 audent
747 845 892 890 dicere
922 864 931 890 :
957 848 1014 890 Et
1047 854 1194 889 nostra
1224 844 1418 889 Ecclesia

26 927 185 973 magna
205 923 296 971 est,
317 914 427 976 quid
442 915 521 960 tibi
543 915 715 960 videtur
735 917 870 975 Bagai
887 923 930 959 et
948 914 1197 974 Tamugade
1219 917 1344 973 (12)?
1374 915 1418 960 Si

27 999 118 1029 non
134 984 239 1030 dicit
259 984 425 1046 aliquid
441 984 560 1030 unde
584 987 889 1031 obmutescant
907 1020 918 1042 ,
945 985 1089 1031 adhuc
1111 985 1281 1042 dicant,
1314 985 1417 1046 quia

27 1070 185 1115 magna
207 1065 271 1101 est
291 1055 485 1102 Ecclesia
502 1056 593 1102 sola
613 1055 832 1103 Numidia.

84 1130 272 1173 XXVII.
292 1127 549 1185 Videamus,
566 1128 792 1173 audiamus
810 1128 954 1173 adhuc
975 1128 1239 1173 Dominum:
1263 1146 1283 1169 «
1306 1129 1418 1172 Vota

31 1217 51 1241 »
85 1214 180 1243 mea
202 1198 382 1244 reddam
401 1215 547 1245 coram
567 1199 822 1244 timentibus
842 1214 945 1244 eum
961 1201 992 1243 1.
1018 1219 1036 1241 »
1063 1202 1172 1254 Quae
1193 1208 1296 1244 sunt
1315 1207 1418 1243 vota

26 1271 129 1314 sua?
157 1269 423 1315 Sacrificium
447 1269 569 1331 quod
595 1270 757 1316 obtulit
786 1273 893 1315 Deo.
929 1270 1069 1317 Nostis
1093 1268 1223 1331 quale
1251 1270 1416 1315 sacrifl-

25 1340 170 1385 cium?
186 1344 358 1387 Norunt
378 1341 528 1386 fideles
544 1351 645 1387 vota
663 1358 763 1403 quae
785 1340 977 1386 reddidit
997 1357 1143 1387 coram
1162 1342 1418 1385 timentibus

25 1425 142 1456 eum.
156 1415 267 1458 Nam
282 1412 504 1473 sequitur:
525 1432 543 1453 «
559 1412 706 1457 Edent
726 1428 952 1473 pauperes,
970 1422 1012 1457 et
1034 1413 1413 1457 saturabuntur2.»

25 1482 147 1527 Beati
179 1498 418 1542 pauperes,
455 1483 558 1543 quia
585 1482 685 1528 ideo
715 1482 854 1527 edunt
887 1492 934 1527 ut
965 1492 1229 1527 saturentur.
1266 1481 1419 1527 Edunt

25 1553 141 1598 enim
169 1570 395 1614 pauperes.
431 1554 517 1608 Qui
545 1564 691 1599 autem
723 1553 878 1599 divites
907 1564 1030 1610 sunt,
1061 1571 1152 1599 non
1185 1554 1413 1608 satiantur,

25 1624 129 1684 quia
150 1640 241 1669 non
263 1625 474 1669 esuriunt.
496 1623 740 1670 Comedent
756 1640 982 1685 pauperes.
1000 1624 1109 1670 Inde
1126 1634 1219 1669 erat
1232 1624 1419 1685 piscator

24 1693 99 1739 ille
125 1698 299 1751 Petrus,
328 1694 431 1740 inde
464 1704 557 1740 erat
585 1695 693 1740 alius
721 1696 909 1755 piscator
931 1698 1122 1740 Joannes
1154 1705 1198 1740 et
1227 1694 1419 1739 Jacobus

23 1766 158 1829 frater
173 1767 347 1827 ipsiusss,
370 1766 473 1812 inde
494 1776 586 1812 erat
607 1767 738 1819 etiam
766 1766 1025 1827 publicanus
1044 1767 1278 1812 Matthaeus
1293 1766 1324 1810 4.
1355 1768 1418 1809 De

23 1838 289 1898 pauperibus
316 1832 397 1899 ipsi
427 1848 572 1895 erant,
605 1839 681 1900 qui
702 1838 990 1884 comederunt
1017 1848 1061 1883 et
1084 1837 1262 1883 saturati
1289 1845 1414 1892 sunt,

24 1908 126 1953 talia
147 1909 285 1969 passi,
311 1909 457 1970 qualia
477 1908 869 1955 manducaverunt.
896 1912 1078 1955 Coenam
1110 1923 1232 1953 suam
1264 1907 1414 1962 dedit,

23 1979 268 2038 passionem
289 1995 412 2024 suam
435 1978 558 2024 dedit
582 1998 591 2024 :
617 1979 691 2023 ille
712 1988 945 2034 saturatur,
976 1978 1053 2039 qui
1075 1978 1284 2022 imitatur.
1308 1976 1415 2020 Imi-

24 2049 105 2094 tati
129 2059 232 2094 sunt
257 2065 468 2110 pauperes
491 2065 500 2091 :
531 2049 613 2109 ipsi
642 2050 759 2094 enim
790 2050 849 2094 sic
876 2049 989 2109 passi
1018 2057 1140 2104 sunt,
1177 2057 1229 2092 ut
1255 2047 1416 2092 Christi

23 2119 202 2179 vestigia
231 2129 532 2181 sequerentur,
558 2139 575 2161 «
601 2120 747 2165 Edent
776 2135 1004 2180 pauperes.
1040 2118 1124 2164 Sed
1145 2134 1280 2179 quare
1301 2133 1414 2178 pau-

23 2192 183 2249 peres?
208 2208 225 2230 «
251 2193 310 2235 Et
334 2189 583 2235 laudabunt
608 2190 845 2235 Dominum
871 2191 947 2251 qui
969 2190 1201 2250 requirunt
1221 2191 1366 2232 eum‘2.
1391 2206 1410 2228 »

21 2259 187 2305 Divites
213 2276 258 2305 se
289 2260 498 2316 laudant,
533 2276 746 2320 pauperes
781 2260 1018 2306 Dominum
1046 2259 1243 2304 laudant.
1270 2262 1414 2312 Quare

23 2341 128 2376 sunt
139 2334 375 2392 pauperes?
391 2332 503 2386 Quia
520 2333 756 2377 Dominum
767 2331 964 2388 laudant,
986 2341 1029 2376 et
1041 2332 1277 2376 Dominum
1290 2345 1414 2391 quae-

23 2413 143 2448 runt.
167 2403 379 2449 Dominus
402 2413 466 2448 est
486 2403 648 2448 divitiae
669 2419 927 2464 pauperum.
954 2402 1058 2448 Ideo
1080 2403 1220 2447 inanis
1242 2411 1306 2446 est
1328 2401 1411 2445 do-

23 2489 143 2529 mus,
167 2483 218 2518 ut
239 2490 314 2519 cor
333 2474 515 2534 plenum
536 2473 694 2519 divitiis
709 2475 777 2519 sit.
801 2475 963 2520 Divites
983 2483 1182 2535 quaerant
1198 2472 1316 2517 unde
1338 2488 1410 2517 ar-

25 2558 120 2588 cam
141 2544 350 2604 impleant
368 2579 379 2601 ,
405 2560 616 2605 pauperes
638 2555 844 2605 quaerunt
865 2545 984 2590 unde
1005 2562 1080 2591 cor
1100 2545 1310 2605 impleant
1333 2564 1342 2589 :
1367 2552 1412 2588 et

74 2636 83 2653 ¹
101 2629 179 2662 Psal.
201 2640 267 2672 xxi,
286 2630 341 2663 26.
359 2648 400 2653 —
420 2637 433 2654 2
451 2629 533 2663 Ibid.
558 2639 611 2673 27.
632 2648 674 2654 -
695 2629 708 2654 3
722 2631 901 2673 Matt11.1v‚
932 2630 983 2663 18.
1002 2647 1043 2653 --
1061 2628 1077 2661 4
1096 2631 1251 2672 Id.1x‚9.
