1833 3284
378 227 620 258 ENARRATIO
652 232 668 258 1
700 231 745 258 IN
777 229 981 258 PsALMUM
1013 230 1140 257 xv111.
1373 218 1456 258 263

73 295 190 340 niam
216 312 236 337 «
253 297 368 340 Deus
390 293 586 354 superbis
613 294 791 349 resistit,
823 293 1064 339 humilibus
1091 302 1238 338 autem
1261 293 1338 338 dat
1359 305 1458 353 gra‘-

76 384 96 409 »
132 366 236 422 tiam
259 368 288 409 ¹.
317 383 336 407 »

131 439 210 481 IX.
250 455 270 478 «
295 438 319 480 J
325 435 480 480 ustitiae
503 436 676 481 Domini
699 444 827 480 rectae
844 471 854 490 ,
879 433 1147 479 laetificantes
1168 438 1297 479 cor².·
1316 453 1335 475 »
1352 436 1461 479 Om-

72 523 148 551 nes
168 507 346 568 justitiae
377 507 551 552 Domini
572 509 617 552 in
638 506 714 551 illo
736 516 864 551 rectae
880 542 891 561 ,
927 521 1025 566 quae
1048 521 1138 551 non
1164 505 1314 550 docuit
1341 508 1463 566 quod

69 578 162 638 ipse
182 594 272 623 non
294 577 420 636 fecit3
455 587 504 622 ut
538 578 614 639 qui
644 578 933 632 imitarentur,
960 576 1091 621 corde
1118 576 1386 636 gauderent,
1418 578 1464 621 in

71 650 130 694 eis
151 667 251 711 quae
267 637 403 694 libere
417 666 519 694 cum
536 650 745 695 charitate
767 649 982 705 facerent,
1009 665 1099 693 non
1126 648 1339 694 serviliter
1360 664 1463 693 cum

70 722 240 767 timore.
287 726 591 782 «Praeceptum
619 722 792 767 Domini
824 721 1048 777 lucidum,
1076 720 1327 765 illuminans
1355 736 1464 765 ocu-

73 810 94 835 »
129 792 210 838 los.
240 813 257 835 u
302 796 574 853 Praeceptum
604 793 777 838 Domini
821 791 1041 848 lucidum,
1087 793 1180 836 sine
1215 792 1464 837 velamento

70 863 309 910 carnalium
335 864 716 920 observationum,
743 863 994 908 illuminans
1030 863 1220 908 hominis
1248 862 1464 907 interioris

69 944 307 995 aspectum.

126 1008 183 1050 X.
219 1024 239 1048 «
267 1005 412 1050 Timor
434 1005 608 1051 Domini
630 1014 771 1060 castus
792 1019 1053 1065 permanens
1075 1004 1124 1048 in
1145 1004 1357 1049 sacculum
1380 1021 1463 1049 sae-

73 1097 91 1119 »
111 1076 242 1121 culiss.
271 1095 292 1118 »
319 1077 466 1122 Timor
488 1078 660 1122 Domini
674 1113 684 1133 ,
703 1093 792 1122 non
816 1076 887 1120 ille
903 1077 985 1120 sub
1007 1067 1102 1136 lege
1119 1075 1328 1136 poenalis,
1348 1086 1463 1121 tem-

67 1147 232 1208 poralia
253 1148 368 1192 bona
391 1148 471 1192 sibi
490 1149 689 1193 subtrahi
713 1148 1068 1208 perhorrescens,
1101 1163 1293 1208 quorum
1323 1147 1463 1193 dilec-

67 1219 185 1263 tione
203 1219 346 1263 anima
364 1217 632 1277 fornicatur,
657 1220 732 1263 sed
748 1228 910 1274 castus,
931 1235 1021 1279 quo
1040 1219 1232 1264 Ecclesia
1254 1234 1463 1279 sponsum

66 1304 196 1334 suum
217 1299 383 1350 quanto
401 1289 622 1334 ardentius
639 1289 803 1349 diligit,
830 1299 953 1334 tanto
972 1289 1223 1349 diligentius
1250 1300 1373 1335 cavet
1395 1290 1465 1336 of-

66 1361 245 1406 fendere
271 1380 280 1407 z
308 1371 352 1406 et
366 1361 466 1406 ideo
483 1378 572 1407 non
590 1363 705 1407 foras
726 1363 860 1407 mittit
882 1372 1182 1407 consummata
1205 1362 1382 1408 dilectio
1404 1364 1462 1408 ti-

65 1447 233 1477 morem
250 1433 412 1488 hunc4,
439 1432 514 1477 sed
535 1443 763 1493 permanet
784 1433 828 1476 in
856 1433 1065 1477 saeculum
1089 1433 1251 1478 sacculi.

123 1506 204 1548 XI.
245 1523 264 1546 «
285 1503 455 1548 ,Iudicia
495 1505 667 1548 Domini
696 1520 794 1549 vcra
810 1541 820 1559 ,
840 1506 1074 1565 justificata
1096 1505 1141 1548 in
1165 1505 1354 1565 idipsum
1376 1508 1405 1550 ⁵.
1437 1524 1458 1548 η

66 1573 236 1619 ,Iudicia
258 1576 371 1635 ejus,
397 1575 474 1635 qui
492 1591 581 1619 non
593 1575 761 1635 judicat
780 1591 1068 1636 quemquam,
1089 1575 1164 1620 sed
1188 1592 1315 1620 omne
1338 1577 1462 1637 judi-

66 1645 182 1690 cium
205 1645 327 1690 dedit
348 1646 503 1700 Filioss,
535 1662 636 1690 vere
658 1646 892 1706 justificata
920 1646 1352 1691 incommutabiliter.
1377 1651 1465 1693 Ne-

63 1731 151 1777 que
172 1716 287 1759 enim
305 1715 374 1760 vel
394 1716 582 1761 minatus
603 1716 673 1761 vel
691 1716 910 1776 pollicitus
933 1721 1047 1762 Deus
1080 1733 1350 1779 quemquam
1373 1717 1459 1763 fal-

63 1785 135 1842 lit,
160 1795 236 1830 aut
256 1786 490 1847 quisquam
500 1786 572 1832 vel
588 1787 728 1847 impiis
743 1787 1005 1848 supplicium
1017 1825 1027 1843 ,
1043 1788 1113 1832 vel
1131 1788 1212 1848 piis
1226 1789 1458 1848 praemium

64 1857 156 1917 ejus
184 1865 327 1917 potest
347 1857 527 1917 eripere.
557 1877 578 1900 «
603 1858 913 1903 Desiderabilia
946 1875 1075 1919 super
1100 1875 1256 1904 aurum
1279 1869 1322 1904 et
1347 1859 1460 1920 lapi-

67 1946 87 1971 »
123 1928 222 1973 dem
243 1929 479 1989 pretiosum
503 1929 694 1974 multum
711 1933 741 1974 ⁷.
766 1949 786 1972 »
815 1931 912 1976 Sive
930 1930 1120 1975 multum
1142 1932 1283 1991 ipsum
1301 1947 1458 1976 aurum

63 2009 108 2044 et
119 1999 340 2059 lapidem,
364 2001 452 2045 sive
474 2001 664 2045 multum
679 2003 935 2062 pretiosum,
962 2003 1051 2047 sive
1074 2004 1264 2048 multum
1288 2004 1459 2049 deside-

62 2070 215 2116 rabilia
235 2091 247 2129 ς
284 2080 432 2116 tamen
463 2071 764 2118 desiderabilia
797 2074 962 2135 judicia
1000 2076 1077 2119 Dei
1115 2091 1244 2136 super
1276 2092 1458 2136 pompas

62 2141 192 2205 hujus
212 2141 361 2187 saeculi
391 2162 401 2187 ε
427 2159 614 2204 quarum
637 2143 852 2190 desiderio
875 2146 924 2189 fit
945 2155 996 2190 ut
1017 2162 1106 2190 non
1134 2145 1454 2205 desiderentur,

63 2212 138 2256 sed
151 2212 403 2267 timeantur,
424 2223 500 2258 aut
515 2224 871 2271 contemnantur,
894 2226 969 2260 aut
986 2233 1074 2261 non
1091 2217 1456 2278 credanturjudi-

26 2289 38 2304 '
63 2283 128 2327 cia
145 2283 238 2328 Dei.
259 2283 390 2337 Quod
405 2285 438 2328 si
459 2284 645 2345 quisque
661 2286 752 2346 ipsc
768 2287 822 2331 sit
838 2303 991 2331 aurum
1008 2287 1206 2348 lapisque
1223 2289 1451 2348 pretiosus,

62 2363 112 2398 ut
132 2353 231 2412 igne
244 2370 334 2399 non
350 2365 646 2411 consumatur,
667 2356 742 2402 sed
756 2368 999 2402 assumatur
1020 2359 1065 2402 in
1087 2360 1337 2404 thesaurum
1355 2362 1450 2418 Dei3

61 2423 160 2483 plus
182 2441 316 2485 quam
339 2441 383 2470 se
406 2425 549 2485 ipsum
569 2427 786 2472 desiderat
803 2428 965 2489 judicia
989 2430 1086 2484 Dei,
1112 2431 1234 2490 cujus
1251 2430 1453 2476 volunta-

110 2528 120 2543 ¹
142 2521 255 2554 Jacob.
275 2534 321 2565 lv,
339 2522 372 2554 6.
394 2541 436 2545 —-
462 2530 475 2546 2
494 2524 574 2556 Psat.
594 2536 684 2564 xvm,
707 2537 739 2568 9.
759 2543 801 2548 —
828 2525 840 2548 3
866 2527 946 2558 lbid.
966 2538 1016 2559 10.
1041 2526 1113 2557 —4
1137 2540 1148 2560 ι
1165 2531 1317 2570 Joan.1v‚
1339 2530 1388 2562 18.
1406 2547 1448 2553 -—

65 2576 78 2597 ⁵
96 2577 175 2608 Psal.
192 2589 278 2617 xvni,
300 2591 350 2612 ιο.
371 2597 411 2602 -
430 2578 445 2601 6
460 2583 550 2613 Joan.
568 2593 601 2623 v,
617 2591 671 2614 22.
697 2600 733 2604 —-
753 2591 766 2615 7
782 2584 860 2615 psat.
884 2595 976 2625 xviii,
1005 2596 1053 2615 ιι.
