1833 3284
382 260 437 301 74
812 268 846 298 s.
884 267 1115 298 Aucusnm
1146 268 1329 297 EPISCOPI

384 357 404 381 »
441 347 504 383 est
524 346 574 382 ut
592 337 808 398 judicium
831 337 1008 396 incipiat
1025 351 1047 379 a
1071 333 1203 380 domo
1225 334 1443 380 Domini1.
1469 336 1527 378 Et
1547 334 1654 379 scito
1670 335 1775 395 quia

384 429 404 452 »
441 410 654 454 Dominus
680 424 770 453 non
795 408 968 468 abjiciet
991 407 1295 451 innocentem2
1323 427 1331 452 z
1361 425 1380 447 n
1412 406 1609 466 quamvis
1638 407 1775 451 corri-

381 481 471 541 piat
495 495 625 540 quem
649 478 814 539 diligit,
836 488 878 522 ct
913 477 1103 537 flagellet
1131 493 1303 522 omnem
1337 477 1478 521 filium
1504 492 1637 537 quem
1664 478 1776 522 reci-

381 552 487 612 pit³.
528 571 547 593 «
574 551 716 596 Fortis
753 551 910 595 robore
941 548 1103 604 cordis,
1141 564 1231 593 non
1262 549 1452 594 vivificat
1481 548 1722 608 impium⁴t
1751 566 1771 590 n

381 623 580 684 quamvis
601 621 656 666 ad
679 631 850 681 tempus
874 620 911 663 ei
936 635 1111 680 parcere
1132 619 1346 664 videatur.
1363 623 1420 664 Et
1443 620 1576 675 bene,
1598 620 1776 664 «Fortis

384 712 404 735 >›
441 694 597 738 robore
611 692 773 747 cordis,
801 711 820 733 »
839 692 939 752 quia
965 701 1071 736 tunc
1092 706 1194 734 eum
1217 706 1306 736 non
1328 690 1580 746 vivificabit,
1595 689 1776 751 quando

381 780 487 814 serae
506 764 779 825 poenitentiae
801 763 946 807 locum
967 771 1135 823 quaeret
1152 778 1254 806 cum
1275 762 1498 821 lacrymis,
1525 771 1567 806 ct
1590 777 1680 806 non
1705 761 1777 806 in-

381 838 548 892 veniet,
575 851 655 880 nec
687 836 832 880 flectet
855 836 911 880 ad
933 832 1269 879 misericordiam
1297 833 1469 879 fortiter
1484 832 1773 894 judicantem,

382 924 514 969 quem
544 907 677 952 modo
699 905 1034 952 misericorditer
1063 906 1372 951 admonentem
1394 903 1651 949 contemnit.
1679 923 1699 946 «
1721 907 1778 949 Et

388 998 408 1022 »
439 979 655 1040 judicium
679 979 945 1039 pauperibus
971 977 1093 1022 dabit
1115 997 1123 1023 ε
1149 996 1169 1019 »
1192 993 1281 1038 quo
1297 975 1498 1037 judicent
1519 991 1613 1031 eos,
1635 991 1659 1020 a
1676 976 1777 1036 qui-

382 1050 464 1096 bus
487 1051 713 1110 patiuntur
734 1050 1024 1112 iniquitatem.
1047 1051 1104 1093 Et
1125 1048 1238 1092 bene
1258 1067 1277 1090 «
1297 1062 1539 1108 pauperum
1554 1082 1565 1102 ,
1588 1065 1608 1087 »
1631 1055 1682 1091 ut
1703 1062 1778 1091 su-

381 1121 526 1182 perius
550 1141 569 1164 «
596 1122 781 1182 impium
808 1140 828 1163 »
855 1120 1036 1166 divitem
1064 1118 1300 1177 intelligas,
1325 1119 1372 1162 id
1406 1127 1492 1173 est,
1517 1118 1773 1178 superbum.

386 1214 406 1236 «
439 1197 539 1239 Non
576 1193 743 1239 auferet
777 1211 800 1239 a
824 1195 943 1255 justo
967 1192 1116 1238 oculos
1148 1193 1280 1251 ejus⁵.
1310 1210 1330 1232 »
1364 1191 1507 1235 Etiam
1541 1205 1641 1234 cum
1677 1205 1778 1234 eum

380 1264 504 1310 velut
535 1265 582 1309 in
612 1265 787 1310 fornace
824 1265 982 1326 probat
1010 1264 1248 1308 tentatione
1279 1261 1595 1317 tribulationis,
1617 1277 1706 1306 non
1739 1261 1777 1305 ei

381 1335 550 1381 auferet
572 1336 928 1396 intelligentiam,
957 1351 1043 1396 qua
1072 1335 1348 1393 cognoscitur
1377 1342 1420 1377 et
1451 1332 1611 1377 colitur
1643 1335 1772 1377 Deus.

380 1409 445 1452 Ex
467 1423 555 1468 quo
577 1407 676 1451 satis
704 1407 893 1452 ostendit
916 1407 1150 1466 impiorum
1185 1420 1361 1465 poenam
1384 1419 1472 1448 esse
1494 1404 1631 1463 ipsam
1655 1403 1778 1448 caeci-

381 1487 530 1534 tatem,
553 1477 682 1523 etiam
707 1493 807 1522 cum
829 1476 1002 1522 videtur
1024 1477 1082 1521 eis
1105 1476 1240 1536 parci.
1273 1495 1292 1517 «
1324 1479 1381 1520 Et
1409 1490 1510 1520 cum
1534 1474 1710 1534 regibus
1731 1474 1778 1519 in

383 1568 403 1592 »
440 1549 548 1594 solio
579 1569 588 1594 :
624 1568 644 1591 »
677 1548 960 1605 subauditur,
983 1547 1131 1593 sedere
1154 1563 1226 1592 eos
1249 1545 1374 1603 fecit,
1399 1547 1485 1591 hoc
1506 1555 1593 1602 est,
1617 1547 1772 1606 justos.

381 1624 519 1680 Reges
548 1630 695 1665 autem
727 1621 834 1665 dicit
866 1621 943 1682 qui
978 1635 1155 1665 carnem
1185 1635 1309 1663 suam
1342 1628 1528 1678 regunt,
1560 1616 1679 1662 unde
1714 1626 1777 1661 est

380 1692 492 1737 illud
523 1712 531 1738 2
562 1712 582 1735 «
608 1693 712 1746 Quis
739 1702 802 1737 est
830 1708 902 1737 rex
930 1693 1006 1753 qui
1027 1691 1148 1736 vadit
1170 1691 1443 1736 committere
1476 1690 1644 1734 bellum
1674 1704 1776 1745 cum

384 1782 404 1805 »
440 1763 524 1808 alio
558 1765 703 1822 rege⁰,
741 1773 823 1809 etc.
852 1767 909 1808 Et
931 1763 1080 1808 sedere
1108 1778 1179 1807 eos
1213 1761 1317 1806 fecit
1345 1762 1389 1805 in
1412 1770 1700 1821 perpetuum,
1733 1770 1776 1805 et

383 1853 403 1877 >›
439 1835 789 1880 exaltabuntur7.
819 1854 839 1877 >›
872 1839 929 1880 Et
950 1836 1021 1880 hic
1054 1835 1315 1879 subauditur
1343 1832 1464 1894 quod
1488 1849 1617 1893 supra
1640 1832 1771 1888 dixit,

379 1923 480 1951 cum
504 1908 680 1967 regibus
703 1908 749 1951 in
769 1906 899 1966 soli03
924 1926 944 1949 «
963 1907 1290 1952 Exaltabuntur
1309 1924 1329 1947 ³>
1348 1915 1494 1950 autem
1509 1904 1638 1960 dixit,
1660 1920 1775 1965 quo-

377 1979 496 2023 niam
524 1978 743 2023 humiliati
771 1988 888 2023 sunt.
919 1998 938 2020 «
964 1981 1022 2022 Et
1052 1978 1128 2039 qui
1157 1976 1394 2037 compediti
1427 1986 1530 2021 sunt
1551 1975 1776 2036 compedi-

381 2067 401 2091 »
438 2050 560 2093 busss.
585 2068 605 2090 »
633 2052 670 2094 Α
693 2065 781 2110 quo
802 2048 979 2094 vinculo
997 2048 1102 2093 dicit
1122 2047 1355 2108 Apostolus
1379 2048 1459 2091 sibi
1488 2047 1656 2091 bonum
1683 2062 1773 2091 esse

377 2120 574 2177 dissolvi,
597 2130 641 2165 ct
673 2136 764 2165 esse
797 2136 897 2165 curn
929 2121 1126 2166 Christo9
1156 2139 1164 2164 :
1190 2118 1235 2163 id
1259 2128 1343 2173 est,
1374 2118 1613 2163 retinacula
1641 2118 1772 2179 hujus

376 2193 497 2247 vitae,
526 2211 542 2232 «
572 2195 622 2236 In
646 2209 733 2253 qua
756 2208 935 2252 corpus,
962 2191 1082 2252 quod
1105 2189 1422 2249 corrumpitur,
1448 2198 1653 2249 aggravat
1674 2189 1769 2233 ani-

379 2282 398 2306 »
435 2266 610 2308 mamffl.
637 2265 875 2324 Capientur
901 2264 946 2307 in
970 2263 1149 2308 funibus
1170 2262 1495 2322 paupertatis¹¹.
1526 2280 1545 2302 >›
1572 2261 1769 2306 Convin-

375 2335 544 2379 cientur
563 2335 703 2395 longis
724 2334 1112 2380 consuetudimbus
1136 2333 1476 2378 delectationum
1504 2331 1765 2388 carnalium,

374 2423 473 2467 quae
495 2416 598 2451 sunt
618 2406 673 2452 de
695 2423 840 2451 rerum
863 2406 1126 2466 indigentia,
1153 2405 1313 2467 quibus
1335 2404 1529 2450 mortalis
1557 2405 1644 2449 vita
1667 2419 1763 2449 sus-

422 2527 431 2544 ¹
454 2522 539 2554 Petr.
564 2532 611 2564 iv,
635 2532 665 2564 5.
687 2539 730 2544 —
749 2528 762 2544 ²
781 2520 858 2554 Job.
880 2533 1000 2562 xxxvi,
1019 2520 1051 2553 5.
1067 2537 1109 2542 —
1129 2517 1142 2543 3
1164 2520 1263 2553 Ilebr.
1285 2531 1345 2559 xri,
1362 2518 1394 2552 6.
1420 2536 1462 2542 -
1476 2516 1579 2551 4Job.
1596 2530 1706 2559 xxxw,
1727 2519 1761 2552 6.

375 2594 418 2600 -
436 2574 451 2599 5
469 2576 550 2609 Ibid.
570 2588 601 2619 7.
616 2594 658 2599 —
675 2575 690 2599 6
713 2579 791 2610 Luc.
815 2589 884 2620 xiv,
904 2578 1032 2610 31.--7
1052 2575 1126 2608 Job.
1150 2587 1300 2619 xxxw,7.
1320 2594 1362 2599 —
1376 2574 1487 2609 81bid.
1503 2575 1535 2610 S.
1552 2592 1594 2598 -
1613 2582 1628 2607 9
1643 2574 1762 2618 Philip.

372 2643 396 2674 i,
411 2633 466 2666 23.
483 2649 527 2656 —
547 2639 578 2657 ¹0
599 2634 672 2676 Sap.
688 2644 733 2676 ix,
753 2633 804 2666 15.
825 2650 867 2656 -—
889 2640 916 2656 ¹¹
937 2631 1012 2665 Job.
1031 2643 1140 2674 xxxvi,
1159 2631 1191 2664 8.
