1833 3284
242 281 482 311 ΕΝΑιιιιΔΤιο
515 284 546 310 11
579 285 624 311 IN
654 281 857 311 Psammu
891 284 1010 321 xxx,
1044 281 1170 310 sEnu.
1208 284 1273 309 111.
1361 268 1438 322 421

69 366 89 389 n
118 364 194 393 >me
217 348 347 394 facin
371 359 444 394 tua
464 349 798 394 misericordia1.
828 368 846 389 »
873 349 1077 408 Superius
1099 347 1391 402 dicebamus2,
1412 346 1446 390 si

64 420 262 464 meminit
280 421 490 465 hesternae
513 419 813 480 disputationis
831 420 1026 465 Charitas
1049 421 1215 473 Vestra,
1241 418 1446 479 quicum-

64 505 150 549 que
179 488 383 546 affuistis,
403 491 611 551 quoniam
639 490 699 534 illi
723 489 908 533 maxime
939 497 1263 549 persequuntur
1291 487 1445 532 Eccle-

63 560 191 615 siam,
225 560 300 621 qui
322 561 555 605 Christiani
583 561 741 605 nolunt
772 560 885 604 bene
915 560 1075 604 vivere.
1108 563 1191 603 Per
1221 559 1299 604 hos
1330 558 1445 602 enim

62 631 348 691 opprobrium
371 632 505 675 habet
526 631 731 686 Ecclesia,
751 641 794 675 et
812 631 866 675 ab
883 631 950 675 his
970 630 1215 674 inimicitias
1236 630 1442 674 sustinet:

62 701 239 762 quando
267 703 583 763 corripiuntur,
609 703 787 763 quando
822 701 933 745 male
964 701 1109 745 vivere
1139 716 1225 745 non
1260 701 1444 761 permit-
1487 756 1490 757 ⁷

62 782 231 827 tuntur,
251 772 429 834 quando
446 789 546 817 cum
568 773 626 817 eis
645 772 716 817 vel
736 773 870 817 verbo
894 772 1050 831 agitur,
1072 772 1151 832 ipsi
1168 772 1280 816 mala
1298 773 1343 816 in
1360 772 1446 816 suis

61 842 265 887 cordibus
281 843 563 898 meditantur,
580 852 621 887 et
637 844 894 903 erumpendi
911 843 1179 887 occasionem
1196 843 1440 903 requirunt.

61 917 179 957 Inter
200 914 278 958 hos
300 923 363 958 est
385 929 558 972 gemens
579 915 674 970 iste,
697 924 740 958 et
760 914 793 958 si
815 913 1016 958 volumus
1037 929 1115 957 nos
1139 929 1286 957 sumus
1304 934 1314 970 3
1339 929 1445 974 quo-

60 984 174 1028 niam
208 983 352 1043 plures
377 993 480 1028 sunt
512 985 614 1044 ipsi,
640 994 682 1028 et
704 984 816 1027 inter
838 982 1164 1027 multitudinem
1194 998 1344 1027 eorum
1376 984 1447 1027 vix

58 1064 269 1113 apparent
296 1054 416 1109 honi,
442 1063 648 1115 tanquam
674 1069 802 1112 grana
830 1054 875 1097 in
904 1070 1016 1108 area,
1042 1053 1096 1097 de
1118 1054 1277 1114 quibus
1300 1063 1447 1097 tamen

61 1124 251 1184 purgatis
286 1125 440 1170 horrea
474 1124 678 1186 replenda
707 1135 810 1169 sunt
842 1125 1052 1169 Dominff.
1086 1127 1202 1183 Ergo
1229 1125 1341 1168 inter
1368 1125 1446 1168 hos

59 1210 234 1253 gemens
265 1196 345 1239 iste
378 1195 469 1240 ait:
500 1215 520 1238 «
555 1195 728 1240 Illustra
763 1195 915 1239 faciem
954 1203 1074 1238 tuam
1110 1210 1239 1254 super
1272 1210 1444 1238 servum

61 1284 80 1306 υ
116 1274 257 1310 tuum.
281 1285 301 1307 »
334 1265 544 1311 Confusio
574 1266 689 1310 enim
712 1266 914 1327 quaedam
943 1276 1143 1326 putatur,
1170 1282 1269 1310 cum
1294 1282 1444 1311 omnes

57 1336 288 1381 Christiani
311 1336 539 1392 dicuntur,
565 1346 609 1380 et
632 1337 708 1397 qui
734 1337 845 1381 bene
870 1338 1048 1392 vivunt,
1075 1347 1118 1380 et
1148 1338 1223 1397 qui
1246 1336 1359 1380 male
1381 1337 1447 1381 vi·-

56 1416 187 1462 vunt,
215 1423 363 1452 omnes
384 1424 474 1453 uno
496 1409 742 1452 charactere
764 1409 1012 1467 signantur,
1038 1424 1187 1453 omnes
1205 1409 1273 1452 'ad
1306 1424 1445 1452 unum

56 1477 188 1522 altare
212 1477 447 1532 accedunt,
469 1494 618 1523 omnes
639 1478 793 1523 eodem
818 1480 1033 1538 baptismo
1058 1479 1322 1534 abluuntur,
1347 1495 1445 1524 om-

55 1564 131 1593 nes
154 1548 353 1593 eamdem
374 1549 612 1593 orationem
633 1548 894 1594 dominicam
919 1549 1169 1610 proferunt,
1196 1566 1346 1594 omnes
1370 1551 1444 1594 iis-

54 1619 155 1664 dem
186 1619 401 1677 mysteriis
434 1619 702 1664 celebrandis
723 1620 954 1664 intersunt.
981 1621 1168 1674 Quando
1190 1620 1447 1666 discernun-

54 1699 126 1733 tur
153 1689 229 1750 qui
253 1699 443 1748 gemant,
469 1699 513 1733 et
530 1705 608 1749 pro
631 1690 790 1750 quibus
814 1700 1032 1748 gematur,
1055 1691 1347 1744 nisiillustret
1370 1691 1443 1735 ille

53 1761 207 1806 faciem
229 1771 349 1805 tuam
369 1777 498 1821 super
513 1777 686 1805 servum
705 1764 860 1805 tuum?
880 1761 994 1815 Quid
1010 1772 1073 1806 est
1088 1777 1205 1820 ergo,
1227 1782 1246 1804 «
1271 1762 1441 1806 Illustra

57 1851 76 1873 »
112 1831 264 1876 faciem
287 1848 407 1876 suam
430 1848 559 1891 super
576 1848 747 1876 servum
771 1835 929 1876 suum?
950 1851 968 1873 »
988 1835 1207 1892 Appareat
1224 1833 1324 1893 quia
1343 1849 1444 1892 per-

52 1903 170 1947 tineo
193 1902 247 1947 ad
265 1912 332 1947 te:
353 1918 434 1946 nec
455 1903 514 1946 sic
536 1902 672 1957 dicat,
697 1912 739 1946 et
756 1903 1014 1946 christianus
1036 1903 1194 1962 impius
1217 1904 1317 1962 quia
1340 1919 1441 1962 per-

53 1972 163 2015 tinet
185 1973 240 2016 ad
263 1982 326 2027 te,
352 1987 408 2015 ne
438 1972 529 2016 sine
561 1988 688 2016 causa
722 1972 802 2015 tibi
835 1973 879 2015 in
913 1972 997 2016 alio
1031 1972 1201 2016 Psalmo
1230 1972 1439 2019 dixerim:

57 2061 77 2084 a
111 2044 136 2086 J
142 2039 267 2086 udica
282 2045 508 2097 me,Deus,
524 2052 567 2085 et
579 2042 772 2086 discerne
788 2057 963 2086 causam
975 2058 1114 2086 meam
1135 2042 1189 2086 de
1208 2053 1335 2100 gente
1353 2060 1442 2088 non

56 2130 76 2152 »
111 2114 302 2156 sancta4.
332 2131 352 2153 »
378 2112 506 2165 Quod
529 2111 590 2155 ibi
610 2111 740 2166 dixit,
771 2132 790 2154 (ι
811 2112 1014 2156 Discerne
1036 2129 1208 2157 causam
1233 2130 1398 2165 meam:
1418 2134 1437 2155 »

52 2183 136 2226 hoc
155 2182 260 2226 dicit
277 2183 363 2236 hic,
382 2201 401 2224 «
417 2181 589 2226 Illustra
608 2181 759 2226 faciem
778 2192 898 2227 tuam
916 2199 1045 2243 super
1063 2200 1234 2228 servum
1257 2194 1398 2228 tuum.
1417 2205 1435 2225 »

52 2255 110 2296 Et
130 2263 276 2296 tamen
307 2246 362 2296 ne
384 2262 427 2296 ct
448 2253 540 2312 ipse
564 2253 806 2312 superbiat,
834 2263 875 2297 et
904 2255 1025 2314 quasi
1052 2255 1349 2314 sejustificare
1371 2256 1438 2299 vi-

53 2322 229 2377 deatur,
266 2323 485 2383 adjungit,
524 2332 567 2366 et
601 2324 687 2368 ait:
716 2343 735 2365 «
765 2325 939 2369 Salvum
962 2341 1032 2368 me
1056 2324 1122 2368 fac
1145 2326 1190 2369 in
1215 2335 1287 2369 tua
1309 2327 1438 2369 mise-

55 2411 76 2434 »
111 2392 295 2437 ricordia
319 2413 326 2437 :
361 2411 381 2433 »
418 2394 500 2437 hoc
522 2403 611 2448 est,
646 2410 734 2438 non
759 2395 803 2437 in
830 2410 918 2437 mea
937 2396 1126 2454 justitia,
1155 2411 1243 2440 non
1266 2396 1310 2439 in
1330 2397 1435 2439 meis

51 2463 228 2517 meritis,
244 2462 319 2506 sed
337 2482 353 2503 «
369 2465 419 2506 In
432 2472 504 2507 tua
523 2463 814 2507 misericordia
832 2481 842 2513 ;
862 2483 880 2504 »
896 2480 984 2508 non
999 2465 1100 2525 quia
1120 2481 1198 2523 ego
1221 2481 1316 2509 sum
1335 2465 1437 2524 dig-

101 2554 108 2570 ¹
131 2547 212 2579 Psal.
232 2559 316 2590 xxx,
336 2548 386 2590 16,
410 2559 458 2589 137.
473 2566 514 2570 —
539 2556 553 2570 '²
576 2551 610 2580 In
631 2550 785 2591 superiori
804 2551 956 2582 Sci-mons»
970 2561 999 2580 n.
1028 2560 1046 2582 ’.ε
1081 2556 1263 2593 1=rseqq.—-
1285 2550 1298 2573 3
1314 2552 1426 2582 Matth.

52 2614 98 2643 iu,
121 2613 172 2644 1¹2,
193 2609 223 2635 el
243 2607 315 2636 Luc.
338 2615 382 2643 ιιι,
407 2616 454 2646 ¹7-
478 2622 517 2626 --
544 2604 558 2634 -i
586 2605 662 2636 psal.
689 2617 765 2645 xiJi,
790 2617 817 2636 ι.
