1833 3284
409 262 652 291 munuum
686 265 729 291 m
764 263 966 292 PSALMUM
1000 264 1041 288 v.
1340 248 1422 289 143

15 337 119 385 cst,
148 326 451 374 sed‘nondum
477 344 522 373 se
549 327 755 388 intelligit
787 327 1058 383 exauditam,
1094 327 1196 387 quia
1223 325 1424 371 nondum

33 399 153 447 videt
183 415 207 444 a
239 415 329 461 quo
359 399 563 445 exaudita
592 410 656 445 est
689 420 698 445 :
730 410 773 445 et
804 399 925 461 quod
956 414 1075 444 nunc
1114 398 1175 442 ait
1203 417 1212 442 :
1249 417 1271 440 (ι
1293 400 1425 442 Mane

35 488 57 512 »
92 469 320 526 exaudies,
336 489 360 513 v»
385 471 470 515 hoc
493 470 682 530 intelligi
702 470 869 527 voluit,
894 472 1062 515 «Mane
1089 468 1332 527 intelligam
1353 483 1425 513 me

34 556 57 582 »
90 555 180 586 esse
201 540 483 586 exauditam?
509 559 531 583 ν)
564 541 704 602 qualis
735 551 798 587 est
824 542 905 586 ista
934 539 1100 585 locutio
1117 574 1129 596 ,
1170 558 1192 582 «
1220 542 1393 597 Exurge
1409 573 1424 593 ,

36 629 57 653 »
91 611 323 667 Domine1,
349 629 370 654 »
394 611 442 656 id
468 620 554 667 est,
588 631 609 655 (ι
635 615 721 657 Fac
742 627 813 657 me
835 626 1057 671 exurgere.
1089 628 1110 652 »
1150 608 1236 655 Sed
1256 610 1340 655 hoc
1370 608 1426 653 de

34 681 351 727 resurrectione
382 682 545 728 Christi
580 683 790 743 accipitur
818 703 827 728 2
857 682 971 726 illud
1003 690 1120 726 certe
1158 696 1248 725 non
1283 688 1428 740 potest

33 761 150 797 recte
166 750 292 796 aliter
312 752 448 812 accipi
471 771 480 796 :
511 771 532 794 «
553 755 709 798 Tentat
730 769 806 798 vos
827 753 1039 798 Dominus
1060 755 1176 797 Deus
1194 760 1351 806 vester,
1375 759 1426 795 ut

36 839 58 864 »
91 822 198 867 sciat
218 822 253 876 si
273 821 452 882 diligitis
473 837 573 866 eum
587 826 621 878 2,
644 842 665 864 »
691 824 773 868 nisi
796 833 846 868 ut
866 839 943 868 vos
963 838 1041 882 per
1055 821 1181 866 illum
1204 821 1361 877 sciatis,
1382 830 1427 866 et

31 892 350 953 vobismetipsis
374 892 694 949 manifestetur,
725 903 941 954 quantum
964 893 1010 937 in
1032 895 1124 954 ejus
1152 908 1299 937 amore
1319 908 1426 953 pro-

33 962 235 1009 feceritis.
254 991 261 997 -

91 1035 146 1079 V.
177 1053 198 1077 «
221 1036 352 1079 Mane
384 1033 534 1078 astabo
554 1034 661 1089 tibi,
696 1043 740 1079 et
759 1033 962 1079 videboss.
997 1033 1162 1079 Astabo
1188 1052 1209 1075 »
1234 1032 1343 1094 quid
1364 1042 1429 1078 est

33 1104 116 1150 nisi
133 1120 224 1150 non
238 1104 394 1165 jacebo
409 1104 558 1158 ?Quid
578 1114 643 1150 est
659 1115 806 1150 autem
828 1104 947 1149 aliud
960 1107 1121 1166 jacere,
1147 1105 1228 1150 nisi
1250 1105 1296 1149 in
1314 1114 1428 1149 terra

32 1191 278 1237 qrrescere,
299 1176 422 1236 quod
440 1176 566 1220 estin
587 1176 768 1220 terrenis
788 1175 1089 1235 voluptatibus
1113 1174 1430 1220 beatitudinem

33 1247 261 1307 quaerere?
298 1264 319 1287 a
342 1245 532 1302 Astabo,
563 1246 734 1306 inquit,
774 1255 817 1290 et
848 1246 1024 1291 videbo.
1057 1265 1077 1287 η
1112 1249 1212 1291 Νοη
1239 1255 1304 1290 est
1325 1261 1429 1305 ergo

34 1316 341 1362 inhaerendum
356 1316 555 1371 terrenis,
571 1316 606 1360 si
619 1315 823 1361 volumus
839 1319 979 1362 Deum
990 1315 1155 1372 videre,
1170 1317 1247 1377 qui
1261 1315 1429 1360 mundo

34 1386 167 1433 corde
187 1385 466 1447 conspicitur.
497 1405 518 1428 «
543 1387 762 1440 Quoniam
784 1403 874 1432 non
902 1391 1015 1432 Deus
1035 1386 1186 1432 volens
1216 1387 1430 1448 iniquita-

0 1484 1 1488 =
37 1475 60 1501 »
93 1468 183 1504 tem
204 1467 258 1512 tu
274 1474 334 1503 es.
354 1460 453 1504 Non
467 1457 685 1502 habitabit
700 1459 825 1518 juxta
847 1467 891 1502 te
912 1457 1153 1517 malignUS,
1171 1474 1318 1518 neque
1334 1474 1431 1518 per-

39 1547 59 1572 »
92 1529 337 1574 manebunt
365 1528 515 1588 injusti
545 1538 646 1572 ante
673 1527 822 1572 oculos
852 1537 966 1573 tuos.
1001 1528 1140 1573 Odisti
1173 1544 1323 1573 omnes
1354 1529 1432 1589 qui

0 1627 2 1636 .
37 1617 61 1642 »
94 1608 331 1660 operantur
366 1598 666 1659 iniquitatem,
707 1597 862 1658 perdes
891 1613 1040 1643 omnes
1069 1599 1146 1659 qui
1184 1599 1431 1659 loquuntur

37 1688 58 1715 >›
91 1669 545 1715 mcndacium.Virum
558 1667 821 1728 sanguinum
835 1677 878 1712 et
890 1668 1092 1713 dolosum
1103 1669 1431 1714 abominabitur

36 1758 58 1783 »
93 1740 346 1786 Dominus&
366 1758 387 1781 »
403 1739 634 1800 Iniquitas,
655 1738 916 1797 malignitas,
935 1738 1232 1795 mendacium,
1248 1740 1431 1784 homici-

34 1812 177 1868 dium,
195 1812 339 1867 dolus,
362 1821 406 1856 et
426 1810 646 1872 quidquid
668 1811 922 1872 hujusmodi
941 1820 1022 1867 est,
1039 1812 1131 1871 ipsa
1149 1827 1237 1857 nox
1258 1822 1322 1856 est
1343 1828 1431 1872 qua

34 1891 286 1928 transeunte
303 1883 355 1927 fit
374 1897 518 1938 mane,
537 1890 588 1926 ut
606 1880 808 1927 videatur
829 1885 958 1926 Deus.
978 1883 1166 1927 Causam
1182 1898 1286 1942 ergo
1298 1898 1432 1942 expo-

35 1955 137 2010 suit,
155 1969 293 2015 quare
310 1968 438 1998 mane
462 1953 636 2008 astabit,
655 1961 700 1997 et
718 1952 911 1998 videbit:
943 1954 1200 2007 «Quoniam
1214 1970 1304 1998 non
1317 1957 1432 1998 Deus

35 2021 60 2068 3>
93 2025 243 2070 volens
266 2025 564 2084 iniquitatem,
584 2024 728 2084 inquit
743 2059 753 2079 ,
778 2032 828 2068 tu
855 2039 913 2068 es.
939 2043 960 2066 n
984 2025 1029 2069 Si
1049 2025 1165 2068 enim
1187 2027 1302 2070 Deus
1320 2033 1432 2070 esset

35 2098 113 2158 qui
138 2096 269 2142 vellet
288 2096 586 2156 iniquitatem,
611 2105 756 2155 posset
778 2095 908 2139 etiarn
931 2095 986 2140 ab
1014 2095 1175 2156 iniquis
1196 2095 1358 2152 videri,
1380 2105 1432 2140 ut

36 2184 128 2214 non
136 2183 264 2213 mane
276 2167 467 2223 videtur,
484 2167 530 2211 id
549 2176 628 2223 est,
645 2182 747 2211 cum
761 2166 1002 2227 iniquitatis
1019 2182 1104 2211 nox
1117 2168 1428 2226 pertransierit.

53 2279 57 2281 .
95 2241 172 2284 VI.
202 2258 222 2282 t<
245 2241 345 2284 Non
378 2237 596 2282 habitabit
623 2238 747 2297 juxta
777 2246 820 2281 te
850 2247 892 2282 te
925 2236 1142 2296 malignus
1170 2258 1179 2283 ε
1216 2257 1237 2279 »
1261 2237 1309 2282 id
1339 2247 1428 2293 est,

37 2325 130 2355 non
155 2309 216 2354 sic
236 2308 404 2354 videbit
418 2343 429 2363 ,
452 2317 505 2352 ut
522 2308 701 2352 haereat.
727 2306 833 2352 Ideo
854 2308 1052 2367 sequitur
1072 2326 1081 2352 :
1112 2326 1132 2349 «
1156 2310 1309 2369 Neque
1329 2324 1431 2369 per-

41 2399 63 2424 »
96 2379 342 2425 manebunt
354 2379 504 2439 injusti
524 2387 625 2422 ante
642 2377 790 2422 oculos
807 2386 921 2422 tuos.
946 2395 966 2419 »
992 2377 1104 2431 Quia
1127 2377 1243 2423 oculi
1260 2394 1428 2435 eorum,

38 2450 87 2497 id
112 2459 198 2506 est,
225 2465 347 2495 mens
380 2464 534 2494 eorum
566 2447 868 2493 reverberatur
895 2446 993 2492 luce
1025 2447 1218 2493 veritatis
1253 2459 1432 2510 propter

40 2521 243 2567 tenebras
278 2529 559 2581 peccatorum
591 2538 602 2564 ι
638 2534 828 2580 quorum
864 2518 1181 2564 consuetudine
1212 2518 1432 2581 fulgorem

90 2613 99 2630 ¹
117 2605 198 2638 Psal.
213 2616 265 2647 ιιι,
279 2615 311 2647 7.
328 2622 371 2628 —
387 2607 508 2638 ’Dent¹
523 2614 593 2645 xm,
614 2603 646 2636 3.
662 2620 703 2627 -
724 2601 737 2627 3
754 2603 834 2636 Psal.
856 2613 890 2645 v,
907 2602 941 2635 5.
967 2620 1010 2627 —
1033 2601 1051 2634 4
1069 2603 1149 2638 thid.
1164 2604 1200 2646 6,
1225 2615 1256 2646 7.
