1833 3284
380 264 462 303 374
823 276 854 304 S.
893 278 1123 305 AUGUsTlNl
1147 280 1328 306 Episcopi

380 353 481 388 cent
499 343 554 387 dc
571 343 723 404 justis?
749 363 765 384 «
794 343 1027 397 Quomodo
1048 346 1288 404 computati
1301 355 1403 389 sunt
1423 345 1537 389 inter
1548 345 1659 391 filios
1678 347 1771 402 Dei,

379 415 550 459 etintcr
573 423 746 458 sanctos
768 430 857 458 sors
881 413 1053 458 illorum
1076 418 1167 459 est?
1183 437 1199 457 »
1224 419 1346 461 Tunc
1364 416 1446 460 erit
1463 416 1678 461 dedicatio
1691 416 1774 461 do-

376 501 473 529 mus
490 494 506 541 ,'
527 500 627 546 quae
649 484 779 529 modo
798 485 840 529 in
866 485 1219 530 tribulationibus
1242 485 1482 532 fabricatur
1501 506 1510 532 z
1532 497 1638 532 tunc
1658 496 1774 532 recte

380 557 495 602 dicet
506 556 694 617 populus
718 556 817 601 ille:
848 577 867 598 «
893 556 1108 602 Exaltabo
1132 567 1197 613 te,
1225 559 1432 614 Domine,
1452 559 1658 620 quoniam
1677 575 1774 604 sus-

382 646 401 669 »
438 627 588 688 cepisti
613 642 682 670 me
699 662 709 682 ,
741 642 822 671 nec
850 627 1104 687 jucundasti
1124 628 1463 682 inimicosssmeos
1485 645 1614 690 super
1635 646 1720 674 me.
1749 649 1770 672 »

379 702 491 744 Vera
515 715 618 758 ergo
642 699 722 743 erit
738 714 820 743 vox
841 699 919 743 ista
946 700 988 743 in
1012 699 1176 760 populo
1199 701 1274 745 Dei
1294 711 1311 757 ‘,
1328 702 1413 762 ‘qui
1434 700 1775 762 populus-modo

379 778 652 831 angustatur,
688 771 821 815 modo
847 772 1099 828 tribulatur,
1127 773 1255 817 tantis
1280 774 1617 830 tentationibus,
1644 775 1776 819 tantis

378 842 618 898 scandalis,
645 843 774 887 tantis
798 843 1165 900 insecutionibus,
1192 852 1312 889 tanta
1329 861 1543 905 pressura.
1573 836 1779 904 Haeoforz-

377 925 526 960 menta
546 915 679 959 animi
702 931 791 959 non
814 915 944 959 sentit
968 916 1012 959 in
1036 915 1226 961 Ecclesia
1254 916 1328 978 qui
1353 932 1442 961 non
1467 914 1783 978 proficitr’31'3‘ua⁸

378 996 442 1031 tat
459 987 575 1030 enim
603 986 706 1047 quia
732 1002 813 1046 pax
836 995 936 1031 est:
962 986 1037 1030 sed
1058 986 1239 1047 incipiat
1255 989 1497 1047 ploficere,
1520 997 1564 1033 et
1584 983 1700 1033 tun'c
1707 989 1777 1033 vi-

377 1057 539 1103 debit
530 1074 575 1101 1n
608 1073 694 1118 qua
723 1073 921 1118 plessura
950 1058 1039 1101 sit:
1066 1058 1168 1118 quia
1196 1073 1297 1102 cum
1319 1059 1521 1104 crevisset
1547 1057 1708 1116 helba,
1735 1069 1779 1105 et

378 1127 570 1174 fructum
603 1121 795 1184 fecisset,
831 1137 937 1174 tunc
963 1140 1261 1189 apparuerunt
1293 1140 1336 1175 et
1366 1131 1578 1176 zizania1.
1610 1133 1778 1193 Et²qui

379 1201 561 1261 apponit
583 1200 829 1255 scientiam,
854 1201 1036 1260 apponit
1059 1200 1255 1245 dolorem
1270 1205 1303 1244 2.
1330 1202 1533 1246 Proficiat
1552 1218 1571 1257 ,ε
1589 1211 1633 1246 et
1652 1201 1778 1247 vide-

380 1273 446 1317 bit
462 1273 538 1317 ubi
561 1273 638 1317 sit:
664 1273 820 1317 existat
842 1271 1026 1329 fructus,
1053 1283 1096 1317 et
1119 1274 1393 1333 apparebunt
1411 1274 1689 1319 zizania;Vox
1709 1290 1779 1319 ve-

378 1343 511 1389 ridica
530 1354 592 1388 est
609 1360 684 1404 per
700 1343 959 1404 Apostolum
971 1380 981 1399 ,
1004 1343 1141 1391 deleri
1158 1361 1247 1389 non
1263 1354 1406 1405 potest
1422 1345 1477 1389 ab
1497 1345 1622 1390 initio
1640 1362 1779 1407 usque

379 1414 434 1460 ad
456 1416 588 1459 finem
611 1435 618 1460 ε
656 1434 675 1456 «
694 1415 779 1460 Sed
802 1423 844 1458 et
867 1430 1017 1459 omnes
1040 1416 1115 1476 qui
1142 1415 1321 1470 volunt,
1347 1415 1490 1477 inquit
1506 1452 1517 1471 ,
1541 1417 1613 1476 pie
1633 1417 1779 1461 vivere

383 1505 403 1527 »
438 1486 485 1530 in
527 1485 722 1540 Christo,
763 1486 1111 1545 persecutionem
1148 1487 1390 1546 patiuntur.
1423 1486 1603 1545 Maligni
1632 1496 1780 1531 autem

383 1577 403 1599 ι)
438 1558 637 1602 homines
661 1568 703 1601 et
721 1556 971 1602 seductores
996 1556 1229 1617 proficiunt
1252 1558 1296 1601 in
1320 1559 1458 1618 pejus,
1484 1558 1565 1618 ipsi
1587 1567 1780 1603 errantes

382 1648 402 1670 ι)
439 1637 483 1672 et
509 1627 613 1672 alios
642 1628 685 1671 in
714 1643 906 1672 errorem
941 1629 1204 1673 mittentes3.
1226 1647 1245 1670 »
1282 1632 1339 1673 Et
1363 1627 1482 1673 unde
1509 1638 1612 1673 sunt
1645 1629 1777 1674 verba

378 1699 453 1745 illa
480 1699 638 1744 Psalmi
674 1719 682 1744 ;
722 1719 741 1741 «
770 1700 943 1744 Sustine
971 1701 1236 1755 Dominum,
1270 1700 1452 1744 viriliter
1473 1716 1574 1760 age,
1605 1711 1649 1746 et
1670 1717 1780 1746 con-

381 1792 401 1815 »
427 1772 616 1817 fortetur
640 1787 715 1816 cor
736 1781 886 1827 tuum,
914 1781 956 1815 et
974 1772 1137 1816 sustine
1156 1773 1393 1816 Dominum
1407 1773 1449 1817 ⁴?
1469 1791 1489 1813 ι)
1513 1777 1672 1817 Parum
1688 1783 1780 1819 erat

380 1842 536 1897 semel,
567 1843 773 1887 «Sustine
799 1843 1032 1887 Dominum
1048 1879 1058 1898 ,
1082 1862 1102 1884 »
1122 1843 1203 1887 nisi
1220 1852 1436 1903 repeteret
1457 1859 1538 1888 :ne
1559 1843 1674 1888 forte
1691 1860 1781 1888 sus-

381 1915 539 1959 tineret
561 1914 722 1969 biduo,
748 1912 893 1957 triduo
910 1949 920 1968 ,
948 1913 1209 1974 quatriduo,
1236 1923 1280 1959 et
1299 1923 1494 1959 maneret
1513 1931 1713 1974 pressura
1736 1925 1780 1960 et

377 1974 605 2031 tribulatio
639 2004 647 2029 :
683 1984 782 2029 ideo
805 1984 1001 2040 addidit,
1032 1983 1255 2029 «Viriliter
1273 2000 1350 2043 age
1378 2005 1387 2030 :
1416 2004 1436 2026 »
1464 1984 1654 2041 addidit,
1684 2006 1704 2028 α
1722 1989 1780 2032 Et

381 2077 401 2100 n
438 2055 712 2101 confortetur
754 2073 829 2100 cor
867 2066 1008 2101 tuum.
1038 2075 1059 2097 ι)
1092 2060 1149 2101 Et
1177 2057 1279 2118 quia
1317 2057 1373 2101 ab
1408 2058 1533 2103 initio
1563 2074 1701 2119 usque
1733 2058 1781 2102 in
1808 2075 1812 2086 1‘

380 2129 512 2172 finem
532 2129 590 2172 sic
613 2129 694 2172 erit
713 2148 720 2172 :
745 2128 867 2189 quod
882 2127 1014 2172 habet
1036 2128 1250 2172 sententia
1273 2128 1318 2171 in
1338 2128 1478 2188 capite
1497 2164 1507 2184 ,
1534 2128 1618 2173 hoc
1644 2129 1780 2174 habet

377 2202 422 2245 in
450 2200 537 2243 fine
554 2236 564 2255 ,
609 2202 696 2243 «Et
718 2199 882 2243 sustine
905 2200 1157 2244 Dominum.
1185 2220 1201 2241 »
1231 2202 1474 2244 Transeunt
1506 2200 1585 2244 ista
1607 2216 1707 2261 quae
1738 2209 1779 2245 te
1808 2240 1809 2243 ,

377 2281 607 2334 premunt,
634 2281 678 2315 et
693 2272 839 2316 veniet
861 2287 993 2332 quem
1017 2272 1200 2316 sustines
1215 2307 1226 2326 ,
1253 2282 1296 2316 et
1320 2281 1512 2331 exterget
1535 2271 1740 2317 sudorem
1766 2291 1775 2317 ε

378 2345 556 2390 siccabit
579 2343 817 2402 lacrymam
835 2380 845 2398 ,
870 2342 984 2387 ultra
1019 2359 1107 2387 non
1131 2344 1271 2387 flebis.
1304 2343 1439 2389 Modo
1460 2354 1605 2388 autern
1628 2359 1778 2403 gema-

378 2432 475 2460 mus
500 2416 544 2459 in
566 2414 922 2459 tribulationibus
939 2450 948 2469 ,
967 2414 1078 2458 sicut
1096 2413 1201 2458 dicit
1223 2415 1308 2459 Job
1336 2435 1344 2460 :
1375 2434 1394 2457 «
1415 2417 1571 2461 Nonne
1593 2415 1779 2459 tentatio
1814 2403 1816 2409 ,

383 2506 402 2528 ι)
440 2496 504 2530 est
525 2487 611 2529 vita
636 2487 828 2529 humana
848 2501 979 2545 super
1000 2488 1215 2530 terram5?

440 2560 517 2601 lx.
556 2559 739 2611 Tamen,
766 2556 918 2600 fratres
936 2592 946 2610 ,
983 2565 1217 2617 antequam
1239 2557 1386 2600 veniat
1407 2555 1498 2600 dies
1532 2555 1776 2601 dedicatio-

430 2650 437 2664 *
461 2643 793 2677 Mattl1.x11=,20.-
809 2650 820 2664 ⁷
840 2644 935 2674 flecti.
963 2655 983 2683 ι,
1008 2641 1115 2674 18.—-
1133 2641 1145 2664 3
1161 2652 1179 2674 ἱ),
1195 2644 1273 2674 Tim.
1299 2655 1345 2683 111,
1367 2652 1417 2683 1'2,
1442 2642 1490 2674 13.
1505 2659 1544 2665 -
1564 2641 1673 2674 wsat.
1692 2654 1776 2683 xxvi,

390 2701 438 2741 14.
469 2698 630 2729 —53J1'1b
658 2710 752 2736 rust.
