1833 3284
436 232 778 261 ANNOTATroNUM
811 236 856 261 ΙΝ
888 235 981 272 soa,
1020 235 1157 261 ΜΒΝ.
1442 225 1498 262 (39

110 301 298 346 animam
320 315 461 345 meam
478 301 532 344 de
551 310 689 344 morte
711 321 720 345 ε
751 320 768 341 «
791 301 891 361 quia
909 301 1052 344 adbuc
1071 301 1165 345 baec
1181 301 1331 346 mortis
1350 311 1495 353 restat⁸

115 391 134 414 «
160 374 217 416 Ut
243 371 385 416 anima
419 385 515 414 mea
549 371 594 414 in
624 370 788 414 lumine
816 370 1036 416 collaudet
1057 374 1203 416 eum1.
1233 392 1250 413 »
1276 374 1374 416 Jam
1397 388 1498 431 ergo

109 443 323 488 orationes
345 442 592 498 cessabunt,
612 443 715 502 quia
732 441 853 487 nulla
872 443 953 486 erit
967 443 1225 503 indigentia.

166 516 371 558 XXXIV.
400 531 417 553 «
449 512 732 573 Respondens
756 523 902 558 autem
923 514 1047 569 Eliu‚
1067 514 1190 558 dixit.
1220 534 1236 556 >›
1263 514 1497 569 Quomodo

108 584 269 629 dicitur
290 604 299 630 ε
329 603 346 625 «
374 588 432 629 Et
457 583 628 645 adjecit.
654 604 675 627 ‹<
702 588 759 629 Et
772 586 846 646 qui
864 585 1031 630 habetis
1054 586 1293 641 scientiam,
1320 586 1498 631 auribus

110 655 364 715 »percipite
399 675 407 700 :
445 676 462 697 »
495 655 774 714 spiritalibus.
819 675 838 698 «
869 657 979 709 Quia
1008 657 1121 701 auris
1149 672 1367 701 sermones
1398 673 1500 716 pro-

110 744 130 768 »
155 726 231 770 bat
251 746 258 771 :
286 747 302 767 »
324 727 403 771 ista
421 726 616 771 carnalis.
643 746 659 767 κ
679 727 793 780 Quid
818 736 881 771 est
905 728 1069 772 bonum
1089 764 1099 783 ‚
1126 729 1228 789 quia
1250 727 1357 772 dixit
1381 729 1465 773 Job
1486 747 1494 773 z

109 816 129 839 »
162 800 312 842 Justus
350 800 502 842 sum2?
525 819 541 839 »
569 797 687 851 Quid
718 798 823 843 boni
857 797 979 853 dixit,
1016 799 1117 859 quia
1152 798 1284 844 dixit:
1313 818 1329 839 «
1359 802 1417 844 Et
1452 799 1498 843 in

107 887 127 910 »
150 868 316 929 judicio
328 884 427 914 meo
443 871 654 914 mentitus
676 871 780 913 est3.
806 889 822 911 >›
846 869 958 914 Hinc
978 879 1056 925 est,
1078 888 1095 909 «
1115 873 1208 928 Ego
1230 871 1344 914 bona
1360 886 1496 930 praes-

108 957 129 980 »
168 939 406 984 tolabar4:
442 960 459 981 »
500 939 598 984 ideo
632 949 791 1000 praeter
826 955 968 1000 spem,
1009 939 1129 1000 quod
1165 949 1255 995 est,
1291 941 1498 984 mentitus

104 1019 181 1054 est.
224 1029 241 1051 «
274 1010 381 1063 Quis
413 1019 477 1054 est
508 1010 574 1053 vir
606 1020 657 1054 ut
685 1011 770 1055 Job
797 1013 814 1055 P
848 1032 864 1053 »
902 1010 1060 1055 Adhuc
1092 1012 1225 1056 verba
1259 1012 1343 1056 Job
1376 1022 1494 1057 sunt.

108 1100 124 1121 «
157 1081 274 1125 Dixit
300 1082 446 1126 enim:
487 1101 503 1122 «
542 1084 640 1127 Non
678 1082 924 1126 visitabitur
957 1082 1034 1142 qui
1075 1081 1366 1127 ambulaverit
1396 1100 1497 1129 cum

108 1172 125 1193 »
150 1155 281 1196 Deo-⁵.
324 1171 341 1193 »
376 1153 455 1197 Hic
488 1151 611 1196 illum
646 1162 774 1212 putat
800 1152 1051 1213 deceptum,
1079 1153 1182 1214 quia
1206 1153 1290 1198 hoc
1320 1170 1496 1213 sperans

102 1222 175 1266 illa
210 1224 357 1268 omnia
389 1223 541 1267 fecerit
568 1243 576 1267 z
603 1233 678 1267 aut
715 1232 854 1279 certe,
887 1223 1007 1284 quod
1032 1224 1076 1267 in
1105 1223 1273 1268 bonum
1298 1241 1387 1269 non
1410 1241 1497 1285 pu-

102 1302 165 1337 tat
197 1294 359 1338 visitari
387 1309 510 1349 eum,
540 1294 617 1354 qui
644 1294 932 1338 ambulaverit
960 1310 1060 1339 cum
1090 1295 1291 1339 Domino.
1329 1315 1346 1336 «
1370 1297 1497 1342 Absit

105 1384 123 1405 »
150 1381 173 1409 a
197 1365 384 1410 Domino
406 1365 631 1425 impietas6
658 1384 666 1409 :
700 1385 717 1407 »
744 1375 820 1409 aut
840 1375 890 1409 ut
912 1381 1002 1410 non
1024 1365 1167 1409 visitet
1190 1366 1236 1409 in
1258 1366 1397 1422 bono,
1419 1369 1496 1428 qui

100 1451 199 1480 cum
213 1451 264 1480 eo
287 1435 576 1480 ambulaverit
601 1456 609 1480 :
629 1445 705 1479 aut
726 1436 892 1480 etiamsi
913 1436 1149 1480 visitaverit
1172 1436 1218 1480 in
1234 1439 1493 1495 tentatione,
1520 1437 1522 1439 ’

99 1506 230 1567 impie
253 1517 296 1552 et
316 1508 474 1568 injuste
496 1516 610 1566 agat.
641 1526 658 1547 «
690 1507 854 1567 Impius
873 1517 936 1552 est
960 1509 1036 1568 qui
1059 1508 1164 1553 dicit
1184 1510 1273 1567 regi
1293 1529 1302 1554 2
1331 1511 1495 1570 Injuste

103 1596 123 1619 »
149 1579 282 1638 agis⁷.
313 1600 331 1620 »
357 1582 423 1623 Tu
451 1587 597 1622 autem
621 1594 712 1623 non
737 1578 868 1623 debes
896 1579 1008 1624 illud
1031 1579 1174 1624 dicere
1191 1616 1201 1636 ‚
1237 1581 1312 1641 qui
1339 1598 1428 1626 non
1453 1598 1497 1628 es

98 1649 271 1709 impius.
306 1652 448 1705 Bene,
478 1669 495 1690 «
523 1649 609 1703 Qui
629 1648 759 1707 dicit3
796 1670 813 1692 »
847 1666 963 1705 non,
995 1651 1080 1704 Qui
1102 1650 1282 1707 dixerit,
1318 1667 1373 1696 ne
1401 1653 1492 1712 jam

98 1722 227 1766 etiam
249 1721 307 1767 ob
330 1723 413 1767 hoc
443 1731 554 1766 esset
586 1742 594 1767 z
619 1723 842 1782 quomodo
858 1722 1038 1779 dicitur,
1061 1742 1077 1763 «
1102 1726 1313 1768 Factum⁸
1329 1734 1393 1769 est
1416 1726 1492 1785 qui

97 1793 181 1837 hoc
200 1791 316 1838 facit.
353 1812 369 1833 «
400 1792 681 1852 Impiissime,
701 1793 973 1854 principibus
1001 1815 1009 1839 :
1042 1815 1058 1836 »
1085 1804 1294 1856 tanquam
1317 1796 1493 1855 Angelis

97 1861 239 1908 dicat:
270 1882 287 1903 «
305 1863 395 1907 Nisi
410 1861 597 1907 Michael
624 1863 824 1923 princeps
857 1873 1019 1920 vester,
1054 1865 1303 1925 impiissime
1324 1861 1449 1926 agitis
1479 1887 1487 1911 :

96 1943 172 1977 aut
188 1969 198 1987 ‚
219 1934 262 1979 Si
284 1934 343 1978 ita
364 1933 612 1993 impiissime
630 1932 789 1977 dicitur
810 1934 1106 1994 principibus,
1140 1936 1318 1996 quando
1351 1938 1487 1996 magis

97 2004 214 2061 regi?
241 2023 258 2044 «
286 2004 422 2048 Abusi
444 2013 546 2048 sunt
567 2004 683 2047 enim
708 2003 855 2064 inique
880 2021 980 2049 cum
1004 2005 1341 2051 excluderentur
1363 2009 1488 2052 infir-

100 2094 118 2116 »
139 2076 244 2119 mi9.
271 2095 288 2116 »
314 2074 428 2120 Male
442 2075 507 2118 usi
527 2084 629 2119 sunt
649 2075 892 2120 exclusione
916 2092 1016 2132 sua,
1044 2093 1144 2121 cum
1162 2088 1341 2139 propter
1363 2079 1488 2124 infir-

94 2146 289 2190 mitatem
313 2144 649 2190 excluderentur
666 2146 720 2190 al)
742 2162 790 2191 ea
807 2146 994 2202 visione,
1015 2164 1102 2208 qua
1118 2148 1324 2193 videntur
1342 2151 1488 2196 omnia

94 2215 302 2260 divinitus
323 2215 638 2260 ordinatissime
660 2217 850 2261 ordinari
867 2226 910 2262 ct
932 2216 1237 2262 administrari.
1265 2222 1315 2263 In
1337 2235 1387 2264 eo
1410 2237 1489 2266 au-

98 2295 184 2330 tem
206 2285 317 2330 male
339 2286 404 2330 usi
426 2295 549 2342 sunt,
571 2286 673 2348 quia
695 2287 895 2347 spiritum
918 2304 1044 2332 suum
1069 2289 1192 2349 sequi
1214 2289 1483 2348 maluerunt,

96 2361 235 2402 Deum
262 2358 342 2402 ista
375 2373 465 2402 non
488 2374 639 2403 curare
666 2378 674 2403 :
701 2374 752 2402 ex
783 2360 866 2404 hoc
890 2360 1006 2403 enim
1041 2359 1124 2404 illis
1154 2361 1330 2417 veniet,
1362 2372 1412 2407 ut
1439 2363 1487 2408 in

95 2428 423 2473 necessitatibus
440 2429 525 2474 suis
543 2429 731 2474 clament
744 2440 787 2475 et
799 2440 953 2489 rogent
969 2432 1208 2488 hominem,
1225 2449 1327 2477 cum
1343 2437 1485 2478 Deum

142 2520 151 2535 ¹
176 2513 375 2555 Job.xxx111,
389 2522 445 2556 29,
466 2513 517 2546 30.
540 2531 583 2536 ——
603 2521 615 2537 ²
639 2514 683 2546 ld.
702 2525 816 2556 xxxiv,
841 2514 905 2547 1—5.
925 2532 967 2538 —
991 2513 1004 2538 3
1023 2516 1103 2548 lbid.
1121 2516 1154 2548 6.
1173 2533 1214 2539 —-
1237 2515 1253 2547 4
1267 2518 1312 2549 Id.
1334 2529 1410 2560 xxx,
1428 2518 1483 2552 26.

95 2586 137 2591 —
155 2566 171 2591 5
190 2569 236 2600 Id.
260 2580 370 2610 xxxiv,
393 2580 409 2612 7
433 2573 466 2602 et
485 2581 518 2611 9.
539 2587 580 2592 —
599 2567 614 2590 6
632 2570 713 2602 Ibid.
740 2581 788 2603 10.
805 2588 847 2593 —
863 2578 877 2603 7
896 2571 977 2603 Ibid.
1010 2572 1059 2604 18.
1082 2590 1121 2595 -
1142 2571 1157 2594 3
1173 2572 1420 2616 For-testitum.
1442 2590 1483 2597 -

98 2632 112 2656 9
127 2624 196 2656 301),
218 2636 334 2666 xxxiv,
354 2634 408 2658 20.
