1833 3284
387 203 468 238 388
811 210 842 235 s.
883 209 1112 236 Aeeus'imi
1148 211 1328 237 13¹¹15C01¹1

382 277 541 320 iterum
573 276 787 334 Propheta
810 276 888 318 ista
920 290 1122 328 cernens,
1150 284 1192 317 et
1213 275 1339 329 dicit,
1371 294 1390 315 «
1420 274 1595 333 Diligite
1624 276 1774 319 Domi-

385 364 405 387 »
433 361 538 389 num
577 361 728 389 omnes
760 345 896 389 saneti
927 346 1017 404 ejus
1045 364 1053 390 :
1085 345 1291 404 quoniam
1318 345 1544 389 veritatem
1584 347 1776 406 requiret

383 436 403 458 »
434 416 684 462 Dominus1.
707 417 895 469 Quando
917 416 950 460 si
967 417 1108 475 justus
1129 416 1196 459 vix
1218 415 1358 460 salvus
1383 416 1486 470 erit,
1512 426 1714 475 peccator
1731 425 1775 460 et

383 504 404 529 »
427 487 585 546 impius
608 487 685 530 ubi
705 486 981 546 pai-chunst?
1004 489 1060 530 Et
1078 486 1290 531 retribuet
1314 487 1378 531 his
1396 487 1473 547 qui
1496 486 1774 531 abundanter

382 576 403 599 >›
425 556 592 602 faciunt
608 557 874 617 superbiam.
904 576 923 597 »
944 559 1000 600 Et
1023 556 1235 601 retribuet
1252 556 1317 601 his
1340 556 1415 616 qui
1440 573 1519 601 nee
1541 557 1645 601 vieti
1667 572 1774 601 con-

380 637 640 684 vertuntur,
658 627 759 687 quia
777 626 968 671 multum
990 627 1264 687 superbiunt.

439 701 580 743 XXV.
605 717 624 740 «
651 697 842 742 Viriliter
865 697 997 756 agite,
1023 707 1065 741 et
1087 696 1360 742 eonfortetur
1382 713 1456 742 eor
1477 699 1700 742 vestrum³
1719 717 1728 743 z
1752 718 1771 739 »

380 770 551 815 bonum
567 770 658 813 sine
674 767 918 812 defectione
940 777 1168 827 operantes
1183 803 1193 822 ‚
1215 777 1265 812 ut
1283 777 1477 827 tempore
1489 761 1668 829 proprio
1685 784 1777 812 me-

385 841 496 886 tatis.
530 860 550 882 «
575 842 736 885 Omnes
758 840 833 901 qui
850 839 1028 899 speratis
1042 839 1088 883 in
1109 838 1297 884 Domino
1324 859 1333 884 ε
1358 857 1378 880 υ
1406 838 1451 883 id
1474 849 1559 896 est,
1585 840 1662 901 qui
1676 856 1777 884 eum

381 921 499 957 reete
525 911 681 956 timetis
702 910 772 956 vel
794 910 935 956 colitis
951 945 961 965 ‚
987 918 1154 970 sperate
1169 911 1214 955 in
1236 910 1440 956 Domino.

842 1207 1228 1255 ENARRATMJ
1269 1210 1308 1255 ll

708 1361 754 1398 IN
800 1359 1005 1398 EUMDEM
1051 1359 1288 1399 PSALMUM
1326 1359 1449 1397 XXX.

953 1491 1131 1528 SERMO
1161 1491 1217 1527 14.

836 1606 897 1647 De
919 1601 1133 1662 principio
1156 1600 1329 1646 Psalmi.

440 1743 474 1784 Ι.
504 1743 663 1784 PSALMi
691 1740 847 1799 hujus,
889 1753 1021 1798 quem
1053 1737 1184 1782 modo
1222 1738 1516 1792 cantavimus,
1558 1746 1770 1798 quantum

380 1826 609 1871 possumus
631 1818 792 1853 secreta
816 1808 1048 1863 rimemur,
1070 1818 1113 1852 et
1134 1806 1238 1851 inde
1254 1823 1498 1852 sermonem
1520 1807 1772 1867 exculptum

380 1880 612 1925 reddamus
635 1880 812 1924 auribus
842 1888 885 1922 et
910 1878 1131 1923 mentibus
1163 1878 1329 1922 vestris.
1368 1877 1538 1922 Titulus
1565 1879 1656 1938 ejus
1686 1887 1771 1933 est,

382 1954 470 1995 «In
494 1952 627 1994 finem
651 1949 845 1994 Psalmus
874 1948 955 2009 ipsi
978 1948 1114 1993 David
1149 1949 1340 1993 extasis5.
1371 1967 1390 1990 »
1419 1952 1470 1993 In
1508 1949 1638 1992 finem
1665 1949 1774 2010 quid
1821 1971 1824 1979 v

377 2023 431 2066 sit
449 2057 461 2077 ,
477 2021 679 2065 novimus
695 2056 705 2075 ‚
725 2020 757 2065 si
775 2020 997 2065 Christum
1012 2019 1226 2063 novimus.
1246 2019 1486 2063 Dieitenim
1508 2019 1742 2078 Apostolus
1761 2039 1769 2064 :

379 2113 400 2135 «
424 2092 542 2136 Finis
565 2093 681 2135 enim
706 2090 813 2150 legis
835 2090 1031 2136 Christus
1055 2089 1337 2150 adjustitiam
1360 2090 1478 2135 omni
1502 2090 1769 2135 credentiss.»
1826 2125 1830 2134 .

376 2167 408 2208 {F
415 2164 496 2207 inis
509 2179 598 2207 non
621 2177 903 2216 consumens,
928 2160 1003 2205 sed
1026 2162 1267 2220 perficiens.
1294 2161 1477 2205 Duobus
1499 2161 1614 2205 enim
1633 2161 1772 2206 modis
1827 2174 1829 2187 ·

377 2233 562 2279 dicimus
586 2234 717 2277 finem
740 2252 748 2277 ;
768 2231 838 2276 vel
862 2248 950 2292 quo
974 2233 1023 2275 fit
1040 2241 1090 2276 ut
1112 2248 1202 2276 non
1223 2231 1278 2276 sit
1297 2231 1417 2292 quod
1446 2242 1558 2288 erat,
1593 2231 1661 2276 vel
1684 2249 1772 2293 quo

425 2349 434 2365 ¹
457 2341 538 2374 l‘sat.
562 2351 637 2381 xxx,
657 2339 712 2382 ’34
737 2356 778 2361 -
799 2345 811 2361 2
836 2350 845 2370 1
877 2341 959 2370 Petr.
976 2350 1021 2379 iv,
1044 2338 1092 2370 18.
1110 2355 1152 2361 ·-
1173 2338 1185 2361 3
1202 2339 1282 2371 l‘sal.
1306 2351 1382 2381 xxx,
1398 2340 1453 2372 25.
1474 2358 1515 2362 —
1530 2339 1544 2370 -l
1565 2343 1674 2372 Sermo
1689 2351 1711 2381 1,
1730 2341 1771 2372 de

377 2397 534 2439 principio
552 2396 665 2427 Psalmi
683 2406 745 2427 xxx
771 2394 899 2426 habitus
913 2394 1007 2437 paulo
1027 2399 1099 2436 post
1116 2395 1254 2427 natalem
1277 2396 1501 2437 Apostolorum
1520 2396 1602 2427 diem
1626 2408 1663 2427 ex
1679 2406 1710 2427 n.
1737 2395 1768 2427 3.

375 2453 523 2484 Ostendit
540 2452 700 2495 quomodo
721 2462 760 2482 ex
785 2450 908 2483 christo
928 2455 961 2482 et.
980 2450 1122 2481 Ecclesia
1142 2461 1219 2481 imus
1240 2451 1380 2483 Christus
1406 2452 1534 2483 existat.
1553 2452 1673 2484 Laudat
1693 2463 1767 2492 gra-

376 2510 452 2542 tiam
480 2509 548 2541 Dei.
570 2508 777 2540 Tentationcs
803 2512 835 2540 et
863 2507 1070 2540 necessitates
1093 2505 1187 2547 hujus
1217 2506 1289 2539 vitae
1316 2513 1561 2540 commemorat.
1582 2524 1624 2531 -—·
1655 2505 1671 2530 ⁵
1687 2508 1766 2541 psat.

377 2578 451 2607 xxx,
475 2577 502 2598 1.
526 2582 567 2588 --
586 2563 601 2584 ‘3
620 2567 710 2596 Rom.
732 2575 765 2606 x,
781 2563 814 2607 4.
