1833 3284
267 286 510 316 ENAnnAno
542 289 575 315 11
607 289 652 316 m
684 287 887 317 PsALMUM
919 289 1056 330 xxxii,
1089 290 1214 320 san.
1252 294 1281 319 1.
1372 281 1457 320 475

71 352 276 397 inferiora
295 363 396 398 sunt
412 374 424 412 3
445 352 520 398 sed
542 355 645 414 quia
662 364 705 399 et
721 356 813 413 regi
835 364 878 399 et
892 350 1130 414 'gubernari
1146 373 1236 402 non
1257 367 1456 418 possunt,

69 423 151 467 nisi
172 424 229 468 ab
245 423 318 468 illa
342 424 583 484 Sapientia,
616 441 716 486 quae
738 426 911 484 attingit
933 442 957 470 a
978 428 1065 471 fine
1086 443 1226 488 usque
1248 429 1305 472 ad
1325 429 1459 474 finem

67 493 263 551 fortiter,
286 504 330 539 et
349 494 542 555 disponit
563 496 709 541 omnia
736 498 967 542 suaviter1.
987 500 1086 542 Non
1120 499 1237 542 enim
1267 499 1459 546 coelestia

67 565 198 624 regit,
223 574 268 610 et
286 575 457 611 terrena
473 566 632 611 deserit
656 576 756 612 :aut
770 583 860 612 non
879 567 943 612 illi
965 568 1148 614 dicitur:
1168 587 1188 610 «
1212 571 1309 622 Quo
1327 570 1458 616 abibo

70 653 93 677 n
119 652 144 681 a
165 635 320 696 spiritu
342 645 442 692 tuo,
463 646 507 682 et
526 653 549 682 a
566 636 688 697 {facie
709 647 785 682 tua
806 653 895 698 quo
925 636 1126 699 fugiam?
1151 639 1195 684 Si
1223 639 1458 685 ascendero

68 723 91 748 »
115 705 162 750 in
176 705 356 763 coelum,
377 716 426 752 tu
444 708 506 752 ibi
524 723 591 766 es,
615 708 651 753 si
669 707 933 753 descendero
945 709 990 752 in
1014 708 1260 765 infernum,
1278 709 1381 754 ades
1391 714 1454 755 2.»

68 776 154 822 Ubi
165 791 267 835 ergo
288 776 410 822 deest
431 778 508 838 qui
530 793 748 838 nusquam
771 794 861 823 non
882 781 976 823 est?
997 781 1114 838 Ergo
1135 780 1346 825 confitere
1367 784 1458 825 Do-

67 847 188 892 mino
209 848 255 891 in
269 847 452 897 cithara.
481 848 577 894 Sive
599 849 680 893 tibi
695 847 890 894 abundet
907 858 1128 894 terrenum
1149 849 1335 911 aliquid,
1361 866 1458 909 gra-

67 917 148 962 tias
170 932 246 977 age
267 917 331 962 illi
346 919 424 979 qui
445 918 595 976 dedit,
619 920 707 964 sive
727 919 809 964 tibi
826 919 958 976 desit,
976 919 1047 965 vel
1061 919 1175 965 forte
1193 920 1355 966 damno
1380 921 1459 965 tibi

66 986 291 1034 auferatur
306 1025 318 1045 ,
343 989 546 1034 cithariza
563 1005 756 1034 securus.
781 992 880 1035 Non
912 999 976 1034 est
998 991 1116 1034 enim
1137 990 1211 1035 ille
1232 992 1312 1035 tibi
1334 991 1458 1036 abla-

64 1067 136 1103 tus
157 1059 235 1120 qui
259 1058 406 1116 dedit,
430 1060 630 1120 quamvis
662 1059 744 1104 tibi
772 1059 968 1104 ablatum
1000 1059 1135 1106 fuerit
1167 1061 1288 1122 quod
1317 1061 1454 1106 dedit.

64 1129 209 1178 Etiam
231 1129 317 1185 sic,
341 1130 545 1191 inquam,
569 1130 774 1174 cithariza
791 1145 995 1189 securus,
1020 1140 1162 1176 certus
1180 1132 1226 1174 in
1243 1134 1333 1176 Deo
1350 1141 1429 1176 tuo
1443 1166 1455 1187 ,

64 1209 196 1260 tange
217 1200 401 1246 chordas
422 1201 469 1245 in
489 1200 621 1246 corde
636 1236 648 1256 ,
679 1210 722 1245 et
744 1200 814 1245 dic
833 1210 1043 1262 tanquam
1065 1202 1112 1246 in
1135 1202 1300 1247 cithara
1321 1202 1366 1246 in
1387 1202 1458 1246 in-

63 1270 221 1316 feriore
240 1281 364 1332 parte
385 1272 498 1316 bene
531 1281 739 1327 sonante,
769 1292 789 1314 «
821 1273 1033 1318 Dominus
1066 1272 1212 1329 dedit,
1246 1274 1458 1319 Dominus

66 1361 88 1385 »
114 1343 316 1400 abstulit,
333 1344 445 1388 sicut
457 1343 642 1388 Domine
660 1343 850 1403 placuit,
889 1344 948 1389 ita
980 1344 1148 1389 factum
1180 1353 1244 1389 est
1270 1364 1278 1390 :
1303 1346 1358 1389 sit
1374 1361 1458 1390 no-

0 1448 1 1465 ξ
66 1431 89 1456 »
108 1429 210 1459 men
221 1414 396 1459 Domini
423 1413 746 1458 benedictumss.
775 1432 796 1456 »
1452 1428 1455 1429 ⁷

0 1479 1 1550 J
124 1487 201 1530 VI.
221 1488 423 1530 Jamvero
449 1500 552 1530 cum
585 1484 772 1530 attendis
808 1485 1030 1546 superiora
1065 1485 1180 1530 dona
1222 1486 1323 1541 Dei,
1348 1487 1459 1547 quid

0 1586 1 1594 κ
63 1555 146 1601 tibi
162 1555 397 1600 contulerit
419 1565 740 1616 praeceptorum
755 1591 767 1611 ,
792 1572 879 1616 qua
901 1555 1098 1600 doctrina
1119 1555 1286 1601 coelesti
1308 1566 1351 1602 te
1372 1558 1459 1602 im-

0 1685 1 1693 *
63 1627 235 1683 buerit,
266 1626 375 1688 quid
396 1626 477 1671 tibi
499 1626 686 1688 desuper
713 1643 764 1671 ex
785 1627 902 1671 illius
922 1627 1115 1672 veritatis
1137 1626 1261 1671 fonte
1289 1644 1458 1687 praece-

63 1697 199 1758 perit,
240 1706 494 1742 convertere
529 1706 573 1741 et
602 1697 659 1742 ad
690 1696 943 1757 psalterium
961 1733 971 1752 ,
1006 1697 1145 1757 psalle
1188 1698 1376 1743 Domino
1412 1699 1459 1742 in

63 1766 267 1828 psalterio
290 1766 443 1811 decem
471 1767 752 1812 chordarum.
776 1771 997 1827 Praecepta
1016 1767 1133 1811 enim
1159 1767 1285 1826 Legis
1305 1767 1459 1811 decem

65 1838 190 1883 sunt⁴
218 1857 227 1883 2
254 1837 300 1882 in
326 1836 477 1882 decem
508 1839 734 1898 praeceptis
751 1839 876 1897 Legis
900 1838 1033 1882 habes
1056 1837 1326 1898 psalterium.
1355 1841 1460 1882 Per-

63 1907 179 1953 fecta
200 1923 266 1953 res
290 1917 368 1952 est.
401 1908 547 1953 Habes
570 1909 633 1952 ibi
652 1906 932 1953 dilectionem
965 1908 1043 1952 Dei
1063 1908 1109 1951 in
1135 1908 1300 1963 tribus,
1324 1917 1369 1952 et
1386 1909 1458 1952 di-

63 1978 299 2025 lectionem
332 1979 518 2040 proximi
540 1981 587 2024 in
618 1989 798 2040 septem.
820 1983 878 2024 Et
910 1980 1062 2040 utique
1100 1979 1242 2034 nosti,
1268 1980 1458 2025 Domino

64 2050 237 2096 dicente
253 2087 264 2107 ,
289 2070 310 2093 «
329 2052 442 2105 Quia
463 2052 509 2095 in
522 2051 589 2095 his
611 2051 783 2096 duobus
806 2051 1034 2111 praeceptis
1061 2059 1153 2095 tota
1185 2053 1275 2094 Lex
1294 2051 1458 2110 pendet

67 2139 89 2164 »
110 2131 154 2166 et
175 2122 600 2182 Prophetae5.»Dicit
618 2121 698 2166 tibi
721 2125 835 2166 Deus
857 2122 1060 2181 desuper,
1083 2140 1103 2163 «
1121 2120 1232 2174 Quia
1245 2121 1458 2166 Dominus

66 2211 88 2236 »
120 2196 234 2238 Deus
260 2201 362 2236 tuus
379 2228 389 2248 ,
421 2197 536 2238 Deus
557 2208 672 2237 unus
700 2202 765 2237 est
789 2212 797 2237 :
835 2211 854 2234 »
886 2192 1020 2236 habes
1062 2207 1196 2235 ‘unam
1225 2192 1452 2236 chordam.

69 2282 91 2306 «
113 2265 212 2309 Non
227 2263 415 2323 accipias
436 2264 482 2307 in
498 2279 661 2307 vanum
683 2279 845 2308 nomen
869 2262 1041 2307 Domini
1059 2263 1137 2307 Dei
1158 2262 1223 2306 tui
1248 2281 1256 2307 ε
1277 2281 1296 2304 »
1321 2262 1456 2306 habes

66 2333 246 2379 alteram
267 2333 493 2379 chordam.
524 2353 545 2377 «
568 2334 761 2379 Observa
792 2333 909 2378 diem
930 2333 1122 2388 sabbati,
1150 2351 1170 2374 »
1192 2348 1282 2377 non
1300 2348 1456 2377 carna-

64 2403 179 2460 liter,
196 2419 284 2449 non
292 2405 479 2466 judaicis
490 2404 667 2461 deliciis,
681 2406 757 2466 qui
771 2405 860 2450 otio
870 2404 1114 2448 abutuntur
1127 2404 1181 2448 ad
1195 2404 1452 2464 nequitiam.

64 2474 220 2522 Melius
242 2477 358 2521 enim
382 2476 536 2538 utique
558 2485 649 2521 tota
665 2477 734 2521 die
751 2476 974 2531 foderent,
1000 2490 1133 2536 quam
1160 2484 1252 2520 tota
1280 2475 1350 2519 die
1367 2475 1455 2519 sal-

112 2579 122 2594 ¹
148 2574 224 2614 Sap.
240 2583 311 2612 vin,
330 2583 356 2605 1.
376 2590 419 2596 -
439 2579 452 2597 ²
470 2572 550 2606 Psal.
565 2584 724 2616 cxxxvm,
743 2584 775 2616 7,
795 2576 826 2606 8.
847 2589 889 2596 —-
908 2570 922 2596 3
941 2572 1015 2605 Job.
1040 2584 1066 2612 1,
1081 2581 1135 2604 21.
1158 2589 1199 2595 —-
1213 2570 1231 2603 4
1256 2574 1350 2605 Deut.
1372 2582 1403 2612 v,
1418 2571 1452 2604 6.

68 2643 110 2651 --
124 2625 139 2650 ⁵
151 2627 265 2659 Matth.
285 2638 364 2667 xxix,
381 2626 436 2669 4ο.
