1833 3284
222 223 465 254 ENARRA'no
498 227 548 251 111
580 227 627 252 ΙΝ
658 223 862 252 PsALMUM
894 225 1037 264 xxxu,
1073 224 1200 254 SERM.
1237 228 1285 253 11.
1378 211 1462 251 495

74 289 350 336 saeculorum.
369 294 661 334 Fremuerunt
682 298 828 348 gentes
850 299 956 334 tunc
976 298 1123 349 aperte
1142 289 1406 334 fluctuantes
1423 297 1467 332 et

74 363 322 418 soevientes,
352 361 660 406 contabescant
690 377 808 406 nunc
838 371 1047 422 tanquam
1082 360 1262 406 inclusae
1290 369 1333 405 et
1358 376 1467 405 con-

76 442 264 492 gregatae
290 433 338 476 in
366 440 510 476 utrem
532 450 541 476 :
567 431 818 476 habuerunt
838 430 995 475 liberas
1019 430 1221 476 audacias
1236 467 1248 488 ‚
1272 430 1468 476 habeant

78 512 223 548 truces
254 513 298 548 61
318 518 482 548 amaras
503 503 800 561 cogitationes.
827 501 1014 556 Quando
1035 512 1218 562 possunt
1247 502 1469 546 destruere

78 574 200 636 quod
220 574 293 619 ille
309 574 539 634 cogitavit,
560 583 603 619 et
623 583 772 619 manet
795 574 842 618 in
863 576 1108 618 aeternum?

137 649 234 692 XV.
270 647 389 701 Quid
409 656 474 691 cst
494 656 640 692 autem
657 647 772 691 hoc?
789 648 955 691 «Beata
975 648 1118 704 gens1.
1143 665 1164 687 »
1185 645 1291 699 Quis
1311 653 1375 689 est
1395 644 1472 700 qui

78 735 170 765 non
190 720 275 764 hoc
297 719 447 764 audito
469 719 605 778 erigat
631 721 700 764 se?
730 723 893 764 Amant
920 719 1037 763 enim
1060 734 1210 763 omnes
1232 716 1473 762 beatitudi-

80 806 206 836 nem:
227 799 270 835 et
290 789 390 835 ideo
406 791 596 851 perversi
615 798 719 835 sunt
733 791 931 835 homines
949 790 1052 851 quia
1069 789 1172 834 mali
1189 788 1347 833 volunt
1364 802 1469 843 esse,

79 861 225 907 miseri
245 861 404 906 nolunt
429 881 437 906 :
459 872 503 907 et
523 877 624 906 cum
647 862 701 906 sit
718 861 895 906 malitiae
917 860 1146 906 individua
1168 876 1313 905 comes
1342 859 1474 903 mise-

81 932 159 988 ria,
178 932 246 976 isti
266 932 456 992 perversi
470 948 559 978 non
579 932 721 977 solum
743 932 848 976 mali
870 948 960 977 esse
979 931 1148 988 volunt,
1166 941 1209 976 et
1226 930 1370 975 miseri
1391 945 1475 974 no-

80 1003 181 1048 lunt
195 1039 206 1059 ,
226 1001 349 1064 quod
369 1003 463 1048 fieri
480 1020 570 1049 non
586 1013 750 1064 potest3
775 1003 850 1049 sed
866 1003 966 1048 ideo
988 1002 1144 1048 volunt
1160 1001 1265 1047 111311
1287 1016 1377 1046 6336
1391 1036 1401 1056 ,
1420 1015 1476 1044 116

82 1074 227 1118 miseri
245 1075 344 1118 sint.
362 1075 480 1128 Quid
500 1076 664 1120 6311106
685 1075 806 1136 quod
827 1075 929 1130 dixi‚
946 1074 1052 1119 Ideo
1073 1074 1230 1119 volunt
1247 1072 1350 1116 mali
1367 1087 1475 1125 esse„

84 1160 140 1189 ne
162 1145 305 1190 miseri
326 1145 737 1190 sintPConsiderate
755 1147 838 1190 hoc
855 1144 1088 1206 paululum
1112 1145 1158 1188 in
1180 1143 1384 1189 omnibus
1402 1142 1481 1186 ho-

82 1215 275 1260 minibus
297 1216 374 1277 qui
395 1215 510 1260 mala
531 1215 715 1272 faciunt,
732 1217 850 1261 beati
871 1232 1042 1277 semper
1062 1232 1152 1261 esse
1173 1214 1343 1260 volunt.
1367 1217 1399 1257 F
1405 1228 1480 1256 ur-

84 1296 182 1332 tum
202 1287 307 1333 facit
328 1307 337 1333 :
357 1289 515 1349 quaeris
537 1305 671 1349 quare
686 1291 704 1332 2)
726 1293 908 1349 Propter
930 1288 1113 1344 famem,
1133 1296 1314 1348 propter
1333 1300 1481 1330 neces-

85 1358 272 1404 sitatem.
308 1362 426 1419 Ergo
459 1376 515 1404 116
546 1361 675 1405 miser
707 1361 788 1417 sit,
814 1361 954 1406 malus
976 1370 1066 1419 est3
1097 1370 1140 1404 et
1160 1359 1258 1404 ideo
1286 1357 1482 1402 miserior

87 1439 176 1486 est,
207 1431 311 1492 quia
342 1429 484 1475 malus
516 1440 595 1476 est.
622 1430 902 1492 Depellendae
924 1447 1027 1491 ergo
1049 1431 1232 1475 miseriae
1253 1444 1380 1474 causa
1398 1464 1408 1482 ,
1431 1429 1484 1472 *et

87 1501 365 1562 acquirendae
400 1502 683 1547 beatitudinis
720 1519 847 1547 causa
860 1538 870 1558 ‚
907 1501 1073 1547 faciunt
1105 1517 1256 1546 omnes
1283 1499 1484 1544 homines

86 1571 306 1633 quidquid
333 1571 404 1617 vel
436 1572 543 1617 boni
577 1571 745 1618 faciunt
775 1573 846 1618 vel
879 1573 1014 1617 mali:
1051 1588 1220 1632 semper
1241 1587 1345 1630 ergo
1367 1567 1486 1614 beati

87 1658 178 1687 esse
195 1642 368 1688 volunt.
392 1643 488 1688 Sive
506 1642 618 1688 male
650 1644 865 1700 viventes,
892 1644 980 1689 sive
1003 1643 1116 1687 bene
1138 1643 1349 1697 viventes,
1369 1639 1485 1684 beati

89 1728 180 1758 esse
199 1712 374 1758 volunt:
392 1723 436 1758 61
447 1729 538 1758 non
550 1714 767 1774 contingit
781 1714 986 1759 omnibus
1004 1713 1126 1775 quod
1140 1728 1289 1758 omnes
1302 1726 1392 1756 esse
1404 1725 1485 1755 vo-

87 1783 189 1830 lunt
205 1820 216 1841 ‚
241 1800 334 1830 non
356 1794 502 1830 autem
525 1796 655 1830 erunt
676 1786 758 1830 nisi
776 1785 839 1830 illi
862 1787 937 1847 qui
949 1786 1055 1846 justi
1070 1801 1160 1829 esse
1180 1783 1415 1830 voluerint.
1430 1784 1488 1825 Et

91 1871 190 1900 ecce
216 1856 361 1900 nescio
391 1857 489 1917 quis
521 1866 572 1901 ut
603 1856 717 1900 male
738 1855 869 1900 faciat
891 1857 1043 1901 beatus
1064 1856 1161 1901 vult
1182 1871 1286 1899 esse.
1327 1851 1487 1898 Unde?

26 1936 27 1939 ’
91 1928 157 1971 Ex
176 1928 362 1986 pecunia
377 1963 389 1983 ,
414 1944 466 1971 ex
487 1937 669 1986 argento
691 1936 735 1971 et
756 1943 862 1972 auro
878 1963 888 1983 ,
910 1943 962 1971 ex
985 1927 1158 1987 praediis
1174 1962 1185 1982 ⁷
1207 1924 1357 1970 fundis
1371 1959 1383 1980 ,
1404 1922 1487 1967 do-

91 1997 261 2054 mibus⁷
285 1998 511 2058 mancipiis
526 2034 537 2053 ‚
563 2014 724 2059 pompa
746 1998 919 2054 saeculi,
945 1999 1113 2042 honore
1137 1996 1327 2042 volatico
1349 2003 1392 2039 ct
1412 2009 1490 2053 pe—

92 2068 248 2113 rituro.
280 2069 496 2113 Habendo
525 2069 691 2130 aliquid
719 2069 877 2114 volunt
903 2069 1021 2113 beati
1050 2084 1171 2113 esse:
1207 2082 1355 2128 quaere
1386 2080 1490 2124 ergo

94 2139 205 2201 quid
218 2140 401 2198 habeas,
427 2150 478 2185 ut
501 2142 653 2186 beatus
675 2142 745 2186 sis.
772 2144 886 2187 Cum
909 2142 1026 2186 enim
1044 2141 1197 2185 beatus
1214 2138 1370 2194 fueris,
1395 2152 1489 2181 me-

95 2209 180 2256 lior
199 2211 354 2272 utique
375 2215 473 2269 eris,
494 2229 625 2274 quam
649 2229 750 2258 cum
772 2214 902 2257 miser
924 2229 982 2257 es,
998 2213 1113 2256 Fieri
1135 2221 1282 2257 autem
1302 2225 1394 2254 non
1415 2224 1492 2269 po-

96 2291 202 2339 test,
227 2292 279 2328 ut
297 2299 363 2328 res
383 2285 573 2330 deterior
587 2295 630 2330 te
647 2285 777 2330 faciat
792 2284 1033 2330 meliorem.
1056 2287 1200 2329 Homo
1218 2298 1278 2338 es,
1301 2281 1491 2327 deterius

97 2361 143 2398 te
164 2363 228 2398 est
243 2353 464 2415 quidquid
480 2356 624 2416 cupis,
646 2372 736 2417 quo
754 2356 906 2400 beatus
928 2370 1018 2399 esse
1041 2353 1273 2399 desideras.
1295 2356 1488 2407 Aurum,

100 2424 329 2488 argentum
349 2461 360 2481 ,
381 2426 593 2486 quaelibet
613 2442 795 2488 corpora
812 2462 823 2483 ‚
847 2427 1008 2487 quibus
1037 2426 1176 2470 inbias
1200 2423 1491 2485 acquirendis,

100 2496 374 2556 possidendis
390 2532 401 2554 ,
427 2498 625 2544 fruendis
642 2535 653 2555 ,
677 2498 882 2544 inferiora
903 2507 1007 2544 sunt
1024 2507 1081 2543 te.
1105 2500 1171 2542 Tu
1191 2496 1345 2542 melior
1363 2511 1423 2551 es⁷
1444 2503 1494 2539 tu

153 2590 162 2606 ¹
183 2585 261 2618 Psal.
279 2597 379 2629 xxxii,
401 2596 453 2620 12.
