1833 3284
190 244 432 273 ENARRATIO
465 247 497 272 11
529 247 575 272 nv
609 244 812 273 PsALML‘M
845 247 1015 283 xxxin,
1051 245 1176 272 seuit.
1213 248 1260 272 11.
1343 235 1421 272 531

40 311 148 357 facit
168 320 208 355 te
230 309 435 356 accedere
457 309 511 354 ad
537 313 675 356 Deum
698 331 706 356 :
731 327 819 356 non
846 312 964 356 vides
983 313 1083 372 quia
1100 327 1276 372 poenam
1295 321 1431 370 gestas

41 381 86 426 in
109 381 263 434 vultu,
300 381 403 442 quia
429 380 528 425 ideo
561 381 736 425 erubuit
766 381 912 425 vultus
945 391 1070 436 tuus,
1106 383 1314 443 quoniam
1341 394 1431 426 non

42 452 218 496 accessit
239 451 294 496 ad
313 454 452 496 Deum
472 472 482 509 3
506 451 605 496 ideo
628 468 717 496 non
739 453 936 507 accessit,
958 453 1057 512 quia
1076 468 1164 496 non
1186 451 1282 497 vult
1304 469 1430 512 agere

41 521 376 583 poenitentiam?
400 522 519 567 Sicut
537 531 765 566 attestatur
790 523 1006 582 Propheta
1028 541 1035 566 :
1063 542 1081 564 «
1101 526 1185 567 Iste
1206 524 1330 583 inops
1348 523 1432 567 cla-

43 611 65 636 »
100 593 248 648 mavit,
274 603 317 637 et
340 593 548 638 Dominus
567 593 783 638 exaudivit
799 596 935 637 eum1.
955 613 974 635 »
994 597 1129 638 Docet
1150 604 1192 638 te
1207 594 1429 655 quomodo

43 664 300 709 exaudiaris.
335 663 440 708 Ideo
476 681 565 709 non
594 665 832 720 exaudiris,
862 665 963 725 quia
993 664 1110 709 dives
1141 680 1198 709 es.
1228 668 1292 710 Ne
1321 665 1434 709 forte

44 736 285 791 clamabas,
320 745 363 780 et
386 752 475 780 non
498 737 792 780 exaudiebaris
807 773 817 788 ,
850 736 951 780 audi
975 752 1123 797 quare.
1156 755 1176 779 «
1202 740 1288 781 Iste
1310 738 1434 797 inops

48 826 68 851 »
103 808 328 863 clamavit,
354 817 397 852 ct
414 810 625 852 Dominus
648 808 867 852 exaudivit
884 824 1000 852 eum.
1025 827 1045 848 ³>
1068 811 1198 868 Inops
1216 808 1370 864 clama,
1392 819 1435 854 ct

44 879 220 924 exaudit
251 880 472 923 Dominus.
509 882 565 923 Et
593 879 815 939 quomodo
846 879 1047 923 clamabo
1082 880 1238 938 inops?
1269 882 1325 923 Ut
1355 880 1434 924 etsi

44 950 178 995 habes
212 948 400 1010 aliquid,
442 964 530 993 non
563 949 667 993 inde
697 965 932 1009 praesumas
965 948 1020 993 de
1050 950 1213 993 viribus
1236 950 1318 993 tuis
1345 970 1353 994 2
1387 959 1437 994 ut

45 1020 261 1079 intelligas
282 1030 320 1064 te
344 1021 612 1078 indigentem
633 1056 643 1075 ⁷
672 1031 722 1064 ut
744 1020 959 1079 intelligas
985 1030 1023 1063 te
1044 1021 1195 1064 tandiu
1220 1037 1309 1065 esse
1330 1037 1439 1080 pau-

46 1106 222 1153 perem,
259 1091 456 1152 quandiu
493 1107 581 1135 non
609 1092 741 1136 habes
772 1090 897 1135 illum
927 1092 1002 1151 qui
1030 1091 1134 1136 facit
1166 1101 1205 1135 te
1239 1092 1434 1137 divitem.

48 1161 280 1217 Quomodo
298 1172 442 1206 autem
467 1163 678 1206 Dominus
705 1163 924 1206 exaudivit
946 1165 1076 1206 cum?
1099 1182 1117 1204 «
1143 1165 1200 1206 Et
1222 1179 1272 1206 ex
1294 1164 1438 1206 omni-

51 1251 72 1275 »
109 1234 216 1288 bus,
243 1233 411 1293 inquit,
437 1231 795 1276 tribulationibus
817 1233 908 1292 ejus
926 1232 1093 1276 salvum
1114 1232 1217 1277 fecit
1239 1249 1355 1277 eum.
1384 1236 1442 1279 Et

49 1303 274 1366 quomodo
295 1303 433 1348 salvos
459 1302 561 1347 f'acit
582 1303 636 1347 ub
660 1305 863 1348 omnibus
887 1304 1274 1348 tribulationibus?
1300 1325 1320 1347 <i
1350 1308 1440 1349 Im-

53 1394 75 1418 »
110 1377 253 1420 mittet
277 1378 470 1434 Angelus
498 1374 672 1418 Domini.
696 1375 741 1417 in
771 1375 958 1418 circuitu
978 1375 1228 1419 timentium
1246 1391 1343 1418 eum
1364 1412 1374 1431 ,
1401 1385 1444 1431 et

54 1466 75 1490 »
110 1457 233 1491 eruet
253 1450 366 1490 eos‘2.
391 1446 459 1491 Sic
476 1446 683 1505 scriptum
703 1455 789 1500 est,
811 1444 986 1502 fratres,
1012 1461 1100 1489 non
1118 1447 1341 1505 quomodo
1364 1448 1444 1491 ha-

51 1518 160 1563 bent
182 1517 318 1578 aliqui
335 1515 532 1560 mendosi
549 1515 718 1560 codices
742 1535 750 1560 :
780 1535 799 1557 «
825 1516 1037 1560 Immittet
1059 1516 1276 1575 Angelum
1301 1519 1448 1563 Domi-

55 1607 78 1631 »
112 1605 194 1633 nus
209 1589 254 1632 in
277 1588 462 1633 circuitu
483 1587 730 1631 timentium
748 1602 847 1631 cum
862 1623 873 1641 ,
894 1597 936 1631 et
955 1597 1078 1631 eruet
1101 1604 1197 1633 cos:
1220 1608 1238 1629 n
1257 1589 1334 1634 sed
1355 1591 1415 1636 sic
1435 1611 1443 1637 :

58 1678 78 1703 (t
112 1660 325 1705 Immittet
345 1658 536 1717 Angelus
561 1658 733 1703 Domini
762 1659 806 1702 in
829 1658 1014 1702 circuitu
1044 1659 1294 1704 timentium
1317 1677 1417 1705 eum
1432 1699 1443 1718 ,

57 1750 78 1773 »
114 1740 158 1775 et
189 1739 312 1775 eruet
340 1745 427 1774 eos.
457 1747 477 1770 »
503 1731 644 1782 Quem
672 1729 742 1772 hic
765 1728 870 1772 dixit
897 1728 1117 1788 Angelum
1141 1732 1341 1788 Domini,
1368 1732 1448 1793 qui

55 1802 263 1846 immittet
289 1801 336 1845 in
362 1799 549 1845 circuitu
573 1799 821 1843 timentium
850 1814 951 1843 eum
966 1835 977 1855 ,
1011 1809 1055 1843 et
1076 1810 1199 1845 eruet
1221 1805 1324 1846 eos?
1352 1806 1450 1863 Ipse

55 1873 267 1919 Dominus
279 1881 426 1917 noster
433 1874 458 1915 J
462 1885 556 1915 esus
564 1870 761 1915 Christus
776 1871 822 1913 in
838 1871 1060 1930 prophetia
1072 1872 1214 1917 dictus
1222 1883 1286 1917 est
1299 1875 1446 1932 magni

58 1942 226 1989 consilii
235 1940 442 2001 Angelus,
456 1941 602 1998 magni
618 1939 786 1984 consilii
805 1940 985 1984 nuntius
1002 1957 1013 1985 .·
1030 1942 1089 1986 sic
1107 1941 1231 1986 illum
1246 1943 1450 1989 dixerunt

59 2015 331 2075 Prophetae3.
354 2016 452 2073 Ipse
468 2027 571 2071 ergo
584 2012 731 2070 magni
753 2011 923 2056 consilii
941 2013 1153 2070 Angelus,
1174 2013 1220 2059 id
1237 2025 1316 2072 est,
1333 2032 1452 2060 nun-

59 2088 161 2143 tius,
174 2085 435 2130 immittetin
445 2099 517 2128 eos
531 2084 606 2144 qui
618 2083 774 2128 timent
787 2084 1041 2140 Dominum,
1060 2094 1103 2129 et
1114 2096 1236 2130 eruet
1249 2102 1336 2132 eos.
1348 2088 1451 2134 Noli

61 2173 164 2218 ergo
194 2157 344 2201 timere
373 2170 430 2199 ne
451 2153 585 2199 lateas
619 2173 627 2199 :
665 2154 936 2215 ubicumque
963 2156 1202 2200 Dominum
1223 2158 1446 2215 timueris,

62 2229 185 2277 novit
200 2238 243 2273 te
262 2227 335 2272 ille
345 2224 555 2285 Angelus,
570 2225 647 2286 qui
669 2225 876 2270 immittet
896 2226 942 2269 in
964 2226 1165 2283 circuitu,
1192 2237 1234 2273 et
1250 2239 1374 2274 eruet
1391 2239 1450 2274 te.

122 2303 224 2347 XII.
249 2303 410 2360 Aperte
431 2296 563 2342 modo
582 2297 637 2341 de
657 2297 751 2357 ipso
772 2307 1041 2342 sacramento
1061 2299 1158 2343 vult
1179 2298 1340 2356 dicere,
1365 2317 1454 2361 quo

65 2371 290 2418 ferebatur
308 2372 354 2414 in
375 2368 578 2413 manibus
605 2368 704 2412 su-iS.
731 2387 750 2409 ε(
771 2369 972 2425 Gustate,
998 2377 1042 2414 et
1073 2370 1217 2414 videte
1245 2371 1456 2431 quoniam

69 2461 92 2486 υ
127 2441 274 2487 suavis·
296 2449 360 2485 est
385 2437 597 2484 Dominus
611 2439 642 2482 ⁴.
673 2455 695 2480 ³>
725 2441 881 2484 Nonne
912 2440 1049 2499 aperit
1081 2455 1125 2484 se
1162 2439 1379 2497 Psalmus,
1412 2453 1457 2489 et

69 2510 259 2560 ostendit
273 2510 356 2556 tibi
376 2508 496 2554 illam
512 2509 636 2570 quasi
657 2509 866 2553 insaniam
889 2519 932 2553 et
953 2508 1146 2554 furorem
1166 2521 1455 2572 constantem,

118 2606 129 2624 ¹
149 2597 231 2632 Psal.
250 2608 360 2639 xxxin,
379 2607 410 2639 7.
426 2613 469 2619 —
484 2602 498 2619 ²
517 2595 599 2629 ibid.
619 2596 654 2628 8.
670 2594 818 2629 ——31sat.
833 2607 877 2638 ix,
888 2596 924 2638 6,
940 2596 1032 2638 juxta
1046 2608 1117 2630 Lxx.
1131 2614 1173 2621 —
1185 2596 1202 2628 4
1213 2599 1291 2630 Psal.
1304 2611 1456 2644 xxx111,9.

1257 2652 1322 2691 34.
