1833 3284
0 486 5 550 l

0 551 3 633 l

0 634 3 720 l

377 278 620 308 munnio
652 282 699 309 IN
729 282 932 309 PSALMUM
964 283 1092 310 xxm.
1342 267 1438 309 309.

41 344 217 389 animali
237 345 326 390 vita
348 343 404 390 ad
425 345 662 406 spiritalem
691 357 929 392 crescentes
951 349 1041 408 ipsa
1059 362 1129 391 me
1152 362 1242 392 non
1265 346 1430 392 afflixe-

40 425 171 475 runt3
193 417 328 476 magis
350 415 571 462 consolata
591 427 692 462 sunt
713 437 722 464 :
748 419 849 480 quia
871 434 1040 463 memor
1061 434 1104 463 es
1125 418 1227 462 mei.

97 490 151 531 V.
187 506 206 529 «
231 488 396 533 Pau-asti
417 488 463 532 in
484 498 721 549 conspectu
748 505 846 535 meo
874 504 1089 545 mensam,
1123 488 1326 533 adversus
1358 504 1432 533 eos

42 576 62 600 »
97 558 172 619 qui
196 558 410 604 tribulant
431 561 543 604 me1.
572 579 591 601 »
618 564 719 605 Post
736 560 904 620 virgam
928 569 1090 615 autem,
1116 576 1202 620 qua
1222 559 1431 620 parvulus

38 638 83 674 et
109 629 305 675 animalis
326 631 371 674 in
390 645 515 690 grege
533 632 701 691 pascuis
725 630 971 687 erudiebar,
997 640 1096 691 post
1117 629 1236 674 illam
1262 630 1430 689 virgam

38 716 138 745 cum
158 715 247 745 esse
264 701 380 761 coepi
400 701 482 746 sub
502 702 676 757 baculo,
694 702 853 762 parasti
875 703 921 746 in
938 710 1176 762 conspectu
1191 716 1290 746 meo
1312 716 1431 745 men-

37 787 151 827 sam,
176 782 227 817 ut
249 788 339 818 non
366 774 457 834 jam
489 773 601 818 lacte
631 773 720 818 alar
740 773 990 834 parvulus²‚
1016 773 1092 818 sed
1121 774 1258 834 major
1279 773 1430 818 cibum

36 858 220 898 sumam,
242 843 438 888 firmatus
460 843 665 889 adversus
688 860 759 889 eos
778 845 854 905 qui
877 843 1089 889 tribulant
1108 860 1193 889 me.
1218 864 1238 887 «
1260 845 1430 904 Impin-

38 932 59 955 »
94 915 233 973 guasti
253 915 299 959 in
321 914 418 960 oleo
445 924 576 976 caput
601 930 763 960 meum.
778 915 1058 960 »Laetificasti
1080 915 1229 959 laetitia
1248 915 1428 974 spiritali

34 994 226 1030 mentem
243 1001 401 1031 meam.
428 1006 449 1029 (ι
474 989 537 1032 Et·
549 986 757 1047 poculum
780 996 905 1031 tuum
928 986 1149 1030 inebrians
1169 1001 1302 1047 quam
1320 1002 1430 1046 prae-

37 1073 59 1098 »
93 1055 260 1101 clarum
285 1058 373 1102 est³
393 1057 402 1101 l
434 1078 451 1100 »
475 1061 532 1103 Et
553 1057 764 1118 poculum
784 1066 910 1102 tuum
933 1056 1199 1102 oblivionem
1220 1066 1429 1117 praestans

33 1127 229 1188 priorum
250 1144 461 1182 vanarum
485 1129 987 1190 delectationum-quam
1011 1127 1270 1189 praeclarum
1299 1129 1388 1173 est!

92 1200 169 1243 VI.
211 1217 231 1241 «
266 1201 323 1244 Et
358 1199 650 1245 misericordia
682 1209 758 1244 tua
791 1199 1084 1260 subsequetur
1117 1215 1189 1243 me
1221 1198 1427 1243 omnibus

35 1287 57 1311 ι)
91 1269 244 1314 diebus
263 1269 364 1315 vitae
387 1271 521 1314 meae⁴
545 1290 554 1317 :
583 1289 603 1313 »
623 1269 670 1315 id
691 1280 777 1326 est,
795 1269 994 1332 quandiu
1012 1270 1113 1316 vivo
1137 1270 1182 1314 in
1204 1271 1286 1315 hac
1303 1285 1425 1315 mor-

33 1339 108 1384 tali
129 1340 240 1396 vita‚
261 1356 352 1385 non
374 1350 466 1397 tua,
489 1340 565 1386 sed
587 1356 697 1386 mea.
729 1360 749 1383 «
770 1344 828 1386 Ut
848 1341 1090 1386 inhabitem
1114 1341 1158 1385 in
1182 1341 1313 1386 domo
1335 1344 1426 1385 Do-

35 1429 55 1453 »
90 1411 257 1456 miniin
273 1411 598 1472 longitudinem
615 1412 800 1458 dierum.
821 1431 841 1454 »
863 1413 1162 1474 Subsequetur
1184 1421 1329 1457 autem
1353 1428 1424 1456 me

31 1497 122 1527 non
141 1483 212 1528 hic
229 1492 399 1528 tantum
415 1519 427 1539 ,
446 1482 522 1529 sed
539 1484 669 1530 etiam
691 1493 741 1530 ut
762 1484 1004 1530 inhabitem
1025 1484 1071 1530 in
1095 1482 1226 1530 domo
1248 1483 1424 1529 Domini

31 1553 78 1598 in
99 1563 329 1599 aeternum.
981 1545 991 1554 ’

31 1710 883 1729 ΜὶΜΜδννῦῑνὶΜΜΜΜὶΜἋΜἋΜ
887 1710 1167 1728 mmm
1172 1711 1422 1729 mmmm

536 1833 922 1884 ENARRATIO

412 1970 474 2009 IN
522 1970 824 2012 PSALMUM
863 1971 1046 2011 XXIII.

295 2101 491 2146 Psalmus
508 2101 589 2162 ipsi
610 2099 768 2158 David,
793 2101 933 2162 prima
955 2100 1164 2146 sabbati⁵.

91 2241 126 2282 Ι.
154 2241 350 2284 PsALMth
368 2239 451 2299 ipsi
468 2237 622 2295 David,
639 2238 693 2283 de
715 2238 1025 2284 clarificatione
1047 2248 1091 2283 et
1108 2238 1427 2283 resurrectione

33 2310 228 2367 Domini,
251 2326 351 2371 quae
378 2311 596 2356 matutino
623 2311 777 2373 primae
801 2310 970 2355 sabbati
998 2308 1110 2354 facta
1133 2319 1219 2365 est,
1242 2309 1321 2370 qui
1337 2309 1428 2369 jam

33 2381 124 2426 dies
144 2380 387 2425 dominicus
405 2381 581 2425 dicitur.

91 2455 150 2497 Π.
179 2472 199 2495 α
218 2453 393 2497 Domini
414 2461 478 2498 est
499 2462 613 2497 terra
631 2462 674 2498 et
691 2452 922 2514 plenitudo
944 2453 1052 2513 ejus,
1078 2452 1195 2497 orbis
1213 2461 1427 2495 terrarum

80 2555 88 2572 ³
123 2548 205 2581 Psnl.
225 2560 307 2588 xxii,
333 2549 365 2581 5.
387 2566 427 2572 --
448 2556 461 2572 ²
485 2560 495 2580 ι
518 2551 591 2581 Cor.
618 2561 662 2591 ιιι,
692 2560 723 2581 9..
754 2567 793 2573 —-
816 2548 828 2570 ἢ
848 2549 924 2584 P-al.
948 2560 1033 2586 xm,
1066 2549 1097 2580 5.
1119 2566 1160 2571 —-
1182 2547 1197 2577 4
1219 2548 1298 2581 ibid.
1320 2549 1352 2580 (ἰ.
1376 2564 1416 2570 --

34 2602 49 2625 ⁵
67 2604 147 2636 Psat.
169 2615 258 2646 xxm,
277 2615 305 2636 r.
