1833 3284
0 67 4 120 ¹.

0 123 5 148 Ξ

0 158 5 182 3

0 187 5 217 4

0 218 5 252 ff

0 254 4 289 1

379 266 621 296 ENARRATIO
655 269 687 295 11
720 269 765 295 nv
797 266 1000 296 PsALMUM
1033 269 1137 295 xxv.
1351 256 1435 309 327

51 335 142 396 pati
168 334 368 395 injuriam
394 333 450 378 ad
470 343 641 394 tempus
659 343 925 379 sacramenta
951 349 1042 378 sua.
1079 332 1163 379 Sed
1186 333 1404 395 numquid
1420 370 1431 390 ,

50 406 202 452 fratres
223 405 309 450 mei
325 403 580 466 ,quomodo
597 414 699 450 sunt
714 405 896 465 parietes
917 405 1007 460 isti,
1027 405 1088 449 sic
1103 405 1184 449 erit
1195 404 1435 449 Jerusalem

51 476 267 523 coelestis?
288 478 386 521 Non
407 475 631 536 quomodo
649 476 848 536 reciperis
865 490 967 520 cum
983 475 1106 530 malis
1127 475 1240 519 intra
1254 476 1437 535 parietes

49 548 152 593 istos
173 546 401 602 Ecclesiae,
422 548 482 592 ita
503 547 719 607 recipieris
736 562 836 592 eum
858 546 981 591 malis
1002 546 1048 590 in
1065 547 1208 590 sinum
1228 547 1431 591 Abrahae.

48 621 148 666 Non
169 633 269 677 ergo
290 617 457 673 timeaS,
472 616 570 662 lava
592 633 760 663 manus.
791 636 809 659 c<
830 620 886 662 Et
901 616 1182 662 circumdabo
1201 617 1334 661 altare
1347 621 1436 662 Do-

54 708 73 732 »
106 689 213 734 mini
231 708 240 735 :
261 709 279 732 »
302 688 378 733 ubi
395 688 525 734 offers
547 698 647 734 vota
668 689 854 734 Domino
870 724 882 744 ,
904 689 982 733 ubi
998 704 1147 749 preces
1165 687 1312 733 fundis
1326 724 1337 744 ,
1357 689 1438 733 ubi

48 761 312 807 conscientia
333 770 407 806 tua
429 776 540 821 pura
567 770 652 816 est,
676 761 755 805 ubi
781 760 887 806 dicis
908 764 999 806 Deo
1022 761 1099 822 qui
1121 760 1175 805 sis
1201 780 1210 805 :
1235 770 1278 805 et
1299 762 1332 805 si
1353 760 1434 805 ali-

47 832 156 894 quid
176 842 241 878 est
269 835 315 878 in
347 842 390 877 te
416 832 532 877 forte
563 832 685 894 quod
712 832 938 893 displiceat
962 835 1076 889 Deo,
1106 842 1232 877 curat
1262 832 1336 877 ille
1365 833 1436 877 cui

22 925 24 927 ·
47 903 281 949 confiteris.
306 906 423 948 Lava
442 918 545 961 ergo
574 904 620 948 in
640 903 947 948 innocentibus
963 918 1119 969 marius
1139 912 1261 958 tuas,
1289 912 1332 947 et
1353 904 1440 948 cira

47 975 207 1021 cumda
226 973 360 1020 altare
381 975 582 1030 Domini,
606 985 658 1020 ut
678 975 826 1020 audias
844 991 997 1021 vocem
1013 974 1171 1020 laudis.

104 1049 186 1093 XI.
208 1049 302 1092 Hoc
319 1046 434 1091 enim
458 1047 655 1108 sequitur
680 1067 689 1092 z
719 1066 736 1088 «
756 1049 813 1093 Ut
834 1047 1009 1092 audiam
1031 1062 1181 1091 vocem
1205 1045 1370 1102 laudis,
1394 1055 1438 1090 et

51 1138 72 1163 2>
105 1130 303 1164 enarrem
323 1118 522 1164 universa
545 1117 759 1163 mirabilia
782 1128 857 1163 tua
872 1121 904 1162 ¹.
935 1139 953 1160 »
981 1118 1098 1172 Quid
1120 1127 1185 1163 est
1200 1153 1211 1174 ,
1235 1138 1253 1158 «
1277 1121 1334 1163 Ut
1356 1135 1436 1162 au-

51 1209 70 1234 »
105 1189 222 1235 diam
238 1205 391 1235 vocem
407 1189 573 1234 laudis?
586 1210 603 1230 »
618 1192 674 1234 Ut
685 1189 941 1248 intelligam,
956 1190 1113 1251 inquit.
1131 1192 1225 1235 Hoc
1242 1199 1305 1234 est
1322 1190 1438 1234 enim

47 1261 196 1307 audire
217 1277 364 1307 coram
386 1265 476 1306 Deo
491 1297 502 1317 ,
529 1278 618 1306 non
636 1261 860 1322 quomodo
877 1278 1005 1307 sonos
1021 1263 1124 1307 istos
1140 1298 1150 1317 ,
1176 1278 1286 1323 quos
1309 1262 1437 1306 multi

46 1332 260 1389 audiunt,
291 1341 335 1377 et
365 1332 495 1377 multi
516 1348 606 1377 non
628 1331 828 1378 audiunt.
854 1336 996 1387 Quam
1022 1332 1151 1378 multi
1177 1333 1232 1377 ad
1254 1349 1332 1377 nos
1355 1350 1436 1377 au-

45 1404 214 1449 dientes
225 1412 343 1460 sunt,
358 1413 401 1448 et
421 1403 477 1448 ad
489 1407 629 1449 Deum
641 1405 762 1449 surdi
779 1414 881 1449 sunt
898 1405 906 1448 1
924 1407 1065 1458 Quam
1084 1403 1210 1448 multi
1224 1405 1438 1448 habentes

46 1490 186 1531 aures,
207 1491 297 1520 non
317 1475 484 1520 habent
503 1474 597 1520 illas
620 1491 745 1520 aures
762 1475 817 1520 de
837 1476 998 1536 quibus
1012 1475 1115 1520 dicit
1137 1478 1260 1520 Jesus
1279 1495 1287 1520 ;
1313 1494 1329 1515 «
1351 1476 1440 1529 Qui

51 1566 70 1588 ι)
103 1546 240 1590 habet
266 1561 390 1591 aures
414 1545 647 1608 audiendi,
672 1545 870 1591 audiat2!
894 1567 911 1588 »
936 1549 1050 1605 Ergo
1070 1545 1176 1607 quid
1200 1555 1264 1590 est
1286 1545 1437 1590 audire

45 1631 198 1662 vocem
225 1615 392 1662 laudis?
417 1617 568 1662 Dicam
601 1617 635 1661 si
668 1627 847 1677 potero,
877 1617 1111 1677 adjuvante
1143 1617 1437 1661 misericordia

45 1687 247 1743 Domini,
271 1697 315 1732 et
335 1688 604 1733 orationibus
626 1689 790 1732 vestriS.
823 1688 986 1732 Audire
1007 1703 1157 1732 vocem
1180 1687 1343 1743 laudis,
1375 1697 1439 1732 est

45 1758 287 1818 intelligere
305 1759 444 1814 intus,
465 1759 568 1819 quia
591 1759 808 1820 quidquid
829 1759 875 1803 in
892 1769 935 1803 te
956 1759 1058 1803 mali
1080 1769 1144 1804 est
1161 1758 1215 1803 de
1232 1760 1435 1819 peccatis,

42 1834 174 1873 'tuum
194 1838 283 1888 est3
309 1829 527 1890 quidquid
547 1829 652 1874 boni
669 1830 714 1873 in
727 1830 1112 1890 justificationibus
1127 1866 1137 1885 ,
1164 1831 1241 1874 Dei
1266 1839 1344 1874 est.
1372 1833 1437 1874 Ita

46 1899 148 1944 audi
171 1913 320 1944 vocem
341 1899 504 1955 laudis,
520 1909 570 1944 ut
592 1915 682 1944 non
703 1909 746 1944 te
767 1899 939 1955 laudes,
961 1910 1003 1944 et
1020 1901 1197 1960 quando
1216 1900 1359 1945 bouus
1376 1916 1435 1944 es.

45 1960 155 2016 Nam
175 1969 399 2015 laudando
431 1982 471 2014 te
497 1970 687 2025 bonum,
715 1971 764 2014 fis
790 1971 946 2015 malus.
974 1974 1145 2015 Bonum
1170 1971 1286 2015 enim
1312 1981 1352 2015 te
1374 1970 1439 2014 fe-

45 2049 164 2086 cerat
187 2040 432 2098 humilitas,
457 2041 623 2085 malum
647 2051 690 2085 te
714 2041 819 2086 facit
840 2043 1057 2102 superbia.
1083 2045 1328 2088 Conversus
1346 2058 1438 2087 eras

45 2123 96 2158 ut
125 2112 452 2169 illuminareris,
479 2122 521 2157 et
542 2112 824 2157 conversione
846 2122 920 2157 tua
941 2112 1079 2157 factus
1103 2130 1145 2158 es
1167 2113 1408 2158 luminosus
1423 2151 1434 2171 ,

46 2183 186 2230 factus
202 2184 440 2229 illustratus
459 2185 755 2229 conversione.
785 2185 869 2229 Sed
892 2187 1010 2245 quo?
1030 2185 1257 2246 Numquid
1281 2186 1335 2229 ad
1362 2187 1438 2229 te?

49 2256 93 2301 Si
114 2255 169 2300 ad
186 2264 229 2299 te
248 2270 481 2300 conversus
509 2271 654 2315 posses
672 2254 931 2311 illuminari,
954 2272 1180 2317 nunquam
1203 2272 1345 2316 posses
1368 2265 1436 2301 te-

46 2327 241 2382 nebrari,
276 2326 377 2387 quia
404 2336 549 2371 tecum
567 2343 736 2387 semper
760 2343 891 2372 esses.v
911 2331 1055 2381 Quare
1076 2328 1345 2372 illuminatus
1365 2331 1438 2373 es?

47 2398 158 2452 Quia
185 2397 433 2442 convertisti
460 2407 503 2441 te
527 2397 584 2442 ad
606 2397 725 2442 aliud
752 2398 871 2458 quod
901 2408 950 2443 tu
978 2415 1068 2443 non
1097 2415 1202 2443 eras.
1229 2399 1346 2452 Quid
1374 2408 1438 2444 est

0 2482 1 2530 j
47 2467 167 2513 aliud
179 2467 300 2529 quod
313 2477 363 2513 tu
379 2484 470 2513 non
491 2470 608 2513 eras?
629 2472 743 2516 Deus
764 2469 914 2513 lumen
935 2479 1013 2514 est.
1033 2472 1132 2515 Non
1154 2470 1268 2514 enim
1292 2479 1340 2514 tu
1361 2470 1436 2515 lu-

0 2562 2 2600 g
47 2554 150 2584 men
171 2554 285 2594 eras,
319 2539 421 2599 quia
447 2547 651 2598 peccator
671 2555 779 2584 eras.
803 2540 918 2585 Dicit
946 2541 1063 2585 enim
1088 2540 1322 2601 Apostolus
1350 2542 1432 2596 eis,

96 2630 106 2646 ¹
128 2622 206 2655 Psal.
227 2622 303 2665 xiv,
319 2634 349 2665 7.
369 2640 410 2646 —
431 2630 443 2646 ²
462 2623 573 2656 Matth.
591 2635 657 2663 xm,
670 2635 702 2666 9.
