1833 3284
5 44 9 86 Ι

0 87 8 268 l
202 278 456 326 *ENARRATio
489 272 598 306 11'1N
631 279 834 306 PSALMUM
867 280 980 315 xxx,
1016 278 1142 306 seim.
1180 281 1227 306 11.
1332 266 1435 317 407„

0 377 1 398 t
30 345 150 406 quod
171 344 318 389 fid'eles
340 345 549 403 erigeret,
570 345 691 406 quod
713 344 1023 400 consolaretur,
1045 355 1176 406 atque
1198 346 1413 401 firmaret,

30 416 177 461 dicens
203 435 211 460 :
247 416 374 469 «Qui
395 416 731 476 perseveraverit
760 431 898 476 usque
919 416 966 459 in
993 416 1148 472 finem,
1178 416 1250 461 hic
1274 415 1418 461 salvus

0 505 1 513 κ
32 505 52 529 »
88 488 170 531 erit
187 478 266 531 1.'=›'›
302 500 305 503 ·

47 574 51 578 ·
84 561 170 603 ἸΙΙ.
196 556 387 602 Attende
415 558 563 618 itaque
591 558 724 602 istum
741 593 752 614 ,
778 566 996 619 quantum
1017 558 1123 602 mihi
1151 557 1339 614 videtur,
1368 559 1416 605 in

25 629 107 674 h'ac
142 628 420 673 tribulatione
446 628 749 673 constitutum.
775 628 1143 690 Quandoquidem
1171 632 1336 690 positus
1369 630 1417 676 in

26 695 305 745 tribulatione
325 700 448 761 quasi
463 699 611 745 dolere
629 699 824 756 deberet,
847 699 1071 745 tribulatio
1089 700 1204 744 enim
1218 699 1415 745 dolorem

25 762 165 816 habet·
182 786 450 831 congruum,
482 772 643 816 iratum
664 787 708 816 se
730 771 837 816 dicit
859 772 905 815 in
927 771 1234 827 tribulatione,
1261 782 1304 817 et·
1326 773 1410 819 ait:

28 861 50 884 «
81 842 285 887 Miserere
307 842 408 897 mei,
435 842 643 898 Domine,
667 842 876 903 quoniam
897 841 1100 898 tribulor,
1126 843 1414 888 conturbatus

24 931 46 955 »
80 922 145 958 est
164 913 290 958 inira
308 912 461 958 oculus
483 928 620 958 meus.
649 932 670 955 »
697 913 741 959 Si
763 912 983 958 tribularis
1001 949 1012 969 ,
1037 929 1172 975 quare
1192 914 1415 960 irasceris?

23 984 228 1028 Irascitur
248 984 327 1028 iste
355 983 503 1031 alienis
532 984 734 1044 peccatis.
767 983 872 1038 Quis
895 1000 984 1029 non
1005 984 1226 1040 irascatur,
1261 985 1414 1030 videns

20 1054 217 1099 homines
238 1056 496 1100 confitentes
529 1070 604 1100 ore
632 1058 792 1111 Deum,
824 1064 1032 1114 negantes
1059 1056 1284 1099 moribus?
1306 1057 1412 1110 Quis

20 1140 109 1170 non
130 1125 353 1181 irascatur,
375 1125 527 1171 videns
542 1126 741 1171 homines
763 1126 922 1171 saeculo
942 1125 1100 1181 verbis,
1125 1135 1168 1170 et
1182 1142 1272 1170 non
1289 1126 1414 1171 factis

20 1197 349 1242 renuntiantes?
386 1198 471 1251 Qui
499 1207 564 1242 est
591 1197 666 1259 qui
698 1214 788 1243 non
819 1199 1041 1253 irascatur,
1072 1197 1223 1242 videns
1258 1197 1411 1242 fratres

19 1267 270 1312 insidiantes
298 1266 532 1323 fratribus,
559 1268 691 1313 fidem
717 1285 807 1314 non
835 1278 1052 1314 servantes
1087 1268 1257 1324 osculo,
1290 1268 1412 1330 quod

17 1336 208 1397 infigunt
227 1339 273 1382 in
289 1331 567 1384 sacramentis
584 1339 693 1384 Dei?
709 1342 765 1384 Et
779 1339 876 1400 quis
894 1349 1121 1384 enumeret
1139 1340 1296 1395 omnia,
1317 1340 1413 1400 qui-

18 1409 100 1454 bus
122 1411 318 1456 irascitur
340 1426 497 1471 corpus
518 1412 701 1466 Christi,
727 1411 849 1471 quod
870 1412 987 1455 intus
1008 1412 1135 1466 vivit,
1167 1411 1222 1455 de
1254 1412 1411 1472 spiritu

17 1481 203 1537 Christi,
233 1482 354 1543 quod
383 1483 517 1542 gemit
544 1492 754 1543 tanquam
778 1498 962 1541 granum
991 1483 1106 1527 inter
1130 1482 1299 1542 paleas?
1328 1482 1410 1526 Vix

16 1551 134 1595 enim
167 1561 378 1612 apparent
398 1553 467 1596 isti
495 1553 573 1614 qui
603 1553 662 1597 sic
693 1562 902 1612 gemunt,
928 1553 1004 1613 qui
1034 1553 1093 1597 sic
1124 1553 1371 1597 irascuntur
1395 1573 1405 1598 :

15 1622 240 1684 quomodo
260 1623 331 1668 vix
348 1632 559 1683 apparent
576 1639 723 1682 grana,
744 1624 922 1684 quando
945 1639 1041 1668 area
1061 1625 1301 1668 trituratur.
1322 1625 1408 1678 Qui

15 1694 152 1738 nescit
181 1702 357 1754 quantae
389 1694 518 1754 spicae
546 1694 685 1738 missae
713 1704 836 1749 sunt,
872 1704 1030 1754 putant
1063 1704 1205 1739 totum
1238 1694 1408 1754 paleam

9 1778 135 1816 esse:
164 1773 208 1808 et
238 1779 290 1808 ex
312 1764 395 1808 hoc
418 1764 540 1825 quod
573 1773 714 1809 totum
744 1764 867 1825 palea
899 1773 1095 1824 putatur,
1126 1764 1229 1809 inde
1250 1781 1408 1824 magna

13 1850 153 1879 massa
169 1835 444 1895 purgabitur.
468 1839 519 1879 In
536 1835 602 1879 his
620 1851 721 1894 ergo
739 1851 829 1880 non
846 1836 1156 1895 apparentibus
1175 1845 1218 1880 et
1236 1851 1411 1895 gemen-

14 1907 132 1951 tibus
160 1907 372 1960 irascitur,
410 1907 485 1966 qui
521 1906 625 1950 dicit
654 1907 737 1951 alio
767 1907 866 1951 loco
890 1927 898 1950 :
930 1927 948 1948 ι(
975 1907 1102 1951 Zelus
1132 1908 1288 1951 domus
1318 1916 1408 1951 tuae

18 1995 39 2019 »
74 1977 388 2022 comedi'tme‘l.
404 1977 550 2021 »Dicit
568 1986 611 2020 et
623 1976 725 2020 alibi
739 1977 1097 2038 quandoquidem
1114 1977 1234 2021 videt
1246 1977 1408 2022 multos

16 2048 129 2092 mala
164 2046 400 2092 facientes:
430 2066 450 2089 «
480 2047 677 2092 Taedium
700 2048 890 2092 detinuit
919 2064 1011 2103 me,
1049 2064 1070 2092 a
1104 2049 1408 2108 peccatoribus

19 2137 38 2161 »
68 2117 418 2180 relinquentibus
433 2117 576 2178 legem
598 2121 764 2163 tuamss.
785 2138 805 2160 >›
832 2119 946 2164 Dicit
960 2129 1003 2164 et
1024 2117 1107 2164 alio
1120 2118 1244 2164 loco:
1266 2119 1407 2164 «Vidi

18 2206 40 2231 »
73 2190 337 2245 insensatOS,
357 2198 401 2233 et
421 2189 682 2234 tabescam4.
707 2208 727 2231 »

75 2263 151 2305 IV.
178 2263 283 2305 Haec
304 2271 451 2305 autem
482 2261 544 2305 ira
561 2297 571 2317 ,
597 2261 887 2306 metuendum
915 2271 1001 2317 est,
1029 2277 1084 2306 ne
1113 2270 1234 2306 tanta
1255 2263 1330 2318 sit,
1356 2271 1407 2307 ut

16 2329 62 2374 in
96 2331 247 2375 odium
279 2339 489 2375 vertatur.
525 2335 593 2376 Ira
621 2333 738 2376 enim
773 2331 970 2377 nondum
996 2341 1059 2376 est
1092 2333 1259 2377 odium.
1295 2335 1408 2377 Nam

15 2401 206 2446 irasceris
235 2401 347 2455 filio,
381 2417 471 2446 non
498 2403 627 2447 odisti
656 2403 794 2447 filium
817 2422 826 2447 :
855 2403 892 2447 ei
915 2419 1056 2448 servas
1077 2403 1375 2448 haereditatem
1392 2439 1404 2459 ,

17 2473 92 2532 q'ui
109 2481 152 2516 te
173 2472 303 2516 sentit
326 2472 484 2516 iratum
503 2494 514 2529 3
539 2482 582 2517 et
605 2474 659 2518 ad
682 2475 765 2518 hoe
783 2474 975 2518 irasceris
991 2510 1002 2528 ,
1028 2489 1082 2518 ne
1104 2473 1258 2534 perdat
1285 2475 1407 2534 quod

17 2542 268 2598 servaveris,
292 2542 405 2587 male
421 2543 570 2588 vivens
586 2545 780 2589 moribus
803 2545 959 2604 pravis.
983 2548 1101 2603 Ergo
1123 2545 1185 2589 ira
1207 2544 1408 2590 nondum

68 2633 75 2648 ¹
94 2626 208 2659 Matth.
228 2637 316 2669 xxiv,
329 2627 381 2659 13.
398 2634 463 2650 -2
480 2629 560 2661 Psal.
583 2640 692 2670 vain,
713 2640 762 2662 10.
776 2646 817 2652 —
834 2628 846 2652 3
867 2630 913 2661 ld.
931 2640 1041 2671 cxviii,
1055 2629 1108 2662 53.
1133 2646 1172 2653 -—
1189 2629 1205 2659 4
1227 2629 1308 2662 Ibid.
1330 2629 1403 2661 158.
