1833 3284
484 252 725 281 ENARRATlo
758 255 802 281 ΙΝ
835 251 1038 281 PsALMUM
1070 253 1100 278 1.
1404 241 1486 278 115

95 319 210 365 illud
230 337 242 365 :
268 338 287 361 «
311 320 359 366 Si
377 320 508 365 scires
529 319 694 364 donum
724 319 823 373 Dei,
848 327 892 362 et
911 317 1007 378 quis
1029 325 1093 361 est
1115 315 1192 376 qui
1215 331 1239 360 a
1257 324 1301 360 te
1325 329 1486 376 aquam

99 410 119 432 -»
153 390 292 450 petit3
314 390 490 450 petisses
512 390 568 434 ab
589 405 641 434 eo
657 425 668 445 ,
692 399 734 434 et
751 389 875 433 daret
891 388 973 432 tibi
990 402 1150 447 aquam
1171 387 1312 432 vivam
1329 421 1340 441 ,
1364 386 1484 430 unde

99 480 118 502 »
152 461 230 520 qui
249 461 429 517 biberit,
454 476 545 506 non
564 460 680 504 sitiet
700 460 746 504 in
758 456 1109 517 aeternum¹3sed
1131 456 1345 502 efficietur
1365 457 1411 500 in
1432 471 1484 501 eo

97 551 118 573 o>
152 530 251 577 fons
280 547 408 593 aquae
433 531 624 577 salientis
645 532 690 576 in
716 532 853 577 vitam
872 539 1096 575 aeternam.
1124 548 1144 571 »
1168 532 1259 573 Aut
1284 546 1302 569 «
1322 530 1482 573 Secun-

98 622 118 644 »
150 602 261 648 dum
280 601 487 649 decursus
507 603 722 664 aquarum
736 638 748 659 ,
772 623 790 645 »
821 602 1064 648 secundum
1085 600 1354 661 populorum
1372 614 1480 659 pec-

91 683 203 729 cata,
226 675 330 735 quia
346 684 391 720 et
409 691 535 736 aquae
556 674 708 736 populi
728 673 1137 734 interpretantur‘in
1157 670 1476 732 Apocalypsi&

92 753 138 789 et
155 743 364 791 decursus
384 761 474 791 non
494 744 681 790 absurde
693 744 949 802 intelligitur
965 743 1132 803 lapsus,
1152 741 1274 803 quod
1291 740 1482 801 pertinet

93 814 151 859 ad
171 814 397 861 delictum.
423 817 611 876 Lignum
633 832 736 876 ergo
758 814 891 871 illud,
915 814 961 859 id
978 823 1062 869 est,
1084 814 1296 859 Dominus
1317 821 1480 866 noster,

92 885 149 930 de
170 887 293 946 aquis
307 885 665 943 decurrentibus,
689 887 736 931 id
751 895 815 930 est
828 921 839 941 ,
859 884 1033 945 populis
1048 883 1372 944 peccatoribUS,
1392 891 1479 926 tra=

93 956 202 1001 hens
223 971 296 1002 eos
317 957 364 1001 in
381 958 451 1003 via
471 958 519 1002 in
540 958 703 1002 radices
722 955 964 1016 disciplinae
985 970 1096 1010 suae,
1121 973 1144 997 (ι
1165 957 1380 998 Fructum
1403 951 1485 996 da-

92 1045 121 1069 ῆ)
156 1027 221 1072 bit
234 1062 246 1083 ,
268 1045 290 1069 -n
308 1028 392 1073 hoc
409 1038 489 1084 est,
503 1029 740 1074 constituet
760 1027 974 1073 Ecclesias
997 1046 1006 1072 ε
1028 1045 1048 1069 «
1063 1029 1116 1070 ln
1129 1035 1327 1086 tempore
1344 1021 1422 1068 suo
1436 1058 1448 1078 ,
1462 1040 1484 1064 »

95 1097 143 1142 id
156 1108 234 1154 est,
251 1108 486 1160 postquam
495 1099 753 1144 clarificatus
766 1108 831 1144 est
846 1098 1162 1143 resurrectione
1179 1106 1222 1140 et
1238 1095 1491 1140 ascensione

95 1169 143 1214 in
163 1169 344 1215 coelum.
372 1175 496 1216 Tunc
519 1172 641 1216 enim
666 1171 830 1230 Spiritu
851 1179 1001 1215 sancto
1022 1170 1149 1213 misso
1175 1166 1414 1227 Apostolis,
1447 1173 1491 1208 et

96 1240 155 1284 eis
176 1240 222 1284 in
235 1239 394 1286 fiducia
417 1242 484 1286 sui
505 1243 772 1287 confirmatis
789 1251 833 1286 et
850 1241 1025 1286 directis
1041 1241 1088 1284 in
1109 1239 1311 1299 populos,
1336 1236 1491 1281 fructi-

95 1310 241 1356 ficavit
271 1311 500 1356 Ecclesias.
531 1315 626 1357 «Et
652 1311 807 1357 folium
828 1313 920 1372 ejus
941 1327 1030 1356 non
1049 1309 1251 1364 decidet,
1280 1326 1302 1349 »
1335 1307 1381 1351 id
1403 1314 1488 1361 est,

95 1381 283 1427 verbum
303 1382 395 1443 ejus
416 1398 507 1427 non
526 1383 608 1427 erit
628 1383 818 1442 irritum,
847 1402 864 1423 «
882 1383 995 1436 Quia
1019 1381 1157 1427 omnis
1180 1395 1280 1425 caro
1298 1377 1488 1431 foenum,

99 1472 120 1496 ι)
155 1462 200 1497 et
222 1453 393 1499 claritas
413 1455 603 1500 hominis
623 1465 674 1499 ut
694 1456 775 1500 flos
803 1453 912 1499 foeni
939 1474 948 1499 ε
976 1453 1147 1498 foenum
1180 1451 1294 1496 aruit
1308 1486 1319 1505 ,
1342 1459 1386 1493 et
1407 1449 1488 1493 flos

101 1543 120 1565 »
155 1522 344 1581 decidit,
383 1526 568 1570 verbum
603 1535 750 1571 autem
780 1525 955 1570 Domini
976 1533 1123 1569 manet
1153 1523 1200 1566 in
1232 1520 1488 1565 aeternumss.

101 1613 121 1636 ³>
154 1597 213 1639 Et
229 1595 376 1640 omnia
395 1612 689 1657 quaecumque
710 1595 860 1641 fecerit
874 1595 1266 1656 prosperabuntur,
1297 1611 1314 1633 »
1340 1590 1387 1634 id
1405 1599 1490 1645 est,

97 1681 391 1728 quaecumque
409 1667 523 1713 illud
543 1667 712 1727 lignum
735 1668 930 1713 'attulerit
955 1686 964 1712 ε
987 1682 1090 1727 quae
1114 1666 1262 1710 onmia
1290 1661 1494 1708 videlicet

98 1737 351 1797 accipienda
371 1748 475 1784 sunt
495 1739 665 1784 fructus
687 1749 730 1784 et
752 1739 877 1794 folia,
903 1738 948 1782 id
970 1747 1055 1793 est,
1081 1736 1194 1781 sacta
1213 1745 1256 1780 et
1278 1734 1409 1779 dicta.

158 1811 236 1854 IV.
278 1828 300 1850 ι(
323 1812 423 1856 Non
453 1810 514 1855 sic
542 1810 690 1870 impii,
726 1826 816 1854 non
839 1810 898 1854 sic
936 1828 944 1854 :
983 1807 1059 1853 sed
1081 1817 1291 1867 tanquam
1320 1804 1490 1865 pulvis,

102 1898 124 1921 -»
155 1894 288 1940 que-m
307 1880 481 1941 projicit
510 1890 668 1925 ventus
694 1896 716 1925 a
739 1880 850 1925 facie
870 1880 1038 1924 terrae4.
1067 1899 1084 1920 »
1119 1881 1248 1921 Terra
1277 1876 1350 1920 hic
1378 1874 1494 1919 acci-

98 1949 260 2008 pienda
279 1959 345 1995 est
359 1950 452 2010 ipsa
469 1950 678 1995 stabilitas
695 1951 741 1994 in
753 1954 861 2005 Deo,
885 1948 1127 1994 secundum
1149 1962 1283 2007 quam
1305 1945 1491 1989 dicitur:

102 2038 124 2060 ε(
160 2020 371 2067 Dominus
399 2037 499 2080 pars
520 2019 786 2065 haereditatis
809 2035 939 2073 meae,
965 2018 1125 2062 etenim
1148 2015 1377 2060 haereditas
1397 2029 1497 2058 mea

106 2110 126 2132 »
161 2089 368 2150 praeclara
386 2100 452 2135 est
472 2091 622 2136 mihi5.
653 2111 671 2133 »
699 2089 951 2135 Secundum
981 2089 1096 2132 hanc
1124 2087 1284 2130 dicitur
1309 2103 1318 2130 z
1353 2103 1371 2125 «
1397 2087 1498 2129 Sus-

105 2177 127 2202 »
161 2161 253 2205 tine
275 2161 533 2216 Dominum,
555 2170 603 2205 et
625 2160 804 2205 observa
824 2160 912 2204 vias
929 2159 1021 2218 ejus
1035 2192 1046 2213 ,
1071 2166 1115 2201 et
1131 2155 1339 2200 exaltabit
1359 2163 1427 2209 te,
1446 2163 1501 2198 ut

105 2248 128 2272 n
162 2231 380 2291 possideas
406 2241 568 2276 terram
585 2232 616 2275 ⁶.
641 2251 659 2273 »
694 2230 946 2276 Secundum
972 2230 1086 2273 hanc
1108 2226 1270 2271 dicitur
1294 2245 1303 2270 :
1333 2244 1351 2266 «
1377 2225 1499 2269 Beati

109 2312 129 2342 3>
161 2301 310 2357 mites,
330 2303 437 2363 quia
455 2302 536 2362 ipsi
557 2300 814 2346 haereditate
835 2298 1123 2360 possidebunt
1149 2306 1310 2341 terram
1325 2296 1356 2337 ⁷.
1382 2314 1399 2336 »
1427 2294 1498 2339 Si-

105 2369 310 2415 militudo
332 2381 478 2416 autem
488 2372 592 2417 hinc
610 2370 747 2416 ducta
764 2379 856 2428 est,
879 2370 982 2431 quia
1002 2377 1054 2412 ut
1069 2369 1164 2412 haec
1181 2376 1296 2411 terra
1316 2363 1497 2408 visibilis

107 2441 361 2486 exteriorem
383 2439 610 2486 hominem
631 2441 787 2494 nutrit,
812 2446 856 2482 et
875 2437 1097 2482 continet:
1116 2436 1176 2480 ita
1196 2434 1272 2479 illa
1292 2443 1408 2479 terra
1425 2434 1500 2478 *in-

158 2543 168 2562 ¹
181 2539 230 2572 Id.
247 2549 294 2581 iv,
309 2537 421 2581 10-14.
434 2554 478 2563 —-
497 2544 511 2561 2
525 2540 629 2581 Apoc.
646 2536 726 2579 xvii,
747 2535 798 2569 15.
814 2552 857 2559 -
873 2533 887 2558 3
908 2535 970 2567 lsai
985 2544 1045 2575 ιι,
1067 2533 1138 2566 6-8.
1155 2549 1198 2556 —-
1214 2530 1233 2557 l*
1252 2530 1437 2575 Psa1.-'1,4.
1455 2548 1498 2556 -

110 2591 193 2628 ⁵1d.
218 2605 283 2637 xv,
302 2594 334 2628 5.
357 2610 400 2618 —-
423 2591 440 2618 6
464 2593 512 2628 Id.
533 2602 647 2633 xxxvi,
675 2590 729 2634 34.
764 2607 793 2614 -
813 2597 827 2625 7
845 2589 958 2622 Matth.
973 2599 1006 2630 v,
1024 2587 1056 2630 4.
1272 2639 1298 2679 8
