1833 3284
384 273 626 311 nunus-rio
659 274 704 311 m‘
735 275 939 312 lisanum
968 273 1064 310 Vm.
1327 269 1408 310 187

32 365 54 391 »
88 357 266 410 propter
285 348 480 394 inimicos
497 358 595 394 tuos
609 350 639 392 ¹.
657 367 677 390 »
692 350 790 395 Non
804 360 981 409 possum
1003 347 1197 408 accipere
1214 347 1320 393 alios
1339 348 1411 392 in-

28 420 168 466 fantes
186 422 318 481 atque
335 418 545 465 lactentes
558 455 569 476 ‚
595 434 729 480 quam
745 427 818 465 eos
835 419 995 481 quibus
1017 418 1124 464 dicit
1144 417 1377 479 Apostolus
1398 438 1408 465 ε

32 508 54 536 ι’(
89 494 314 552 Tanquam
326 489 574 551 parvu1isin
590 491 763 536 Christo
778 490 846 535 lac
861 490 984 536 vobis
1004 498 1161 550 potum
1184 488 1302 546 dedi,
1322 504 1412 535 non

30 572 52 605 »·
87 562 235 608 cibum
247 565 280 607 ².
308 579 329 604 n
354 563 472 616 Quos
488 561 793 621 significabant
813 561 876 606 illi
892 561 969 623 qui
989 561 1228 606 Dominum
1245 576 1413 621 praece-

28 631 193 678 debant
224 630 453 677 laudantes
476 651 485 677 :
509 633 555 676 in
577 648 686 693 quos
707 633 798 692 ipse
819 632 1030 678 Dominus
1050 633 1135 677 hoc
1164 632 1413 677 testimonio

27 709 130 749 usus
153 713 240 760 est,
269 719 372 749 cum
393 703 640 748 dicentibus
669 702 833 749 Judaeis
862 712 914 747 ut
944 718 1016 748 eos
1038 702 1299 762 corriperet,
1324 717 1415 747 res-

26 773 183 835 pondit
209 794 218 819 :
254 792 274 817 «
295 776 394 820 Non
422 773 610 833 legistis:
635 777 701 819 Ex
726 788 801 818 ore
826 771 1064 818 infantium
1093 781 1137 817 et
1157 773 1414 818 lactentium

29 860 49 887 »
85 843 302 905 perfecisti
322 843 554 889 laudem3?
578 862 598 885 »
623 845 740 889 ane
756 852 901 888 autem
922 854 1012 889 non
1034 843 1117 889 ait:
1148 863 1169 886 «
1189 843 1370 900 Fecisti,
1390 860 1411 886 »

26 915 101 960 sed
119 951 130 970 ‚
160 935 180 958 «
206 913 428 960 Perfecisti
449 907 641 960 laudem.-
670 932 691 956 »
720 917 830 960 Sunt
848 914 964 959 enim
987 914 1032 959 in
1053 913 1256 960 Ecclesiis
1283 915 1414 960 etiam

24 988 72 1032 hi
93 986 170 1047 qui
189 1000 279 1031 non
301 987 393 1047 Jam
412 987 524 1031 lacte
545 994 769 1046 potantur,
793 985 869 1030 sed
889 994 1126 1031 vescuntur
1146 985 1273 1045 cib03
1303 997 1414 1048 quos

25 1054 143 1102 idem
163 1055 397 1118 Ap0stolus
418 1056 644 1116 significat,
664 1055 834 1102 dicens:
859 1075 879 1099 «
906 1056 1170 1116 Sapientiam
1191 1056 1415 1118 loquimur

28 1139 48 1170 »'
84 1128 198 1172 inter
216 1128 480 1188 perfectos4:
502 1127 614 1172 »sed
632 1138 723 1173 non
741 1143 792 1172 ex
810 1127 877 1173 his
899 1127 998 1172 solis
1019 1128 1308 1188 perficiuntur
1326 1131 1414 1173 Ec-

24 1197 187 1255 clesiae‚
212 1199 316 1260 quia
341 1199 376 1243 si
403 1198 481 1244 soli
501 1205 665 1255 essent,
697 1206 787 1244 non
818 1197 1119 1244 consuleretur
1153 1199 1300 1258 generi
1329 1200 1415 1244 hu-

24 1285 170 1315 mano.
191 1270 445 1316 Consulitur
459 1279 605 1315 autem
621 1283 721 1315 cum
739 1269 803 1315 illi
820 1286 1004 1332 quoque
1019 1269 1218 1316 nondum
1237 1285 1414 1331 capaces

23 1340 282 1401 cognitionis
303 1355 449 1385 rerum
469 1341 726 1401 spiritalium
743 1350 875 1402 atque
896 1351 1182 1398 aeternarum,
1207 1342 1415 1386 nutriun-

24 1422 97 1457 tur
116 1411 202 1456 fide
226 1410 474 1472 temporalis
503 1413 717 1468 historiae,
742 1428 841 1473 quae
870 1428 950 1472 pro
977 1411 1116 1457 salute
1146 1422 1291 1457 nostra
1314 1422 1414 1473 post

24 1482 293 1528 Patriarchas
314 1492 358 1527 et
384 1483 622 1542 Prophetas
639 1518 649 1538 ,
676 1483 731 1527 ab
753 1482 1112 1528 excellentissima
1138 1484 1217 1528 Dei
1240 1484 1413 1529 Virtute

24 1561 155 1615 atque
179 1554 395 1614 Sapientia
417 1553 547 1598 etiam
561 1554 748 1614 suscepti
769 1555 957 1599 hominis
981 1563 1251 1599 sacramento
1269 1554 1413 1599 admi-

24 1626 203 1671 nistrata
225 1635 305 1682 est,
324 1625 370 1670 in
387 1640 475 1686 qua
490 1625 604 1670 salus
620 1634 684 1671 est
700 1626 820 1670 omni
841 1625 1037 1671 credenti
1057 1635 1132 1671 :ut
1154 1626 1413 1671 auctoritate

18 1705 285 1753 commotus,
319 1696 546 1756 praeceptis
583 1697 813 1752 inserviat,
850 1696 1009 1758 quibus
1034 1707 1244 1757 purgatus
1271 1710 1411 1743 unus-

18 1768 204 1829 quisque
236 1765 280 1811 e't
308 1766 354 1812 in
385 1766 594 1813 charitate
622 1767 837 1812 radicatus
871 1777 1002 1828 atque
1029 1767 1241 1814 fundatus
1279 1768 1411 1828 possit

17 1853 191 1883 currere
216 1853 317 1884 cum
339 1838 496 1883 sanctis
510 1874 522 1894 ‚
553 1854 643 1884 non
667 1840 758 1899 jam
780 1837 989 1899 parvulus
1010 1839 1057 1884 in
1078 1838 1190 1883 lacte
1206 1875 1216 1895 ,
1242 1839 1317 1883 sed
1333 1840 1410 1900 ju-

19 1908 140 1953 venis
159 1912 207 1954 in
222 1908 337 1964 cibo,
353 1908 723 1969 comprehendere
743 1908 1020 1954 latitudinem
1031 1945 1042 1965 ‚
1068 1908 1407 1967 longitudinem,

21 1978 296 2025 altitudinem
328 1987 371 2023 et
390 1979 685 2038 profundum,
715 1980 822 2024 scire
850 1980 981 2024 etiam
1013 1981 1410 2040 supereminentem

20 2049 244 2095 scientiam
261 2049 482 2094 charitatis
504 2049 665 2095 Christi
676 2052 690 2076 ⁵
699 2084 708 2093 .

79 2123 156 2165 Vr.
178 2122 280 2164 «Ex
296 2135 370 2164 ore
391 2118 625 2164 infantium
641 2129 684 2165 et
699 2119 955 2165 lactentium
976 2120 1193 2181 perfecisti
1212 2120 1406 2178 laudem,

24 2209 45 2233 »
79 2200 260 2251 propter
292 2191 490 2236 inimicos
523 2200 634 2237 tuos.
664 2210 685 2233 »
722 2191 923 2236 Inimicos
959 2192 1062 2236 huic
1095 2191 1407 2252 dispensationi

21 2276 122 2322 quae
144 2260 257 2306 facta
284 2269 348 2305 est
379 2277 455 2320 per
481 2263 630 2307 Jesum
659 2261 882 2307 Christum
905 2271 949 2306 et
976 2262 1096 2307 hunc
1118 2263 1376 2307 crucifixum
1392 2298 1404 2319 ‚

23 2331 278 2390 generaliter
310 2333 503 2392 accipere
537 2333 747 2377 debemus
776 2348 925 2377 omnes
957 2332 1033 2393 qui
1061 2342 1210 2377 vetant
1232 2333 1408 2379 credere

22 2402 265 2460 incognita,
290 2411 334 2447 et
355 2412 517 2448 certam
540 2404 770 2463 ⁸scientiam
792 2397 1056 2463 pollicentur
1079 2423 1087 2448 ;
1112 2404 1222 2448 sicut
1244 2404 1410 2449 faciunt

21 2472 216 2517 haeretici
245 2473 455 2529 universi,
495 2482 539 2519 et
565 2473 628 2518 illi
661 2470 738 2536 qui
763 2474 810 2519 in
839 2474 1144 2534 superstitione
1179 2474 1409 2534 gentilium

73 2578 81 2595 ¹
104 2565 184 2604 Psal.
209 2583 291 2612 vm,
310 2572 341 2606 3.
357 2590 399 2595 —
415 2579 428 2596 ²
452 2585 464 2605 1
481 2575 556 2608 Cor.
572 2584 603 2606 ni
616 2600 625 2616 ‚
642 2583 674 2607 2.
696 2591 737 2597 —-
754 2571 767 2598 3
785 2573 985 2616 Matth.xx1,
1012 2574 1063 2608 16.
1090 2591 1132 2598 —-
1149 2572 1166 2604 4
1193 2585 1206 2606 1
1227 2575 1298 2609 Cor.
1315 2584 1356 2617 ιι,
1370 2575 1403 2608 6.

27 2624 222 2670 —5Ephes‚
243 2639 294 2670 111,
318 2628 370 2672 18,
396 2639 446 2671 ¹9·
