1833 3284
365 261 419 300 46
807 273 839 298 5.
877 270 1106 297 Acocs'nm
1139 271 1319 298 Emscom

360 353 450 383 non
471 336 689 381 declinare
707 335 855 380 dextra
875 344 952 379 aut
970 334 1154 378 sinistra.
1173 334 1281 379 Inde
1298 343 1387 379 est:
1413 354 1432 376 «
1457 335 1498 380 Si
1518 335 1751 381 ascendero

361 428 380 449 »
418 409 461 452 in
481 408 660 463 coelum,
679 417 725 452 tu
745 407 804 450 ibi
822 409 906 451 es¹.
933 424 952 447 »
974 406 1079 458 Quis
1097 421 1166 450 me
1187 405 1289 450 inde
1307 415 1450 467 potest
1468 406 1644 466 pellere⁷
1663 416 1746 453 etc.

361 500 381 521 «
416 482 453 524 Α
482 479 591 524 laeva
614 479 722 540 quid
746 488 866 538 aget,
891 494 980 523 non
1004 477 1342 537 apprehendam.
1381 497 1400 519 n
1430 479 1660 539 Superiora
1680 494 1750 523 re-

356 551 478 610 petit.
497 554 534 594 A
552 551 660 595 laeva
680 559 825 594 autem
849 549 955 593 dicit
977 563 1067 592 non
1089 563 1133 593 se
1155 550 1529 609 apprehensurum
1551 548 1750 594 deditum

356 621 684 682 temporalibus.
715 641 733 663 «
761 623 1054 666 Convertetur
1088 620 1144 664 ad
1176 620 1419 677 dexteram,
1445 630 1490 665 et
1510 630 1600 666 non
1628 620 1751 666 vide-

359 712 378 734 »
419 695 514 737 bo'2.
544 713 563 735 »
598 693 703 737 ldeo
732 707 823 736 non
855 691 997 736 debeo
1020 707 1109 736 esse
1132 708 1155 736 a
1183 691 1306 738 laeva.
1346 713 1365 735 ι(
1397 695 1691 739 Convertetur
1726 711 1747 734 »

357 774 504 809 autem
525 765 648 820 dixit,
663 764 766 824 quia
784 764 876 824 ipse
893 763 1158 823 spiritalibus
1174 774 1251 820 est,
1265 765 1384 810 unde
1398 780 1479 824 ego
1495 780 1566 809 me
1584 773 1747 820 averto,

353 836 386 879 si
405 852 426 879 a
448 834 556 879 laeva
581 834 722 879 fuero.
754 854 774 877 «
799 835 887 880 Scit
905 835 995 895 ipse
1017 835 1133 879 viam
1166 851 1305 880 meam
1330 857 1338 881 :
1367 855 1387 878 ³>
1414 846 1464 881 ut
1485 836 1752 896 etiamsiper

357 906 656 952 tribulationes
678 922 748 951 me
771 906 960 962 duxerit,
982 922 1153 967 sequar.
1180 926 1199 949 «
1226 909 1434 953 Probavit
1454 923 1525 952 me
1546 907 1659 952 sicut
1679 923 1753 952 au-

357 997 377 1019 »
413 993 511 1022 rum
541 998 548 1022 ;
588 997 608 1020 )>
645 978 691 1021 in
730 977 1106 1023 tribulationibus.
1147 997 1167 1020 «
1203 979 1414 1038 Egrediar
1428 984 1433 987 ’
1448 979 1494 1023 in
1525 978 1751 1039 praeceptis

357 1069 377 1091 »
413 1051 503 1109 ejus
525 1070 532 1094 z
562 1069 581 1091 »
609 1053 671 1094 De
694 1049 885 1094 tenebris
908 1049 1015 1094 meis
1038 1064 1186 1094 exeam
1217 1049 1293 1094 sed
1315 1060 1462 1095 tamen
1484 1051 1530 1094 in
1553 1064 1751 1110 praecep-

354 1121 407 1165 tis
433 1122 538 1181 ejus.
576 1141 595 1163 «
634 1121 676 1166 Si
699 1130 846 1165 autem
877 1121 968 1181 ipse
992 1119 1207 1181 judicavit
1228 1121 1286 1165 sic
1309 1141 1317 1166 :
1346 1140 1366 1163 »
1396 1131 1446 1166 ut
1467 1136 1544 1181 per
1566 1119 1752 1165 tribula-

358 1193 494 1237 tiones
526 1208 595 1236 me
627 1201 838 1253 tanquam
871 1207 1026 1236 aurum
1054 1192 1225 1252 probet.
1264 1212 1281 1232 «
1307 1196 1541 1253 Propterea
1574 1191 1629 1237 ad
1651 1207 1750 1236 eum

359 1284 378 1306 »
415 1264 639 1309 festinavi³
663 1285 671 1309 ε
697 1283 716 1305 »
743 1265 844 1325 quia
868 1280 938 1308 me
960 1264 1202 1319 tribulavit,
1225 1263 1324 1310 ideo
1346 1265 1506 1310 relictis
1531 1274 1752 1325 tempora-

355 1336 470 1381 libus
492 1337 546 1380 ad
569 1352 669 1380 eum
689 1337 905 1381 festinavi.
935 1355 951 1376 «
979 1338 1036 1380 Et
1064 1336 1356 1380 commonitus
1379 1335 1588 1381 sollicitus
1610 1335 1676 1380 fui
1698 1334 1752 1380 de

359 1427 380 1450 »
416 1425 467 1453 eo
494 1429 502 1453 ι
534 1430 552 1451 »
584 1418 634 1453 ut
657 1409 721 1452 his
750 1409 894 1468 poenis
924 1407 1172 1452 carnalibus
1199 1417 1363 1453 aeterna
1395 1408 1605 1469 supplicia
1627 1407 1751 1453 devi-

360 1489 508 1524 tarem.
534 1499 552 1521 «
575 1479 743 1524 Idcirco
761 1495 783 1523 a
802 1478 911 1523 facie
933 1481 1025 1539 ejus
1047 1478 1300 1524 turbabor4.
1323 1498 1343 1521 »
1364 1479 1498 1525 Modo
1521 1479 1748 1535 turbabor,

358 1560 408 1595 ut
423 1566 597 1596 caveam
614 1551 804 1609 cogitans
819 1551 1020 1595 futurum
1039 1550 1256 1611 judicium
1268 1586 1278 1606 ‚
1295 1549 1374 1594 ubi
1396 1551 1478 1595 erit
1499 1552 1589 1612 ejus
1607 1550 1750 1595 mani-

357 1621 543 1667 festatio.
574 1642 593 1665 «
619 1626 676 1667 Et
698 1622 908 1666 Dominus
938 1620 1125 1666 mollivit
1157 1638 1232 1667 eor
1259 1625 1448 1667 meum5.
1475 1642 1495 1665 »
1530 1625 1588 1667 Et
1609 1623 1753 1683 ipsum

358 1695 532 1750 timere,
558 1710 647 1754 quo
678 1703 802 1738 cavet
836 1692 1004 1738 futuras
1032 1709 1210 1753 poenas,
1235 1694 1543 1740 misericordiae
1565 1695 1644 1740 Dei
1675 1694 1753 1739 de-

357 1775 498 1826 putat.
525 1768 622 1810 Non
646 1765 760 1809 enim
793 1765 921 1809 sciret
953 1774 1289 1824 superventuras
1310 1782 1464 1826 poenas
1486 1775 1528 1811 ct
1549 1766 1752 1810 tenebras

358 1836 480 1880 malis
495 1872 505 1891 ‚
538 1836 619 1880 nisi
650 1836 860 1880 Dominus
894 1834 1084 1879 molliret
1104 1851 1179 1880 eor
1195 1837 1286 1896 ejus
1308 1837 1596 1897 praesentibus
1616 1836 1754 1881 vtribu-

358 1906 596 1952 lationibus
617 1927 624 1951 :
657 1907 862 1952 adversus
892 1905 1025 1963 illud,
1051 1907 1172 1968 quod
1200 1907 1378 1953 indurat
1409 1911 1522 1954 Deus
1545 1925 1620 1954 cor
1642 1907 1752 1953 Pha*-

360 1979 542 2023 raonis⁶.

417 2051 581 2094 XXIV.
599 2069 619 2092 (ι
633 2051 777 2103 Quare
791 2049 1028 2093 Dominum
1043 2064 1132 2094 non
1144 2048 1371 2094 latuerunt
1382 2051 1501 2095 horae
1521 2070 1529 2095 :
1549 2069 1570 2093 »
1586 2053 1752 2104 Quam-

357 2121 525 2176 obrem,
541 2120 626 2177 vel,
645 2124 815 2181 Itaque.
836 2140 855 2162 «
877 2120 1031 2163 Finem
1049 2121 1298 2178 transgressi
1316 2131 1418 2166 sunt
1436 2141 1443 2165 :
1466 2140 1486 2163 »
1508 2122 1747 2167 Christum.

363 2212 383 2235 «
410 2196 467 2237 Et
487 2192 812 2236 inclinaverunt
833 2207 1044 2251 pauperes
1067 2207 1089 2235 a
1115 2191 1183 2236 via
1205 2192 1344 2252 justa⁷
1370 2212 1377 2237 :
1404 2211 1424 2234 ))
1450 2201 1501 2237 ut
1516 2192 1587 2237 vel
1603 2192 1750 2238 imita-

357 2274 509 2308 rentur
532 2280 620 2320 eos,
641 2263 710 2308 vel
728 2263 831 2307 inde
849 2262 1166 2307 arbitrarentur
1188 2279 1276 2308 non
1299 2279 1389 2308 esse
1410 2264 1609 2308 divinum
1626 2264 1750 2325 judi-

357 2336 490 2392 cium,
518 2336 619 2395 quia
651 2334 913 2395 impunitam
935 2332 1145 2378 videbant
1165 2334 1397 2391 malitiam,
1423 2351 1509 2396 qua
1531 2335 1589 2380 eis
1615 2351 1750 2381 noce-

356 2406 464 2452 bant
487 2406 782 2467 relinquentes
798 2406 1026 2467 justitiam.
1051 2425 1070 2447 «
1088 2405 1225 2451 Simul
1247 2405 1491 2451 absconditi
1507 2416 1610 2451 sunt
1627 2408 1749 2452 mites

358 2498 377 2520 »
416 2488 541 2523 terrae
559 2499 568 2523 :
593 2497 613 2520 »
634 2494 736 2523 cum
752 2479 817 2522 his
836 2478 913 2538 qui
931 2476 1261 2523 declinaverunt
1284 2494 1308 2522 a
1328 2478 1397 2523 via
1410 2479 1544 2539 justa⁷
1563 2479 1748 2524 abscon-

408 2584 415 2599 ¹
448 2576 528 2608 Psal.
560 2586 717 2617 cxxxviii,
738 2576 768 2607 8.
798 2593 838 2598 —
866 2582 876 2597 2
897 2574 1086 2616 Job.xx111‚
1111 2585 1143 2617 9.
1164 2592 1205 2596 —-
1221 2573 1234 2598 3
1254 2575 1335 2607 Ibid.
1357 2586 1417 2617 10,
1436 2587 1489 2618 11,
1513 2576 1551 2607 13
1577 2580 1610 2608 et
1633 2574 1683 2618 14.
1705 2592 1747 2598 -

354 2630 470 2664 lolbid.
500 2632 549 2664 ιε’).
572 2649 612 2653 ——
631 2629 644 2653 5
661 2631 740 2663 Ibid.
767 2630 875 2663 1G.-
890 2628 905 2653 6
924 2629 1024 2663 lixod.
1046 2641 1103 2672 vu,
1123 2631 1153 2662 3.
1174 2648 1216 2653 -
1236 2631 1326 2663 TJob
1356 2641 1445 2673 xxiv,
1468 2642 1480 2663 1
1499 2635 1531 2664 ct
1549 2630 1581 2674 4.
