1833 3284
282 310 525 338 ENARRATIO
558 310 607 338 111
641 311 686 338 IN
717 306 920 340 PsAIMUM
953 311 1108 349 xxxii,
1143 309 1270 337 SERM.
1308 311 1355 338 11.
1419 295 1504 336 485

114 394 134 416 »
169 375 286 420 diam
308 386 351 421 et
365 375 620 436 judicium¹.
640 396 660 418 »
687 379 771 431 Qui
789 393 891 437 ergo
904 377 1239 422 misericordiam
1254 375 1412 436 diligit,
1428 376 1504 419 mi-

110 456 290 491 seretur.
308 447 392 501 Qui
405 457 551 492 autem
565 449 805 503 miseretur,
817 457 958 508 potest
969 449 1222 509 promittere
1236 457 1277 492 et
1296 463 1384 492 non
1400 446 1503 491 dare

110 517 188 576 qui
207 526 352 577 posset
368 516 471 562 dare
493 518 659 562 etiamsi
680 534 769 564 non
791 519 1088 578 promitteret?
1111 521 1224 576 Ergo
1240 518 1342 578 quia
1360 516 1503 575 diligit

109 587 467 644 misericordiam,
483 598 655 649 oportet
669 598 719 633 ut
737 589 935 633 exhibeat
953 589 1073 650 quod
1086 588 1302 649 promittit
1320 608 1327 632 :
1344 597 1386 631 et
1399 586 1501 647 quia

109 658 251 718 diligit
272 659 510 720 judicium,
534 670 703 718 oportet
725 670 775 705 ut
795 661 938 720 exigat
956 658 1077 721 quod
1099 658 1235 704 dedit.
1264 657 1388 703 Unde
1409 658 1502 718 ipsc

108 729 321 775 Dominus
343 729 450 776 dicit
472 730 646 776 cuidam
669 747 813 787 servo,
844 734 1008 776 «Dares
1026 741 1075 776 tu
1092 728 1322 791 pecuniam
1340 743 1500 784 meam,

110 818 131 842 »
166 810 210 845 et
231 816 311 860 ego
335 802 514 847 veniens
533 818 635 847 cum
649 803 790 847 usuris
808 793 1025 862 exigerem
1038 806 1072 846 2.
1100 820 1120 843 »
1143 799 1272 855 Quod
1288 798 1387 844 ideo
1406 814 1504 842 mo-

107 887 260 917 nemus
275 909 285 929 ,
309 882 360 918 ut
381 874 565 919 sciamus
587 872 707 935 'quod
733 873 864 919 modo
888 873 1148 918 audivimus.
1169 875 1266 932 Ipse
1289 872 1405 916 enim
1430 869 1502 914 di-

106 944 166 989 cit
178 944 261 990 alio
282 944 380 990 loco
401 946 448 989 in
470 945 707 1004 Evangelio
734 965 742 990 :
774 948 902 1005 «Ego
925 961 1015 990 non
1030 944 1182 1006 judico
1200 957 1469 1004 quemquam
1490 960 1499 985 :

109 1032 130 1055 n
165 1030 306 1060 sermo
329 1031 462 1076 quem
482 1015 657 1061 locutus
680 1032 777 1061 sum
799 1016 885 1072 eis,
916 1016 1008 1076 ipse
1019 1014 1238 1076 judicabit
1260 1029 1332 1058 cos
1353 1013 1400 1057 in
1423 1028 1505 1056 no-

109 1102 131 1127 »
165 1086 337 1131 vissimo
359 1087 430 1131 die
445 1088 478 1130 3.
504 1107 522 1129 »
543 1089 633 1132 Nec
661 1103 705 1132 se
727 1096 902 1132 excuset
919 1122 930 1142 ,
955 1086 1031 1146 qui
1053 1085 1203 1130 audire
1225 1099 1315 1129 non
1331 1083 1428 1128 vult
1449 1096 1505 1125 ne

107 1156 230 1216 quasi
259 1157 311 1201 sit
341 1157 462 1217 quod
491 1156 546 1201 ab
571 1157 647 1202 illo
677 1159 885 1216 exigatur.
921 1157 1117 1217 Idipsum
1148 1156 1266 1200 enim
1299 1153 1501 1213 exigitur,

107 1228 209 1287 quia
241 1228 383 1272 noluit
416 1229 610 1288 accipere
638 1243 740 1273 cum
773 1227 965 1272 daretur.
998 1226 1132 1271 Aliud
1167 1235 1230 1270 est
1264 1225 1379 1269 enim
1413 1239 1504 1268 non

107 1313 234 1357 posse
287 1298 482 1358 accipere
503 1334 513 1353 ⁷
569 1297 689 1342 aliud
736 1296 854 1342 nolle
903 1317 911 1342 :
957 1296 1046 1342 illic
1089 1296 1307 1341 excusatio
1354 1308 1505 1339 neces-

106 1369 243 1415 sitatis
277 1379 360 1425 est,
407 1369 478 1413 hic
513 1379 657 1414 reatus
690 1369 942 1414 voluntatis.
976 1372 1092 1428 Ergo
1134 1388 1154 1410 «
1178 1367 1336 1411 Omnia
1374 1381 1505 1426 opera

109 1458 130 1482 »
166 1442 258 1501 ejus
279 1440 325 1484 in
346 1439 434 1484 fide
461 1460 469 1485 :
496 1440 640 1500 diligit
660 1439 1001 1485 misericordiam
1025 1448 1067 1482 et
1082 1437 1312 1499 judicium.
1329 1455 1348 1479 »
1375 1437 1505 1482 Acci-

106 1511 197 1571 pite
219 1510 558 1556 misericordiam
575 1546 586 1565 ‚
608 1520 650 1554 et
668 1511 816 1554 timete
831 1509 1046 1571 judicium
1063 1530 1073 1567 3
1091 1524 1147 1553 ne
1163 1507 1235 1552 illc
1253 1523 1355 1552 cum
1375 1522 1507 1551 vene-

109 1581 165 1626 rit
188 1591 239 1626 ut
271 1581 413 1640 exigat
441 1597 520 1626 nos
537 1617 547 1636 ,
575 1581 635 1626 sic
669 1597 747 1625 nos
769 1580 911 1640 exigat
933 1589 982 1624 ut
1004 1580 1152 1623 inanes
1176 1578 1380 1623 dimittat.
1405 1578 1509 1621 Exi-

109 1653 170 1711 git
199 1652 312 1696 enim
340 1652 578 1709 rationem3
614 1650 784 1696 reddita
812 1651 1001 1706 ratione,
1034 1649 1169 1695 donat
1197 1649 1501 1693 aeternitatem.

107 1722 303 1782 Accipite
340 1738 441 1781 ergo
461 1721 800 1766 misericordiam
817 1757 827 1777 ‚
853 1721 1006 1766 fratres
1020 1757 1030 1776 ,
1055 1720 1317 1780 accipiamus
1337 1734 1503 1764 omnes.

108 1795 246 1839 Nemo
268 1801 466 1838 nostrum
489 1792 536 1836 in
558 1791 811 1852 accipiendo
833 1791 1049 1846 dormiat,
1074 1806 1130 1834 ne
1153 1789 1208 1835 ad
1230 1788 1505 1834 reddendum

107 1863 222 1908 male
240 1864 464 1908 excitetur.
486 1863 683 1922 Accipite
705 1861 1039 1906 misericordiam
1064 1881 1072 1906 :
1098 1861 1157 1905 sic
1180 1859 1231 1905 ad
1252 1876 1330 1906 nos
1348 1863 1506 1904 clamat

108 1937 223 1979 Deus
241 1971 252 1990 ‚
272 1944 484 1995 tanquam
504 1934 538 1978 si
560 1943 756 1993 tempore
778 1932 902 1977 famis
921 1933 1139 1977 diceretur
1163 1951 1172 1976 ε
1189 1932 1384 1991 Accipite
1406 1931 1501 1974 fru-

108 2016 323 2051 mentum.
346 2005 476 2060 Quod
497 2020 598 2050 cum
616 2004 786 2049 audires
805 2014 1000 2064 ternpore
1018 2002 1142 2047 famis
1158 2039 1169 2058 ⁷
1192 2002 1391 2062 profecto
1410 2003 1503 2063 ipso

109 2077 286 2122 stimulo
309 2076 570 2122 necessitatis
603 2076 800 2121 concitus
828 2090 1044 2130 curreres,
1070 2090 1244 2119 versans
1267 2083 1310 2118 te
1331 2075 1413 2118 hac
1443 2083 1505 2118 at-

108 2164 195 2208 que
211 2147 310 2193 illac
325 2184 335 2203 ‚
361 2163 577 2208 quaereres
599 2146 719 2191 unde
738 2146 950 2206 acciperes
968 2144 1085 2206 quod
1111 2145 1279 2190 dictum
1300 2154 1365 2190 est
1395 2148 1504 2190 :Ac-

76 2236 89 2240 ·
109 2220 256 2279 cipite.
275 2223 448 2264 Etcum
465 2219 696 2272 invenires,
719 2217 897 2279 qnando
911 2227 954 2262 te
972 2219 1166 2262 teneres?
1183 2232 1314 2277 quam
1334 2231 1502 2261 moram

110 2292 434 2350 interponeres?
459 2291 525 2335 Sic
561 2299 604 2334 et
628 2306 748 2334 nunc
783 2289 949 2334 dictum
979 2298 1040 2332 est
1064 2308 1072 2333 :
1110 2288 1305 2347 Accipite
1335 2287 1503 2332 miscri-

110 2360 318 2405 cordiam.
345 2381 364 2403 «
381 2360 532 2420 Diligit
549 2360 666 2404 enim
689 2358 1029 2404 misericordiam
1047 2369 1090 2403 ct
1102 2359 1335 2419 judicium.
1351 2377 1370 2401 »
1391 2360 1504 2403 Cum

112 2431 327 2490 acceperis
342 2467 352 2487 ‚
385 2431 496 2474 bene
518 2439 641 2474 utere
659 2424 744 2488 3‘ut
761 2430 924 2475 bonam
946 2429 1160 2474 rationem
1187 2428 1341 2474 reddas
1359 2465 1370 2485 ‚
1401 2444 1504 2473 cum

107 2500 323 2562 judicium
339 2502 507 2547 venerit
523 2503 631 2562 ejus,
652 2502 728 2562 qui
745 2502 825 2546 tibi
841 2501 974 2546 modo
990 2511 1208 2561 praerogat
1227 2501 1274 2545 in
1290 2501 1370 2546 ista
1387 2499 1504 2546 fame

113 2572 468 2617 misericordiam.

162 2663 172 2679 ¹
191 2656 272 2689 ibid.
294 2657 323 2689 5.
341 2674 382 2682 —-
398 2664 411 2680 ²
424 2659 500 2689 Luc.
521 2667 587 2697 xix,
603 2656 657 2691 23.
670 2673 712 2679 -
730 2654 743 2680 3
759 2659 849 2689 Jonn.
866 2667 935 2696 vui,
958 2654 1010 2698 15,
1026 2660 1120 2697 ctxn,
1136 2655 1188 2697 48,
