1833 3284
233 278 477 308 ENARRATIO
508 281 541 307 11
573 281 619 307 IN
651 279 853 308 PsALMUM
884 281 1028 319 xxxu,
1063 278 1190 307 SEnM.
1227 281 1256 306 1.
1354 265 1439 306 469

58 362 78 386 »
111 345 376 403 speravimus
391 344 437 388 in
454 346 538 388 te¹.
560 345 692 389 »Fiat
713 345 1004 390 misericordia
1030 354 1116 400 tua,
1138 344 1344 400 Domine,
1363 360 1438 399 su-

52 429 129 474 per
149 430 228 460 nos
250 433 258 460 :
278 430 373 475 spes
395 415 510 459 enim
532 431 621 460 non
643 415 889 471 confundit,
906 417 1008 476 quia
1028 416 1292 476 speravimus
1306 416 1352 460 in
1373 425 1432 460 te.

486 532 1100 549 §AMWWW‘MMWMWOEXMMMNUIW

475 622 857 673 ENARRATio
894 626 942 672 ΙΙ

261 750 321 789 ΙΝ
357 749 617 791 EUMDEM
657 749 961 791 PSALMUM
1006 750 1214 790 XXXII.

52 530 272 553 mmmmm-nm

626 871 796 907 SERMO
824 871 882 907 12.

462 984 524 1026 De
540 981 679 1042 prima
694 990 818 1042 parte
839 980 1013 1026 Psalmi.

102 1087 122 1130 I
138 1088 299 1131 ,PsALM
307 1105 351 1131 us
367 1087 446 1131 iste
459 1086 683 1132 admonet³
698 1103 776 1132 nos
789 1086 982 1131 exultare
998 1087 1044 1130 in
1059 1086 1264 1131 Domino.
1282 1087 1436 1131 Inscri-

43 1156 163 1202 bitur
181 1167 327 1202 autem
342 1194 353 1214 ,
373 1159 500 1218 «Ipsi
522 1158 675 1203 David.
697 1177 717 1200 »
737 1159 821 1212 Qui
844 1174 947 1217 ergo
968 1158 1189 1218 pertinent
1211 1157 1267 1202 ad
1289 1173 1434 1202 sacra-

41 1228 256 1272 tissimum
285 1244 434 1273 semen
463 1228 624 1284 David,
655 1228 835 1272 audiant
864 1243 1016 1273 vocem
1050 1243 1194 1284 suam,
1220 1237 1264 1272 et
1285 1228 1434 1272 dicant

40 1314 191 1344 vocem
219 1315 362 1354 suam,
387 1308 431 1343 et
453 1299 648 1343 exultent
668 1299 714 1343 in
735 1299 938 1343 Domino.
973 1299 1041 1344 Sic
1071 1308 1217 1343 autem
1249 1299 1429 1358 incipit:

45 1389 66 1413 «
98 1369 305 1415 Exultate
323 1371 429 1431 justi
451 1371 497 1415 in
515 1371 718 1416 Domino.
742 1389 762 1412 »
781 1371 936 1431 Injusti
956 1369 1152 1414 exultent
1172 1371 1218 1413 in
1240 1370 1400 1414 saeculo
1419 1391 1432 1431 3

39 1441 164 1486 finito
180 1441 355 1497 saeculo,
373 1443 524 1487 finitur
541 1442 750 1487 exultatio
765 1443 1042 1502 injustorum.
1058 1442 1269 1486 Exultent
1284 1452 1432 1486 autem

32 1512 140 1571 justi
161 1512 208 1556 in
236 1512 425 1568 Domino
452 1532 461 1557 ε
489 1513 591 1573 quia
613 1522 896 1572 permanente
918 1512 1125 1568 Domino,
1156 1512 1432 1572 permanebit

32 1583 252 1642 Justorum
268 1582 492 1627 exultatio.
518 1582 725 1627 Exultare
748 1592 896 1627 autem
918 1583 963 1626 in
984 1584 1171 1627 Domino
1194 1583 1254 1627 ita
1275 1598 1432 1627 conve-

29 1654 119 1709 ·nit,
145 1663 195 1699 ut
215 1654 444 1699 laudemus
467 1654 608 1710 illum,
635 1654 751 1699 solus
779 1671 869 1699 non
890 1655 1025 1699 habet
1046 1655 1167 1714 quod
1188 1654 1314 1698 nobis
1338 1654 1429 1698 dis-

36 1723 214 1784 pliceat,
236 1734 279 1769 et
299 1741 430 1769 nemo
454 1734 543 1769 tam
563 1724 703 1768 multa
721 1725 856 1769 habet
879 1741 980 1785 quae
1002 1724 1254 1768 infidelibus
1275 1724 1428 1784 displi-

36 1805 151 1840 cent.
172 1799 229 1840 Et
250 1796 383 1840 breve
404 1805 674 1856 praeceptum
696 1805 759 1840 est
778 1816 786 1841 ;
810 1795 889 1840 Ille
911 1795 1055 1855 placet
1071 1799 1178 1851 Deo,
1199 1796 1268 1840 cui
1286 1795 1430 1855 placet·

13 1905 14 1908 ,
34 1869 165 1912 Deus.
182 1870 270 1914 Nec
286 1867 381 1913 leve
398 1868 559 1928 putetis
576 1869 676 1922 hoc,
693 1868 956 1912 Charissimi.
977 1867 1144 1912 Videtis
1160 1868 1276 1912 enim
1293 1883 1428 1928 quam

34 1937 163 1982 multi
195 1938 421 1998 disputent
449 1947 600 1982 contra
630 1942 794 1991 Deum,
822 1954 955 1998 quam
989 1938 1137 1982 multis
1170 1938 1428 1997 displiceant

35 2023 166 2068 opera
188 2009 294 2069 ejus.
320 2010 432 2053 Cum
455 2009 571 2051 enim
592 2007 735 2052 facere
761 2008 950 2052 voluerit
971 2018 1122 2052 contra
1153 2008 1428 2053 voluntatem

34 2078 286 2134 hominum,
318 2079 420 2139 quia
447 2078 658 2123 Dominus
686 2087 771 2133 est,
803 2088 847 2122 et
877 2078 1000 2123 novit
1028 2078 1138 2138 quid
1168 2076 1319 2134 faciat,
1346 2093 1428 2122 nec

35 2158 126 2194 tam
156 2149 343 2194 attendit
376 2158 568 2193 nostram
599 2149 872 2194 voluntatem
900 2165 1032 2209 quam
1055 2148 1288 2193 utilitatem
1318 2169 1326 2195 z
1362 2148 1427 2193 illi

35 2220 112 2281 qui
139 2219 311 2264 malunt
336 2235 459 2264 suam
487 2219 759 2264 voluntatem
792 2219 963 2279 impleri
994 2236 1127 2280 quam
1150 2220 1249 2276 Dei,
1270 2220 1426 2265 volunt

35 2290 92 2335 ad
120 2305 243 2334 suam
264 2289 537 2335 voluntatem
560 2290 734 2335 flectere
757 2294 919 2345 Deum,
945 2307 1035 2335 non
1056 2307 1180 2335 suam
1209 2291 1425 2350 corrigere

35 2360 92 2405 ad
113 2364 266 2409 Deum.
290 2359 465 2405 Talibus
486 2361 737 2405 hominibus
758 2361 1030 2416 infidelibus,
1055 2361 1218 2421 impiis,
1243 2361 1422 2422 iniquis,

82 2463 92 2479 ¹
114 2455 194 2488 Psal.
212 2467 313 2498 xxxii,
327 2464 382 2488 22.
403 2473 446 2480 —·
465 2464 478 2479 ²
494 2458 598 2489 Serm.
617 2468 641 2499 1,
656 2458 698 2490 de
714 2458 816 2500 prima
835 2462 928 2500 parte
946 2457 1059 2489 Psalmi
1076 2468 1177 2490 xxxu.
1202 2460 1306 2490 Docet
1322 2461 1423 2490 Deum

33 2512 224 2545 laudandum
243 2522 311 2544 esse
327 2511 359 2543 in
385 2512 526 2544 adversis
544 2517 577 2544 et
602 2513 633 2544 in
658 2513 836 2555 prosperis;
856 2515 974 2555 Legem
992 2524 1100 2545 amore
1125 2513 1259 2553 justitiae
1274 2513 1398 2555 impleri
1414 2526 1422 2544 ε

35 2566 285 2600 misericordiam
302 2572 392 2600 recte
410 2579 474 2599 non
499 2567 644 2601 adhiberi
672 2568 729 2600 nisi
746 2579 819 2601 cum
835 2568 972 2609 justitia.
1005 2585 1042 2590 -
1074 2566 1088 2590 3
1107 2568 1186 2599 Vide
1212 2571 1247 2600 D.
1268 2568 1394 2600 Guillon
1412 2593 1420 2608 ‚

37 2627 115 2656 tom.
134 2634 203 2664 xxi,
226 2634 299 2666 pag.
319 2622 478 2665 427-443.
