1833 3284
397 288 741 318 Annon-nouum
775 291 822 318 m
853 291 951 330 son,
986 291 1124 318 tumr..
1407 282 1462 320 89

74 356 133 400 ita
153 353 264 400 illud
294 370 413 400 mare
433 371 661 416 quousque
687 365 1017 416 persequeretur
1038 357 1291 402 Ecclesiam.
1329 375 1347 398 «
1376 357 1462 402 Sed

78 446 97 468 »
131 427 179 470 in
200 427 427 486 temetipso
448 427 802 471 comminuentur
829 427 988 472 fluctus
1009 429 1075 473 tui
1100 448 1108 473 :
1131 449 1149 470 »
1177 428 1343 473 alterna
1364 444 1462 473 vas-

73 497 237 542 tatione
262 497 578 542 discordiarum
596 506 727 558 atque
744 497 974 543 bellorum.
1005 517 1024 539 «
1049 502 1140 543 Aut
1158 499 1379 560 numquid
1394 509 1462 544 te-

78 587 97 610 »
132 581 233 612 cum
254 567 398 613 lucem
412 568 613 613 constitui
628 569 910 614 matutinam¹
926 572 944 614 Ρ
963 589 980 611 »
1006 570 1052 614 id
1071 579 1150 625 est,
1165 585 1266 614 cum
1279 570 1460 615 consilio

73 647 151 683 tuo
180 647 352 698 tempus
382 639 704 684 resurrectionis
735 639 1053 699 praedestinavi.
1097 644 1226 686 «Aut
1255 641 1462 700 cognovit

78 728 96 751 »
132 709 305 754 Lucifer
337 708 536 754 ordinem
574 712 731 754 suum?
760 730 777 751 »
814 710 1168 756 subaudiendum
1198 720 1286 766 est,
1319 714 1460 756 Num-

71 777 181 839 quid
210 781 387 823 tecum?
408 779 646 824 Dominum
669 789 813 824 autem
839 780 1091 825 Luciferum
1125 782 1250 836 dicit,
1282 791 1462 841 propter

70 849 215 908 ipsum
243 850 509 894 matutinum
530 851 855 895 resurrectionis
878 861 1091 896 exortum.
1131 855 1230 897 Non
1259 853 1375 896 enim
1403 852 1460 896 de

71 917 156 963 alio
172 918 259 963 dici
276 919 423 979 potuit
443 938 453 964 :
474 922 561 965 «Et
580 920 756 965 Lucifer
780 916 945 965 oriatur
964 922 1010 966 in
1028 921 1234 966 cordibus
1250 922 1401 966 vestris
1423 923 1456 965 ².

74 1008 95 1032 »
130 991 227 1048 Ipse
249 989 427 1049 agnovit
442 990 640 1035 ordinem
658 1007 784 1035 suum
796 1027 807 1047 ‚
832 1001 882 1036 ut
896 1001 1006 1036 esset
1018 992 1220 1052 primitiae
1238 992 1462 1036 dormien-

74 1078 93 1100 »
127 1059 240 1104 tium
255 1095 266 1116 ,
292 1061 606 1121 primogenitus
628 1077 652 1106 a
682 1063 886 1118 mortuis,
922 1072 1055 1123 caput
1077 1061 1283 1107 Ecclesiae
1300 1098 1310 1118 ‚
1336 1078 1462 1107 secu-

74 1149 93 1171 »
128 1139 228 1175 turo
271 1131 402 1175 etiam
443 1147 624 1191 corpore
664 1133 709 1177 in
750 1133 900 1178 futura
937 1134 1251 1178 resurrectione
1289 1142 1463 1178 sancto-

73 1218 92 1241 »
128 1203 265 1246 rum3.
305 1202 649 1262 Apprehendere
679 1218 844 1262 pennas
872 1204 1050 1261 terrae⁴3
1080 1225 1098 1246 »
1135 1204 1300 1248 dictum
1344 1212 1408 1248 est
1447 1223 1458 1249 ε

73 1290 92 1312 «
129 1272 174 1317 Si
195 1273 399 1332 recipiam
421 1288 586 1333 pennas
616 1289 733 1319 meas
758 1275 805 1319 in
828 1275 1068 1320 directum⁵
1091 1295 1100 1321 ε
1126 1296 1143 1318 »
1169 1276 1351 1320 virtutes
1369 1275 1462 1319 uti-

69 1358 156 1403 que
178 1343 388 1403 spiritales
409 1343 629 1400 fidelium,
650 1345 812 1406 quibus
833 1363 856 1390 a
878 1346 1158 1392 saecularibus
1181 1346 1460 1406 suspendun-

68 1423 142 1458 tur
163 1414 392 1460 illecebris.
430 1434 449 1456 «
473 1418 688 1461 Excutere
719 1417 873 1477 impios
902 1433 954 1462 ex
978 1433 1026 1462 ea
1042 1419 1080 1462 ⁶.
1106 1438 1124 1459 »
1148 1418 1218 1462 Ad
1239 1419 1323 1462 hoc
1345 1418 1460 1462 enim

67 1485 186 1544 prior
218 1495 342 1531 tanto
365 1495 464 1531 ante
486 1487 719 1532 resurrexit
739 1503 974 1545 agnoscens
998 1488 1195 1532 ordinem
1227 1503 1378 1543 suum,
1411 1497 1463 1532 ut

68 1555 202 1600 fidem
239 1558 563 1602 resurrectionis
595 1558 860 1614 insinuaret,
895 1568 1026 1619 atque
1057 1575 1135 1619 per
1156 1559 1268 1619 ipsas
1294 1574 1461 1618 pennas

0 1662 1 1683 2
67 1625 273 1671 Ecclesiae
293 1628 458 1688 ubique
479 1627 736 1688 praedicatus
752 1665 763 1684 ‚
786 1629 1026 1674 ministerio
1050 1629 1462 1674 circumvolantium

0 1704 1 1714 ¹
67 1699 324 1743 nuntiorum
341 1734 352 1754 ‚
369 1701 487 1759 juste
509 1699 808 1759 apprehendat
829 1715 899 1745 eas
913 1701 959 1744 in
976 1716 1084 1760 opus
1101 1699 1329 1760 judicandi
1348 1699 1462 1744 duo-

68 1765 211 1812 decim
242 1769 382 1814 tribus
406 1769 559 1825 Israel,
586 1786 688 1814 cum
717 1771 885 1815 venerit
905 1780 1107 1815 excutere
1127 1771 1281 1830 impios
1305 1786 1355 1814 ex
1374 1773 1460 1814 Ec-

68 1837 212 1893 clesia,
233 1841 309 1900 qui
324 1856 442 1885 nunc
454 1850 554 1885 ante
571 1840 786 1902 judicium
804 1842 1006 1901 permixti
1023 1841 1281 1886 tolerantur.
1307 1860 1323 1882 «
1343 1844 1400 1885 Et
1415 1851 1463 1885 tu

7 1931 13 1935 ·
75 1928 92 1948 ν)
127 1924 302 1955 sumens
333 1920 460 1956 terrae
497 1910 645 1955 lutum
674 1911 867 1969 figurasti
896 1911 1159 1956 animal⁷1³»
1196 1912 1285 1956 sive
1318 1912 1462 1971 ipsum

68 1977 211 2023 Adam
228 1991 563 2036 commemoret,
597 1983 685 2026 sive
707 1982 828 2041 quod
851 1998 969 2026 nunc
993 1992 1109 2026 sexta
1132 1991 1260 2026 aetate
1281 1981 1460 2036 saeculi,

68 2049 180 2094 sicut
208 2059 313 2096 tunc
343 2061 461 2096 sexto
488 2052 584 2107 die,
615 2052 670 2096 de
703 2053 1006 2112 peccatoribus
1039 2062 1250 2113 tanquam
1282 2053 1337 2096 de
1368 2051 1463 2097 luto

73 2128 196 2164 terrae
228 2122 363 2167 homo
393 2121 536 2167 factus
567 2124 673 2177 est⁸‚
703 2121 947 2167 secundum
978 2123 1208 2180 imaginem
1239 2124 1350 2182 ejus,
1388 2123 1464 2182 qui

69 2191 232 2237 creavit
262 2208 378 2237 eum.
407 2196 506 2239 Non
527 2194 681 2254 utique
703 2194 787 2238 hoc
819 2192 922 2238 fecit
946 2193 1161 2248 Ecclesia,
1198 2193 1273 2237 sed
1307 2194 1353 2237 in
1379 2194 1464 2238 hoc

70 2263 215 2323 potius
236 2263 352 2308 facta
372 2267 438 2309 est
452 2280 531 2324 per
550 2266 747 2309 Verbum
768 2274 1018 2325 opportuno
1041 2274 1238 2324 tempore
1259 2265 1465 2310 incarna-

70 2342 187 2388 tum,
208 2349 286 2393 per
307 2333 429 2395 quod
444 2334 558 2380 facta
571 2344 675 2380 sunt
696 2336 842 2380 omnia
855 2337 887 2379 9.
919 2338 1005 2380 «Et
1027 2334 1243 2380 famosum
1266 2351 1368 2380 eum
1388 2351 1466 2396 po-

76 2422 95 2444 »
129 2403 250 2448 suisti
262 2419 393 2463 super
414 2407 646 2449 terram10?
672 2425 690 2446 »
714 2406 852 2465 Magis
874 2406 954 2450 iste
975 2406 1108 2450 homo
1130 2406 1320 2451 lamosus
1342 2407 1464 2466 posi-

119 2516 129 2532 ¹
149 2509 223 2542 Job.
244 2521 385 2553 xxxvm,
406 2520 459 2544 12.
482 2529 526 2534 —-
560 2519 574 2534 ²
606 2523 619 2544 1
641 2514 726 2544 Petr.
753 2524 786 2554 1,
817 2524 868 2555 19.
896 2530 938 2535 —
971 2511 984 2536 3
1009 2525 1021 2545 1
1041 2515 1112 2546 Cor.
1136 2525 1198 2553 xv,
1218 2523 1274 2547 20.
1293 2532 1335 2536 —
1353 2513 1369 2544 4
1388 2514 1463 2546 sol».

72 2573 212 2607 xxxvm,
234 2565 284 2597 13.
311 2583 353 2588 —
369 2564 479 2598 51‘sa1.
498 2577 647 2609 cxxxvm,
665 2578 698 2610 9.
720 2585 762 2590 —
784 2566 799 2590 6
815 2568 888 2599 Job.
911 2579 1051 2611 xxxvm,
1075 2571 1125 2602 13.
1152 2577 1221 2602 —-7
1241 2570 1323 2602 Ibid.
1348 2569 1400 2611 14.
1422 2587 1463 2592 -—

74 2617 90 2641 ⁸
107 2622 185 2652 Gen.
210 2633 232 2661 ι,
254 2632 303 2653 11.
321 2639 361 2644 —-
376 2629 392 2655 9
409 2612 544 2663 Ιοᾶη.ἰ,
565 2624 596 2655 3.
613 2641 654 2646 --
682 2631 710 2646 ¹⁰
729 2624 802 2656 Job.
825 2636 958 2666 xxxvm,
984 2624 1036 2667 14.
