1833 3284
435 263 678 293 ENAnnAno
710 266 756 293 nv
788 263 992 294 PsALMuM
1023 266 1089 292 111.
1370 253 1452 292 127

69 329 250 390 quidem
276 328 445 389 ubique
461 363 473 384 ,
497 328 575 373 sed
593 328 673 373 ubi
694 338 987 388 congruenter
1016 328 1102 373 dici
1135 337 1298 389 potest,
1319 326 1457 373 'veluti

65 415 171 445 cum
195 400 286 460 ipse
302 399 426 461 loqui
446 399 622 455 dicitur,
643 399 821 460 quando
841 401 930 460 ejus
957 398 1074 444 dono
1089 399 1336 460 loquuntur
1353 402 1457 443 Pro-

67 470 297 531 phetae-vel
308 470 523 531 Apostoli,
543 469 614 516 vel
630 471 794 531 quique
815 471 960 516 nuntii
975 470 1183 515 veritatis.
1209 469 1335 514 Unde
1346 468 1461 513 illud

68 550 162 600 est,
188 543 293 586 «An
315 540 452 587 vultis
473 540 822 600 experimentum
843 541 1039 601 accipere
1065 542 1157 601 ejus
1172 575 1183 596 ,
1213 540 1292 601 qui
1314 540 1362 583 in
1387 553 1458 582 me

0 669 1 672 Ἰ
71 611 324 675 »loquitur
344 611 597 658 Christus1?
617 629 638 654 »
672 614 771 658 Non
791 612 909 656 enim
928 612 989 656 ait
1022 631 1033 656 ι
1057 612 1162 672 Ejus
1183 626 1273 671 quo
1294 609 1460 654 illumi-

0 705 1 735 3
69 693 225 739 nante,
244 683 515 745 auti-jubente
535 682 694 744 loquor
719 704 729 729 ε
747 683 824 728 sed
845 699 1018 744 prorsus
1034 684 1174 744 ipsam
1188 682 1459 728 locutionem

69 754 135 800 illi
155 755 332 811 tribuit,
356 756 480 815 cujus
501 770 684 799 munere
705 754 986 815 loquebatur.

130 828 232 870 VII.
271 825 526 878 «Quoniam
542 834 592 870 tu
614 826 860 885 percussisti
877 840 1027 869 omnes
1049 825 1327 870 adversantes
1353 821 1482 867 mihi·

75 914 98 939 »
129 895 226 940 sine
251 898 422 940 causa2.
441 913 462 937 »
487 899 586 942 Non
617 896 677 940 ita
711 895 1069 954 distinguendum
1096 905 1186 951 est,
1222 894 1345 955 quasi
1377 908 1466 937 una

72 966 288 1012 sententia
318 967 395 1022 sit,
443 959 652 1025 «Exurge
669 1002 680 1022 ,
714 968 921 1021 Domine,
957 966 1123 1011 salvum
1147 981 1217 1010 me
1234 964 1324 1019 fac,
1351 967 1466 1009 Deus

77 1055 98 1080 ³>
132 1043 279 1093 meus,
311 1037 522 1097 quoniam
544 1047 595 1082 tu
617 1037 863 1097 percussisti
887 1052 1037 1081 omnes
1060 1038 1338 1081 adversantes
1360 1033 1469 1078 mihi

77 1125 98 1150 n
132 1107 225 1152 sine
255 1124 400 1153 causa.
430 1127 450 1150 »
486 1110 585 1154 Non
616 1108 732 1152 enim
763 1116 991 1168 propterea
1014 1106 1182 1151 salvum
1212 1106 1339 1160 facit,
1367 1104 1471 1165 quia

73 1178 286 1237 percussit
304 1178 502 1223 inimicos
526 1180 619 1239 ejus
639 1197 647 1222 :
667 1177 742 1222 sed
769 1177 915 1237 potius
932 1178 1026 1237 ipso
1048 1177 1167 1222 salvo
1191 1176 1306 1221 facto
1324 1210 1335 1230 ‚
1372 1174 1469 1219 illos

76 1249 302 1309 percussit.
338 1252 455 1308 Ergo
476 1248 533 1294 ad
558 1248 606 1293 id
633 1249 756 1309 quod
777 1249 974 1309 sequitur
994 1249 1210 1308 pertinet,
1234 1258 1286 1292 ut
1309 1249 1389 1292 iste
1419 1247 1474 1291 sit

77 1335 226 1364 sensus
250 1338 260 1364 ι
282 1320 533 1373 «Quoniam
544 1329 595 1364 tu
613 1319 859 1379 percussisti
882 1334 1033 1363 omnes
1057 1319 1332 1364 adversantes
1366 1317 1475 1380 mihi

82 1407 103 1432 ²>
137 1390 230 1435 sine
255 1405 383 1435 causa
398 1424 410 1446 ,
433 1389 591 1434 ⁴dentes
614 1399 894 1450 peccatorum
920 1390 1162 1434 contrivisti
1178 1392 1192 1415 3
1219 1409 1229 1435 :
1259 1408 1279 1431 »
1304 1388 1350 1433 id
1381 1397 1471 1443 est,

78 1460 184 1506 inde
216 1460 460 1506 contrivisti
480 1460 633 1505 dentes
655 1470 961 1520 peccatorum,
991 1461 1200 1520 quoniam
1227 1458 1475 1520 percussisti

79 1538 232 1578 omnes
257 1531 535 1576 adversantes
551 1531 674 1575 mihi.
696 1535 830 1575 Poena
851 1532 1015 1592 quippe
1042 1531 1366 1576 adversantium
1385 1538 1449 1573 est
1462 1564 1473 1585 ,

68 1618 167 1663 ‚qua
192 1602 344 1647 dentes
366 1617 519 1647 eorum
543 1602 719 1646 contriti
749 1611 878 1658 sunt,
904 1601 950 1646 id
976 1611 1062 1657 est,
1087 1602 1133 1645 in
1159 1602 1331 1646 irritum
1353 1600 1479 1661 quasi

67 1672 392 1734 inpulverem
422 1674 633 1734 perducta
664 1673 799 1718 verba
829 1683 1110 1733 peccatorum
1146 1672 1480 1718 dilacerantium

81 1744 324 1790 maledictis
355 1744 519 1790 Filium
541 1745 620 1790 Dei
645 1763 654 1789 ε
685 1753 736 1789 ut
767 1745 827 1789 sic
849 1746 1108 1805 accipiamus
1134 1744 1287 1790 dentes
1302 1779 1314 1800 ,
1343 1744 1478 1789 verba

62 1815 320 1872 >maledica,
350 1815 514 1876 quibus
533 1814 742 1860 dentibus
764 1815 873 1860 dicit
903 1815 1138 1876 Apostolus
1161 1835 1170 1861 ι
1209 1835 1230 1858 «
1263 1817 1306 1861 Si
1331 1825 1479 1860 autem

0 1913 4 1922 ·
46 1904 49 1907 ·
83 1905 107 1930 ω
124 1887 334 1933 mordetis
344 1887 553 1943 invicem,
566 1887 712 1932 videte
728 1902 784 1931 ne
797 1888 1114 1932 consumamini
1126 1888 1181 1932 ab
1202 1888 1387 1933 invicem
1400 1888 1433 1930 4.
1454 1904 1475 1928 »

64 1987 66 1989 v
87 1961 280 2003 Possunt
296 1967 344 2002 et
379 1956 534 2002 dentes
555 1967 835 2017 peccatorum
868 1958 1006 2017 accipi
1031 1958 1248 2017 principes
1275 1966 1479 2017 peccato-

87 2043 210 2083 rum,
243 2043 434 2088 quorum
462 2028 719 2071 auctoritate
751 2027 936 2088 quisque
971 2028 1026 2071 de
1049 2028 1252 2072 societate
1281 2037 1396 2072 recte
1415 2027 1483 2072 vi-

85 2099 285 2144 ventium
313 2097 583 2158 praeciditur,
613 2107 658 2142 et
681 2099 805 2158 quasi
826 2098 1130 2157 incorporatur
1159 2098 1273 2142 male
1293 2098 1484 2143 viventi-

86 2169 188 2214 bus.
212 2169 289 2213 His
303 2168 512 2213 dentibus
529 2169 734 2213 contrarii
756 2178 858 2212 sunt
875 2169 1027 2212 dentes
1044 2168 1250 2213 Ecclesiae
1261 2204 1272 2224 ,
1292 2184 1483 2228 quorum

85 2239 351 2284 auctoritate
372 2238 428 2283 ab
463 2253 608 2283 errore
634 2239 864 2297 gentilium
885 2239 1196 2299 variorumque
1227 2239 1485 2298 dogmatum

7 2310 11 2317 ’
73 2308 634 2370 ,ριἐεοὶᾶιιηῐαΐόιτθᾱεῐιωε
649 2344 660 2365 ,
694 2319 738 2354 et
752 2309 800 2354 in
821 2325 915 2354 eam
934 2325 1038 2370 quae
1059 2310 1221 2355 Christi
1242 2325 1400 2370 corpus
1423 2318 1488 2354 est

69 2379 438 2426 --transferuntur.·
462 2380 538 2424 His
559 2379 767 2425 dentibus
789 2379 957 2425 dictum
980 2390 1044 2425 est
1069 2384 1196 2426 Petro
1223 2390 1274 2425 ut
1303 2379 1486 2424 mandu-

75 2459 213 2495 ÷caret
242 2460 430 2497 mactata
460 2450 705 2507 animalia⁵,
745 2451 792 2495 id
819 2461 904 2507 est,
935 2451 1178 2497 occidendo
1212 2453 1257 2496 in
1287 2452 1490 2512 gentibus

80 2558 83 2560 ·
144 2553 153 2569 ¹
182 2555 203 2578 2
231 2535 406 2590 Cor.xu1,
436 2547 467 2580 3.
486 2562 528 2570 -
549 2553 562 2569 ²
584 2545 664 2580 Psal.
683 2556 732 2590 ni,
754 2547 786 2580 8.
813 2564 850 2571 —
871 2545 884 2570 3
901 2547 984 2580 Ibid.
1010 2546 1080 2573 -A
1098 2548 1166 2582 Gal.
1188 2559 1227 2591 v,
1248 2546 1354 2582 1³5.—
1378 2547 1394 2572 5
1415 2550 1490 2582 Act.

101 2613 142 2645 x,
163 2602 214 2636 13.
