1833 3284
213 244 454 272 ENAnuAno
486 246 517 271 11
551 246 596 272 IN
630 243 831 272 PSALMUM
867 247 980 281 xxx.
1015 245 1141 272 sunu.
1180 248 1208 271 1.
1324 233 1401 274 401

23 330 43 352 »
78 310 335 355 vestimenta
355 326 451 354 mea
467 345 478 364 ,
510 319 554 355 et
574 326 703 370 super
724 319 886 355 vestem
914 326 1055 355 meam
1078 311 1290 355 miserunt
1313 307 1415 356 sor-‘

29 400 49 424 »
85 391 174 427 tem
189 384 201 408 ¹
224 401 233 426 :
256 401 276 423 n
296 391 347 426 ut
367 392 411 426 te
433 382 686 426 admoneret
708 383 753 426 in
770 399 813 426 se
830 376 1025 426 hocesse
1049 383 1315 442 completum
1331 419 1341 438 ‚
1365 383 1410 428 in

25 468 130 498 voce
150 469 226 498 sua
245 453 392 513 posuit
412 462 545 508 eaput
560 454 690 514 ipsius
713 452 871 497 Psalmi
893 471 902 497 ε
926 471 946 495 «
970 455 1085 497 Deus
1099 488 1110 508 ,
1131 457 1245 498 Deus
1262 470 1383 498 meus
1396 489 1407 509 ‚

26 542 48 566 »
81 533 133 568 ut
153 524 261 585 quid
277 539 347 568 me
364 522 632 584 dereliquisti
646 526 688 568 ²?
708 543 728 565 »
749 526 807 568 Et
823 532 967 567 tamen
992 539 1143 567 vocem
1161 525 1352 584 corporis
1367 526 1412 570 in

23 610 68 639 se
84 594 426 653 transfiguravit:
446 610 536 639 non
554 595 670 638 enim
691 594 877 639 Unicum
894 609 1022 638 suum
1037 597 1163 638 Pater
1176 594 1413 656 aliquando

24 665 272 727 dereliquit.
302 685 322 708 «
343 665 580 710 Redemisti
597 681 688 721 me,
713 665 899 711 Domine
920 668 1035 709 Deus
1055 666 1262 710 veritatis.
1287 685 1306 707 »
1335 670 1414 711 Fa-

23 736 141 782 ciens
157 772 167 791 ‚
193 736 315 798 quod
335 736 594 797 promisisti,
614 753 705 782 non
725 736 879 781 fallens
901 736 946 780 in
968 736 1284 795 pollicitatione
1311 746 1410 792 tua,

26 809 139 851 Deus
154 807 361 852 veritatis.

83 879 187 922 XII.
212 896 232 920 «
252 877 392 922 Odisti
414 876 692 922 observantes
714 879 949 922 vanitatem
971 893 1252 938 supervacue.
1273 897 1292 919 »
1312 879 1417 932 Quis

25 947 226 993 observat
246 948 611 1002 vanitatemPQui
628 949 825 993 timendo
849 950 961 994 mori
977 950 1177 994 moritur.
1207 950 1419 994 Timendo

25 1020 143 1064 enim
171 1019 281 1065 mori
302 1021 526 1076 mentitur,
553 1030 596 1064 et
615 1020 802 1065 moritur
826 1030 1060 1081 antequam
1089 1021 1313 1075 moriatur,
1343 1021 1420 1082 qui

27 1090 126 1136 ideo
148 1091 444 1136 mentiebatur
465 1101 515 1136 ut
530 1091 710 1136 viveret.
736 1092 913 1136 Mentiri
933 1092 996 1136 vis
1011 1127 1021 1147 ‚
1049 1107 1104 1136 ne
1128 1092 1323 1136 moriaris
1343 1112 1350 1136 :
1377 1101 1422 1136 et

27 1161 248 1218 mentiris,
280 1172 324 1207 et
344 1163 550 1220 moreris3
584 1171 628 1207 et
649 1177 749 1206 cum
773 1162 881 1207 vitas
909 1178 1043 1207 unam
1074 1171 1258 1207 mortem
1287 1177 1421 1222 quam

28 1232 205 1278 differre
225 1234 386 1294 poteris
401 1269 412 1290 ‚
440 1233 610 1278 auferre
633 1249 721 1278 non
746 1234 906 1293 poteris
923 1270 933 1289 ‚
959 1233 1112 1278 incidis
1137 1234 1183 1277 in
1211 1232 1345 1290 duas,
1373 1243 1423 1278 ut

28 1304 147 1364 prius
178 1304 224 1348 in
253 1305 422 1360 anima,
447 1313 596 1365 postea
626 1305 671 1348 in
707 1320 888 1365 corpore
921 1305 1130 1349 moriaris.
1157 1304 1283 1348 Unde
1305 1305 1389 1350 hoc
1407 1341 1420 1361 ‚

29 1374 111 1420 nisi
141 1375 414 1421 observando
435 1376 700 1421 vanitatem?
722 1378 831 1429 Quia
859 1374 996 1420 dulcis
1019 1385 1083 1420 est
1110 1375 1190 1419 tibi
1210 1376 1423 1421 transiens

28 1445 120 1491 dies
138 1481 149 1501 ,
173 1447 275 1508 quia
303 1446 448 1492 dulcia
477 1457 579 1492 sunt
607 1447 688 1492 tibi
716 1447 1026 1492 transvolantia
1058 1458 1268 1508 tempora,
1303 1448 1424 1493 unde

29 1516 141 1560 nihil
167 1526 315 1572 tenes,
350 1527 395 1562 et
428 1517 604 1578 insuper
637 1527 685 1562 tu
718 1518 890 1562 teneris.
931 1518 1117 1563 «Odisti
1145 1519 1423 1563 observantes

33 1605 54 1629 »
87 1587 323 1632 vanitatem
357 1604 638 1648 supervacue.
676 1592 769 1647 Ego
807 1599 981 1644 autem,
1007 1590 1081 1650 qui
1115 1605 1205 1634 non
1238 1590 1422 1634 observo

34 1676 53 1699 »
88 1659 338 1714 vanitatem,
363 1659 410 1702 in
432 1659 618 1704 Domino
634 1660 853 1719 speravi.»
877 1662 1028 1718 Speras
1046 1660 1091 1703 in
1112 1660 1311 1719 pecunia,
1338 1660 1422 1704 ob-

29 1743 170 1773 servas
192 1729 428 1774 vanitatem
455 1748 463 1773 :
490 1745 635 1788 speras
658 1730 702 1773 in
727 1730 892 1774 honore
913 1740 956 1773 et
978 1729 1247 1773 sublimitate
1277 1730 1421 1790 aliqua

29 1801 250 1859 potestatis
271 1801 477 1845 humanae
492 1836 503 1855 ‚
528 1801 730 1845 observas
750 1801 985 1845 vanitatem
1008 1817 1016 1841 z
1043 1817 1184 1860 speras
1206 1801 1251 1844 in
1270 1802 1421 1862 aliquo

29 1871 169 1915 amico
191 1880 370 1931 potente
386 1906 397 1925 ,
427 1871 628 1916 observas
648 1872 902 1916 vanitatem.
929 1875 981 1915 ln
1004 1871 1067 1915 his
1096 1872 1297 1916 omnibus
1321 1888 1420 1916 cum

28 1956 197 2001 speras,
223 1950 298 1986 aut
319 1951 369 1986 tu
396 1942 584 2001 expiras‚
615 1951 658 1986 et
683 1958 732 1985 ea
755 1943 825 1985 hic
844 1942 1052 1997 dimitti33
1078 1951 1153 1985 aut
1170 1957 1271 1986 cum
1293 1942 1416 1998 vivis,

29 2012 175 2057 omnia
196 2021 402 2072 pereunt,
420 2021 464 2056 et
480 2013 525 2056 in
546 2028 621 2072 spe
639 2022 714 2057 tua
727 2011 890 2056 deficis.
909 2015 1031 2056 Hane
1051 2014 1284 2057 vanitatem
1304 2029 1422 2058 com·

28 2092 241 2128 memorat
263 2086 395 2127 Isaras
425 2082 572 2127 dicens
595 2102 603 2127 :
629 2102 649 2124 «
673 2083 824 2127 Omnis
858 2099 958 2127 caro
981 2081 1153 2127 foenum
1172 2118 1183 2138 ‚
1208 2092 1252 2127 et
1281 2085 1421 2129 omnis

31 2172 52 2196 »
87 2153 220 2213 gloria
243 2155 334 2215 ejus
356 2154 480 2214 quasi
501 2154 580 2199 flos
600 2153 707 2198 foeni
731 2174 739 2198 :
770 2155 883 2198 aruit
910 2152 1083 2198 foenum
1102 2189 1112 2209 ,
1148 2163 1191 2198 et
1219 2154 1298 2199 flos
1329 2157 1421 2216 ejus

31 2242 52 2266 υ
87 2224 275 2283 decidit3
297 2225 484 2269 verbum
505 2234 653 2269 autem
676 2224 851 2269 Domini
879 2234 1025 2268 manet
1047 2225 1091 2268 in
1114 2227 1369 2270 aeternumss.
1395 2245 1415 2267 »

29 2297 124 2355 Ego
146 2304 313 2351 autem,
339 2312 428 2340 non
450 2296 673 2357 quomodo
689 2295 753 2340 illi
778 2296 854 2356 qui
877 2305 1053 2355 sperant
1073 2295 1119 2339 in
1143 2296 1349 2352 vanitate,
1377 2306 1420 2342 et

30 2366 107 2425 qui
124 2367 358 2411 observant
379 2366 616 2412 vanitatem
635 2385 644 2412 ε
664 2366 739 2411 sed
754 2366 800 2410 in
822 2366 1008 2411 Domino
1026 2366 1210 2426 speravi,
1231 2368 1308 2427 qui
1329 2384 1419 2412 non

31 2445 96 2480 est
116 2437 297 2482 vanitas.

89 2507 217 2550 XIII.
238 2525 258 2548 «
276 2505 516 2562 ExultabQ
543 2516 586 2551 et
601 2507 881 2566 jucundabor
899 2507 944 2550 in
966 2516 1040 2551 tua
1062 2506 1375 2552 misericordia:
1399 2528 1418 2550 »

82 2595 89 2612 ¹
112 2589 190 2622 Psal.
210 2601 277 2631 xxi,
303 2600 416 2633 17-19.
439 2607 479 2612 —-
505 2597 517 2613 2
537 2590 617 2622 ibid.
643 2599 676 2622 2.
692 2607 734 2614 ο-
759 2589 771 2613 ³
792 2592 862 2622 Isai'.
885 2601 935 2631 xz,
951 2590 1006 2622 68.

222 2654 343 2684 cxiv.
1211 2645 1260 2683 26
