1833 3284
344 203 361 238 1
372 200 424 239 68
781 217 814 243 s.
851 214 1080 243 Aucus'rnvx
1113 217 1295 244 muscom

340 276 578 321 imitaberis
592 292 676 333 me,
703 288 753 323 ut
774 289 817 324 ct
839 289 887 323 tu
909 295 998 324 non
1011 280 1165 325 reddas
1187 280 1299 324 mala
1322 295 1401 340 pro
1418 278 1600 323 malisi'»
1629 278 1729 327 Ani-

342 347 619 394 madvertens
644 349 777 408 igitur
801 360 844 395 ct
868 350 1110 409 intelligens
1132 352 1238 412 quid
1262 368 1341 412 pro
1366 351 1439 396 illo
1462 351 1615 396 fecerit
1638 352 1730 393 Do-

344 419 510 475 minus,
534 429 577 464 ct
598 421 689 480 cjus
705 420 905 481 exemplo
928 421 981 465 ad
995 421 1305 482 perfectionem
1323 424 1569 484 proficiens,
1596 421 1700 466 dicit
1719 436 1729 465 ξ

347 509 367 532 «
394 490 437 534 Si
470 488 640 534 reddidi
673 492 1014 536 retribuentibus
1036 493 1142 537 mihi
1177 493 1289 538 mala
1315 513 1324 540 ε
1355 513 1374 535 »
1402 493 1448 537 id
1478 503 1562 549 est,
1587 493 1620 537 si
1644 507 1734 537 non

343 559 426 606 feci
448 560 569 622 quod
593 570 642 606 tu
659 561 859 607 faciendo
881 564 1065 608 docuisti
1085 583 1094 609 2
1123 583 1143 607 «
1169 565 1375 610 Decidam
1393 581 1496 625 ergo
1519 564 1574 609 ab
1595 562 1734 608 inimi-

349 653 365 674 »
385 633 444 677 cis
461 634 568 677 meis
591 634 745 678 inanis.
775 653 795 675 »
820 637 878 680 Et
899 635 1011 679 bene
1034 651 1124 680 non
1147 637 1226 682 ait:
1247 656 1263 677 «
1286 638 1326 682 Si
1349 636 1518 682 reddidi
1540 635 1736 682 tribuen-

345 705 462 749 tibus
482 705 588 749 mihi
607 705 745 763 mala3
768 726 784 747 »
811 706 906 762 sed,
937 727 956 749 «
977 708 1353 753 Retribuentibus.
1381 728 1401 751 »
1429 709 1512 762 Qui
1531 709 1646 752 enim
1669 721 1737 751 re-

345 777 523 833 tribuit,
555 780 647 839 jam
685 777 852 839 aliquid
885 789 1124 839 acceperat.
1149 782 1324 841 Majoris
1348 790 1493 825 autem
1516 779 1738 840 patientiae

347 856 411 892 est
425 884 436 903 ,
462 863 543 893 nec
565 850 602 892 ei
624 848 737 893 mala
760 849 1021 910 rependere,
1047 850 1122 911 qui
1140 851 1326 911 acceptis
1348 850 1566 895 beneficiis
1595 848 1740 894 reddit

346 917 461 964 mala
483 935 562 979 pro
585 920 731 975 bonis,
757 935 890 981 quam
909 923 943 966 si
960 920 1083 966 nullo
1103 930 1204 965 ante
1225 930 1402 982 accepto
1424 921 1638 965 beneficio
1660 934 1741 965 no-

348 1005 445 1034 cere
493 990 715 1036 voluisset.
759 1012 780 1035 «
817 994 859 1038 Si
891 992 1062 1037 reddidi
1099 1008 1202 1052 ergo
1216 1029 1231 1050 ,
1261 993 1428 1053 inquit,
1464 991 1742 1036 retribuenti·

350 1079 370 1103 »
408 1061 490 1106 bus
512 1063 617 1106 mihi
642 1062 755 1108 mala
780 1082 823 1109 ε»
855 1064 900 1108 id
922 1074 1009 1120 θεῖ,
1037 1065 1070 1109 εἰ
1092 1073 1135 1109 ῖθ
1158 1080 1247 1109 non
1269 1064 1461 1109 imitatus
1483 1079 1578 1108 sum
1602 1063 1648 1107 in
1664 1062 1742 1107 illo

347 1132 536 1187 silentio,
555 1134 639 1178 hoc
662 1143 741 1190 θεῖ,
762 1135 970 1195 patientia
987 1145 1077 1191 tua,
1099 1151 1230 1196 quam
1248 1151 1327 1195 pro
1349 1150 1420 1179 me
1438 1145 1641 1195 operatus
1659 1149 1702 1178 es
1729 1153 1739 1179 :

352 1223 372 1246 «
393 1204 600 1249 Decidam
629 1205 684 1249 ab
717 1206 901 1250 inimicis
929 1206 1036 1251 meis
1078 1206 1234 1251 inanis.
1268 1225 1289 1248 »
1327 1205 1522 1252 Inaniter
1555 1206 1673 1250 enim
1699 1220 1744 1249 se

344 1276 483 1335 jactat
498 1310 509 1332 ‚
535 1277 612 1336 qui
633 1292 734 1321 cum
752 1286 795 1321 et
816 1277 907 1337 ipse
924 1278 1057 1322 homo
1074 1277 1147 1332 sit,
1173 1277 1294 1337 cupit
1314 1292 1358 1321 se
1380 1276 1435 1321 de
1451 1277 1631 1322 homine
1648 1276 1745 1321 vin-

349 1345 495 1390 dicare
518 1366 526 1391 ;
552 1356 712 1391 etcum
730 1363 933 1407 superare
955 1347 1176 1392 hominem
1199 1347 1344 1408 palam
1366 1348 1524 1408 quaerit
1538 1383 1549 1403 ,
1573 1346 1745 1392 occulte

349 1433 373 1461 a
395 1418 573 1463 diabolo
595 1429 840 1478 superatur,
866 1419 1006 1463 inanis
1029 1419 1211 1463 effectus
1233 1436 1344 1464 vana
1367 1429 1409 1464 et
1426 1419 1614 1480 superba
1637 1418 1746 1463 laeti-

351 1489 432 1545 tia,
464 1489 585 1550 quod
608 1491 732 1550 quasi
761 1491 876 1535 vinci
903 1507 993 1535 non
1017 1491 1175 1551 potuit.
1203 1490 1415 1550 Intelligit
1442 1506 1545 1551 ergo
1568 1491 1646 1536 iste
1668 1489 1747 1533 ubi

350 1562 490 1620 major
518 1562 594 1605 fiat
621 1561 824 1616 victoria,
862 1570 906 1606 et
927 1561 1005 1605 ubi
1029 1565 1157 1605 Pater
1184 1560 1339 1605 reddat
1365 1561 1442 1622 qui
1463 1559 1583 1605 videt
1604 1561 1651 1604 in
1673 1576 1748 1605 oc-

350 1631 511 1676 cult01.
538 1635 601 1677 Ne
619 1631 774 1676 reddat
795 1633 943 1693 itaque
956 1633 1301 1677 retribuentibus
1320 1632 1451 1688 mala,
1470 1633 1579 1676 iram
1602 1632 1748 1692 potius

351 1717 487 1763 quam
522 1702 747 1747 bominem
779 1702 914 1746 vincit
947 1723 955 1748 :
990 1702 1074 1746 illis
1101 1703 1230 1747 etiam
1265 1702 1418 1747 litteris
1450 1702 1671 1758 eruditus,
1702 1704 1749 1747 in

352 1773 516 1833 quibus
547 1773 756 1833 scriptum
779 1782 843 1818 est
869 1794 877 1818 ;
906 1773 1097 1818 «Melior
1121 1783 1184 1818 est
1206 1774 1281 1834 qui
1299 1774 1433 1818 vincit
1454 1774 1586 1829 iram,
1613 1789 1749 1834 quam

355 1863 376 1885 »
412 1845 489 1905 qui
526 1845 641 1904 capit
678 1845 938 1889 civitatem‘z
978 1846 1020 1890 Si
1052 1844 1221 1889 reddidi
1257 1846 1602 1890 retribuentibus
1640 1846 1748 1889 mihi

355 1934 375 1957 υ
412 1915 546 1971 mala5
575 1916 775 1961 decidam
798 1932 901 1975 ergo
924 1917 978 1960 ab
1005 1917 1188 1961 inimicis
1207 1917 1312 1961 meis
1334 1916 1515 1961 inanis³.
1539 1935 1560 1958 »
1594 1920 1618 1961 J
1624 1932 1750 1961 urare

353 1987 528 2031 videtur
550 2002 626 2047 per
649 1987 990 2042 execrationem,
1016 1987 1138 2048 quod
1160 1996 1224 2031 est
1248 1987 1548 2046 gravissimum
1566 1988 1749 2049 jurisju-

355 2057 480 2101 randi
502 2073 653 2116 genus,
671 2073 772 2101 cum
790 2058 922 2102 bomo
940 2056 1068 2101 dicit:
1084 2077 1100 2096 «
1117 2058 1160 2102 Si
1179 2057 1290 2101 illud
1303 2056 1403 2112 feci,
1428 2057 1540 2102 illud
1558 2058 1745 2117 patiar.»

357 2127 441 2173 Sed
464 2127 583 2172 aliud
607 2138 670 2173 est
680 2129 842 2189 juratio
862 2129 907 2172 iu
925 2144 998 2173 ore
1009 2128 1211 2188 jurantis,
1234 2128 1353 2171 aliud
1367 2128 1413 2171 in
1434 2127 1750 2186 significatione

354 2200 671 2258 prophetantis.
711 2200 792 2243 Hic
827 2200 943 2243 enim
976 2198 1082 2242 dicit
1109 2197 1218 2258 quid
1243 2213 1344 2242 vere
1367 2199 1591 2256 contingat
1611 2199 1750 2242 homi-

356 2270 507 2324 nibus,
534 2271 610 2331 qui
633 2269 824 2314 reddunt
854 2269 1197 2314 retribuentibus
1218 2268 1359 2327 mala3
1387 2284 1476 2313 non
1499 2269 1620 2329 quod
1642 2268 1746 2324 sibi,

356 2351 431 2385 aut
454 2341 609 2401 aliqui,
636 2342 759 2402 quasi
776 2341 1061 2402 jurejurando
1080 2341 1360 2400 imprecetur.

416 2415 490 2455 IV.
534 2433 550 2452 α
579 2417 871 2473 Persequatur
905 2429 1008 2472 ergo
1036 2412 1236 2456 inimicus
1269 2413 1457 2456 animam
1494 2426 1663 2466 meam,
1705 2419 1748 2458 et

407 2539 413 2555 ¹
432 2533 545 2565 matth.
567 2533 660 2573 v1‚(‘›.
682 2551 723 2556 -—-
743 2540 755 2555 2
778 2536 870 2566 Prov.
895 2546 961 2572 ενι,
978 2533 1134 2574 32‚juxta
1154 2544 1225 2563 Lu.
1247 2549 1287 2554 -—
1305 2531 1318 2554 3
1335 2531 1414 2564 Psal.
1435 2542 1490 2574 vu,
1511 2531 1542 2563 5.
