1833 3284
356 226 701 256 ANNOTATIONUM
735 230 779 256 ΙΝ
812 229 908 266 JOB,
944 229 1083 255 Linea.
1363 216 1417 256 47

31 296 112 340 diti
131 303 235 340 sunt
255 294 403 350 mites,
428 302 484 338 ne
511 294 617 338 mihi
643 294 810 338 ferrent
831 293 1058 338 auxilium.
1084 295 1193 340 Nam
1215 295 1297 339 tria
1318 304 1422 340 sunt

31 376 189 426 genera
222 365 440 410 hominun
474 365 520 408 in
557 364 772 421 Ecclesia,
809 380 910 409 cum
946 365 998 409 fit
1034 365 1313 425 persecutio:
1351 365 1423 411 alii

29 438 146 482 enim
181 436 486 491 consentiunt,
520 435 592 479 alii
621 435 820 496 fugiunt,
852 435 923 481 alii
952 436 1203 497 patiuntur,
1235 453 1425 498 quorum

29 520 258 568 personam
289 509 474 553 sustinet
496 507 598 551 Job.
628 526 648 549 «
678 511 736 552 Et
763 508 985 552 irruerunt
1007 508 1117 552 asini
1144 506 1225 552 seri
1255 509 1300 553 in
1322 521 1426 569 agro

33 598 55 621 n
87 594 217 640 super
239 581 351 624 me¹.
391 597 412 621 n
450 577 583 624 Stulti
618 587 662 622 et
694 578 919 635 indomiti,
944 589 988 624 et
1020 579 1076 624 ob
1106 580 1199 624 hocs
1225 581 1424 641 superbi,

28 650 251 695 irruerunt
276 665 406 710 super
427 665 499 694 me
525 649 832 706 confitentem,
855 649 1018 695 scilicet
1041 649 1295 696 Ecclesiam.
1327 671 1346 693 «
1371 655 1429 697 Et

32 739 53 762 n
88 730 293 766 exeuntes
315 720 370 766 ad
393 736 505 781 opus
531 736 675 765 suum.
704 739 725 762 )›
757 723 851 767 Hoc
881 722 997 765 enim
1019 737 1128 782 opus
1155 731 1220 767 est
1249 735 1423 780 corum,

31 802 82 838 ut
102 793 149 836 in-
175 807 246 837 me
276 792 469 848 irruant,
500 791 546 836 id
573 801 659 848 est,
691 791 747 837 ad
777 793 861 838 hoc
894 791 1094 852 deputati
1128 803 1230 838 sunt
1260 810 1283 838 a
1316 797 1422 840 Deo.

32 882 52 905 «
89 863 239 908 Suavis
269 861 412 907 sactus
439 871 504 907 est
532 863 572 906 ei
602 863 725 923 panis
757 863 802 907 in
835 862 1144 908 adolescentes.
1173 882 1193 905 »
1221 865 1362 924 Impio
1385 874 1427 910 ct

27 933 294 994 persecutori
322 948 501 979 suavem
534 949 693 994 panem
720 932 850 989 dicit,
876 933 920 977 id
942 943 1027 989 est,
1053 935 1423 994 persecutionem,

28 1021 116 1065 qua
135 1004 326 1049 libenter
347 1003 598 1060 fruebatur,
619 1019 722 1049 cum
747 1020 843 1048 eam
871 1005 1034 1049 faceret
1057 1004 1424 1062 adolescentibus,

28 1084 80 1120 ut
100 1075 397 1121 adolescentes
429 1083 505 1120 aut
536 1091 617 1135 pro
650 1071 917 1120 amatoribus
948 1075 1227 1136 voluptatum
1251 1077 1431 1138 accipia-

28 1162 142 1203 mus,
167 1148 268 1207 quia
296 1146 378 1207 ipsi
405 1145 535 1191 facile
561 1145 720 1191 talibus
743 1147 1048 1206 consentiunt,
1077 1157 1152 1192 aut
1172 1163 1252 1207 pro
1275 1149 1334 1193 eis
1352 1149 1429 1210 qui

29 1225 202 1263 tantum
223 1218 269 1262 in
291 1217 484 1262 Ecclesia
506 1217 805 1278 profecerunt,
831 1227 881 1263 ut
902 1220 1100 1279 pueritiae
1123 1219 1301 1280 quidem
1323 1221 1428 1265 sim-

28 1288 268 1350 plicitatem
289 1288 541 1333 transierint
556 1325 566 1345 ,
590 1288 670 1347 sed
692 1288 891 1334 nondum
914 1291 1193 1350 pervenerint
1217 1290 1272 1336 ad
1294 1293 1429 1337 robur

29 1359 142 1405 illud
161 1358 301 1416 virile,
327 1375 417 1420 quo
439 1360 573 1404 etiam
594 1369 848 1420 persecutor
870 1362 1180 1406 contemnitur.
1212 1382 1232 1404 «
1262 1366 1429 1421 Agrum

30 1445 52 1475 n
89 1440 190 1476 ante
216 1439 389 1492 tempus
421 1447 512 1476 non
542 1447 669 1475 suum
701 1431 1073 1477 demessuerunff.
1110 1452 1129 1474 >›
1161 1437 1251 1478 Aut
1273 1449 1429 1493 genera

31 1502 139 1548 dicit
165 1503 543 1562 persecutionum,
568 1511 618 1546 ut
649 1502 839 1562 aliquem
870 1503 959 1561 agri
991 1503 1151 1548 damno
1187 1514 1425 1551 terrerent:

32 1583 110 1618 aut
129 1589 208 1634 pro
231 1589 335 1633 agro
356 1572 550 1618 Ecclesia
578 1572 885 1632 intelligenda,
906 1589 1039 1634 quam
1069 1584 1170 1619 ante
1199 1578 1429 1623 maturita-

0 1666 1 1671 ¹
31 1654 121 1689 tem
142 1644 518 1705 persecutionibus
540 1652 704 1688 metere
726 1643 985 1700 voluerunt,
1012 1643 1058 1689 id
1081 1654 1166 1702 est,
1193 1656 1430 1708 antequam

0 1742 1 1750 κ
32 1715 162 1761 simul
181 1716 342 1761 ziza-nia
359 1724 620 1771 crescerent,
641 1724 692 1760 ut
708 1724 906 1775 tempore
922 1716 1071 1761 messis
1089 1722 1427 1777 separarentur3.

0 1809 2 1821 ι
36 1805 56 1829 »
82 1790 146 1832 De
164 1786 395 1832 stillicidiis
418 1787 636 1832 montium
656 1786 907 1831 madescent
927 1807 936 1831 ε
960 1806 980 1828 »
1003 1787 1305 1848 confugientes
1323 1792 1432 1837 nudi

0 1910 1 1916 ¹
34 1858 91 1903 ad
111 1858 364 1919 speluncas,
389 1858 468 1902 ubi
489 1873 588 1902 saxa
621 1856 849 1902 distillant.
877 1877 897 1900 «
922 1861 1183 1919 Rapuerunt
1213 1861 1268 1906 ab
1298 1863 1434 1908 ubere

0 1918 2 1932 ⁸
36 1947 58 1970 »
91 1929 353 1990 pupillum⁴.
383 1947 403 1971 »
432 1928 593 1989 Pupilli
623 1937 666 1972 et
696 1927 840 1972 viduae
872 1928 1134 1991 plerumque
1168 1947 1219 1975 ex
1249 1948 1433 1993 persona

34 1999 240 2045 Ecclesiae
258 2000 524 2059 accipiendi:
549 2008 612 2044 est
633 1999 824 2059 populus
849 2000 932 2044 sub
955 2009 1189 2047 tormento.
1217 2022 1237 2046 «
1260 2007 1316 2049 Et
1332 2021 1433 2050 eum

39 2090 59 2113 »
94 2073 171 2133 qui
197 2071 435 2127 ceciderat,
468 2070 815 2115 humiliaverunt
843 2091 851 2115 z
889 2090 909 2113 »
936 2071 1160 2118 desertum
1182 2075 1253 2120 vel
1275 2077 1434 2123 auxilio

35 2143 136 2198 Dei,
159 2142 230 2188 vel
251 2141 460 2203 alicujus,
491 2140 613 2202 quod
646 2150 709 2185 est
732 2156 901 2200 magnac
923 2144 1121 2200 saevitiae,
1146 2161 1237 2190 non
1274 2147 1433 2194 talibus

35 2228 227 2274 parcere.
253 2232 274 2256 «
301 2217 355 2258 In
377 2213 586 2272 angustiis
613 2212 806 2258 insidiati
829 2223 930 2258 sunt
951 2214 1128 2276 inique:
1159 2235 1180 2257 ³>
1207 2217 1254 2262 in
1282 2235 1433 2265 neces-

37 2284 248 2329 sitatibus.
274 2303 292 2324 «
317 2287 381 2328 De
402 2284 576 2328 civitate
600 2291 642 2328 et
664 2283 719 2328 de
747 2283 951 2329 domibus
972 2286 1259 2346 ejiciebantur
1280 2309 1288 2334 :
1318 2310 1336 2332 »
1363 2293 1432 2337 Ab

37 2356 96 2400 eis
117 2355 404 2416 ejiciebantur
425 2355 514 2399 alii.
545 2374 565 2397 «
589 2355 747 2400 Anima
769 2371 872 2400 vero
895 2356 1179 2416 parvulorum
1196 2360 1241 2404 in
1264 2363 1431 2420 gemitu

41 2443 63 2468 n
97 2426 250 2472 valde:
280 2444 301 2468 »
331 2426 430 2471 fuit.
461 2444 481 2468 «
517 2428 614 2486 Ipse
650 2435 796 2470 autem
829 2429 943 2471 Deus
976 2442 1128 2472 corum
1158 2446 1307 2477 curam
1340 2450 1431 2480 non

88 2528 98 2546 ¹
115 2522 188 2555 Job.
213 2533 306 2566 xnv,
327 2521 360 2557 5.
382 2538 425 2545 ——-
447 2528 459 2545 ²
480 2521 561 2554 lbid.
579 2520 615 2553 6.
630 2538 673 2544 —-
692 2518 706 2544 3
725 2522 837 2554 Matth.
854 2530 925 2564 xm,
940 2532 993 2566 29.
1011 2541 1052 2546 -—-
1065 2521 1082 2548 4
1099 2525 1174 2558 Job.
1190 2537 1277 2570 xxiv,
1297 2529 1330 2572 8,
1349 2542 1380 2574 9.
