1833 3284
339 229 423 266 218
789 239 821 264 s.
859 234 1089 264 AUGUSTINI
1122 236 1306 263 Ertscom

339 306 383 349 in
416 319 503 365 qua
530 304 564 347 si
593 312 785 347 erratum
816 302 974 357 fuerit,
1007 301 1277 346 obscuratur.
1313 302 1379 346 Sic
1403 301 1521 344 enim
1550 300 1660 345 dixit
1687 301 1733 346 in

339 377 470 421 eorde
488 390 565 419 suo
583 374 741 434 impius
765 393 772 418 :
802 393 822 416 «
848 377 945 418 Non
968 373 1159 434 requiret
1183 377 1294 417 Deus
1312 409 1321 427 ‚
1351 391 1370 413 »
1399 372 1520 433 quasi
1542 375 1656 417 Deus
1673 371 1734 416 la-

338 447 490 491 borem
511 455 554 489 et
572 445 679 489 iram
702 446 960 499 consideret,
982 454 1031 489 ut
1054 444 1196 488 tradat
1215 460 1286 488 eos
1312 445 1357 487 in
1380 459 1534 487 manus
1555 458 1666 498 suas,
1686 443 1734 487 id

338 527 402 562 est
418 553 428 573 ‚
454 515 577 577 quasi
604 515 801 560 laborare
823 524 867 559 et
887 515 1010 560 irasci
1025 516 1197 570 timeat,
1224 524 1266 559 et
1289 524 1517 575 propterea
1533 512 1617 558 illis
1638 529 1734 574 par-

304 583 309 587 *
338 598 434 643 eat,
460 604 515 632 ne
544 602 722 631 onerosa
752 586 815 630 illi
843 587 895 631 sit
922 602 1055 647 poena
1088 602 1261 642 eorum,
1297 596 1372 630 aut
1410 601 1465 629 ne
1499 584 1734 630 iracundiae

338 668 596 719 tempestate
632 658 834 702 turbetur
861 677 869 703 ε
906 657 1130 719 quomodo
1165 657 1424 718 plerumque
1446 656 1643 701 homines
1667 655 1734 700 fa-

338 732 482 786 ciunt,
518 729 838 775 dissimulantes
866 729 1127 786 vindictam,
1163 745 1219 774 ne
1255 729 1455 774 laborent
1473 764 1484 784 ,
1521 737 1602 773 aut·
1628 728 1735 772 iras-

339 810 509 847 cantur.

396 875 563 917 XXXI.
590 892 609 915 «
628 872 724 916 Tibi
746 871 978 916 derelictus
996 881 1059 916 est
1080 887 1246 932 pauper
1260 874 1291 914 1.
1315 889 1336 912 >›
1357 870 1463 915 Ideo
1485 869 1601 914 enim
1623 884 1736 929 pau-

337 959 415 1004 per
437 953 516 998 est,
537 942 582 988 id
604 952 684 995 est,
706 943 852 987 omnia
874 943 1004 1003 hujus
1025 942 1181 987 mundi
1207 941 1458 1002 temporalia
1487 941 1603 985 bona
1626 955 1736 985 eon-

338 1015 515 1075 tempsit
532 1051 542 1069 ‚
568 1023 618 1058 ut
639 1024 689 1059 tu
711 1015 764 1058 sis
789 1023 960 1060 tantum
979 1030 1074 1074 spes
1099 1015 1205 1074 ejus.
1232 1034 1253 1057 «
1276 1013 1449 1073 Pupillo
1473 1022 1522 1057 tu
1545 1013 1626 1056 eris
1654 1011 1735 1056 ad-

341 1104 362 1127 »
394 1087 543 1146 jutor²
565 1105 573 1131 :
604 1104 623 1126 »
650 1085 696 1130 id
719 1095 783 1130 est
799 1122 809 1141 ,
832 1086 870 1130 ei
893 1086 963 1131 cui
986 1087 1172 1130 moritur
1187 1095 1311 1146 pater
1329 1086 1398 1129 hic
1417 1085 1610 1129 mundus
1627 1120 1637 1139 ,
1658 1099 1735 1143 per

339 1172 473 1217 quem
491 1156 722 1201 carnaliter
735 1158 904 1216 genitus
919 1168 997 1212 est,
1010 1159 1150 1218 etjam
1163 1166 1305 1217 potest
1319 1156 1462 1201 dicere
1475 1173 1486 1200 .·
1508 1156 1735 1201 «Mundus

341 1246 362 1268 »
398 1228 504 1272 mihi
523 1229 753 1272 crucifixus
776 1238 855 1283 est,
876 1238 920 1273 et
936 1244 1015 1287 ego
1036 1227 1246 1273 mundo3.
1272 1247 1291 1269 ))
1319 1228 1495 1272 Talibus
1513 1228 1629 1271 enim
1651 1233 1736 1287 pu'-

338 1298 453 1359 pillis
475 1308 599 1359 pater
620 1301 669 1343 fit
696 1303 826 1344 Deus.
861 1304 996 1344 Docet
1018 1301 1182 1360 quippe
1201 1300 1412 1344 Dominus
1431 1298 1620 1358 pupillos
1642 1299 1736 1342 fieri

339 1369 574 1429 discipulos
597 1386 696 1414 suos
714 1406 725 1425 ‚
761 1370 921 1430 quibus
950 1370 1056 1414 dicit
1077 1391 1085 1415 ε
1116 1390 1135 1412 «
1161 1372 1224 1415 Ne
1246 1370 1369 1414 vobis
1391 1369 1542 1413 dicatis
1567 1378 1736 1429 patrem

342 1459 362 1481 »
401 1442 447 1484 in
464 1442 631 1486 terris4.
656 1459 675 1483 »
694 1443 829 1502 Cujus
852 1443 912 1486 rei
933 1441 1181 1501 exemplum
1203 1442 1394 1501 praebuit
1414 1441 1533 1501 prior
1554 1441 1644 1500 ipse
1669 1440 1736 1485 di-

339 1513 479 1558 cendo
497 1533 505 1558 ;
528 1532 546 1554 «
560 1516 667 1566 Quae
684 1513 791 1557 mihi
807 1523 960 1569 mater,
987 1523 1062 1558 aut
1079 1514 1155 1574 qui
1174 1512 1326 1557 fratres
1340 1515 1382 1557 ⁵?
1396 1532 1415 1554 »
1436 1512 1561 1557 Unde
1579 1511 1737 1557 volunt

339 1583 519 1645 quidam
548 1584 894 1643 perniciosissimi
926 1585 1119 1628 haeretiei
1160 1600 1366 1639 asserere,
1402 1599 1492 1628 non
1523 1599 1624 1627 eum
1653 1584 1735 1628 ha-

338 1655 481 1698 buisse
508 1664 692 1699 matrem
713 1671 721 1696 τ
746 1671 826 1699 nec
847 1655 1000 1699 vident
1022 1671 1111 1699 esse
1135 1671 1404 1716 consequens
1429 1655 1462 1698 si
1485 1655 1580 1699 haec
1601 1654 1735 1699 verba

339 1726 590 1781 attendant,
616 1735 667 1770 ut
694 1742 775 1770 nec
806 1726 1016 1786 Discipuli
1044 1729 1135 1787 ejus
1164 1736 1307 1786 patres
1330 1726 1582 1770 habuerint.
1623 1725 1735 1779 Quia

339 1797 449 1841 sicut
470 1797 561 1857 ipse
578 1796 686 1841 dixit
708 1817 716 1842 2
743 1817 763 1839 «
789 1800 898 1851 Quae
916 1798 1023 1841 mihi
1042 1806 1181 1842 mater
1203 1806 1267 1841 est
1286 1814 1297 1841 .·
1320 1815 1340 1838 ))
1364 1798 1422 1841 sie
1440 1795 1537 1841 illos
1555 1796 1705 1841 docuit
1719 1832 1730 1852 ‚

337 1883 439 1912 eum
458 1868 517 1912 ait
539 1887 547 1912 :
580 1887 600 1909 «
624 1867 767 1913 Nolite
788 1868 911 1912 vobis
934 1868 1077 1913 dicere
1099 1878 1268 1928 patrem
1291 1869 1337 1911 in
1350 1868 1488 1912 terris.
1520 1886 1540 1908 »

397 1940 585 1982 XXXII.
607 1958 626 1980 «
649 1941 837 1983 Contere
862 1938 1090 1983 brachium
1113 1940 1351 1999 peccatoris
1375 1949 1418 1983 et
1439 1938 1648 1998 maligni⁰
1671 1957 1680 1983 z
1708 1956 1729 1979 »

337 2008 453 2053 illius
485 2008 648 2054 scilieet
679 2010 734 2053 de
755 2025 844 2070 quo
869 2025 999 2070 supra
1022 2009 1251 2055 dicebatur
1271 2030 1279 2055 :
1310 2030 1330 2053 ι(
1354 2011 1563 2054 Omnium
1586 2009 1734 2053 inimi-

341 2098 362 2120 »
397 2096 550 2124 eorum
589 2095 770 2125 suorum
802 2079 1145 2125 dominabitur7.
1175 2100 1195 2122 »
1220 2082 1453 2126 Brachium
1482 2097 1585 2141 ergo
1613 2083 1729 2142 ejus⁷

338 2150 446 2194 dixit
467 2151 710 2210 potentiam
737 2156 826 2208 ejus
857 2167 865 2192 τ
893 2151 964 2196 cui
992 2152 1207 2196 contraria
1238 2162 1302 2196 est
1323 2152 1484 2198 Christi
1506 2152 1729 2211 potentia,

337 2221 392 2264 de
410 2238 496 2281 qua
518 2221 679 2266 dieitur
701 2242 709 2266 :
734 2242 753 2264 α
773 2226 967 2281 Exurge,
989 2223 1172 2266 Domine
1190 2226 1320 2278 Deus,
1347 2223 1560 2267 exaltetur
1578 2237 1732 2267 manus

340 2309 360 2331 »
395 2300 471 2335 tua
485 2294 516 2335 8.
545 2293 810 2352 Requiretur
827 2291 1036 2337 delictum
1055 2294 1167 2353 (jus,
1187 2310 1266 2337 nec
1282 2294 1542 2338 invenietur.
1560 2312 1579 2334 »
1600 2297 1732 2354 Prop-

340 2372 402 2406 ter
424 2363 535 2407 illud
550 2400 560 2419 ‚
586 2363 630 2407 id
648 2373 731 2419 est,
747 2364 1017 2425 judicabitur
1039 2365 1093 2408 de
1115 2375 1295 2424 peccato
1310 2382 1404 2420 suo,
1426 2375 1469 2410 et
1490 2367 1579 2426 ipse
1594 2367 1732 2426 periet

337 2443 514 2494 propter
538 2445 765 2494 peceatum
783 2451 927 2480 suum.
952 2435 1118 2480 Deinde
1140 2437 1247 2497 quid
1269 2437 1429 2481 mirum
1451 2437 1485 2480 si
1502 2438 1698 2497 sequitur
1716 2456 1725 2481 :

386 2539 395 2554 ¹
416 2531 495 2564 psat.
518 2544 562 2573 ix,
585 2532 635 2574 14.
658 2551 700 2555 —
719 2534 830 2567 ²1bid.
858 2552 899 2557 ——-
922 2533 934 2557 3
956 2534 1023 2567 Gal.
1042 2529 1093 2576 531,
1113 2534 1164 2576 14.
1182 2552 1223 2557 -—
1247 2533 1262 2564 4
1277 2535 1389 2568 Mauh.
1414 2546 1486 2568 xxm
1502 2561 1510 2577 ‚
1529 2538 1560 2567 9.
1582 2553 1623 2558 —
1642 2533 1724 2566 ⁵1d.

337 2598 392 2629 xii,
412 2587 466 2629 48,
488 2604 529 2610 --
544 2587 558 2610 ⁶
581 2590 659 2621 Psal.
682 2600 727 2631 tx,
756 2589 806 2622 15.
827 2591 1002 2623 -71bid.
1026 2590 1056 2622 ε’».
1078 2608 1119 2613 -
1135 2589 1250 2623 81bid.
1273 2600 1322 2623 12.
