1833 3284
399 237 744 267 ANNOTA'rioNUM
777 240 822 266 nv
854 238 948 276 5013,
983 238 1120 265 mmm.
1431 224 1458 261 9

76 315 284 366 tanquam
319 305 468 365 inique
490 304 570 349 sibi
596 303 760 364 aliquid
780 302 1007 357 acciderit,
1035 301 1142 345 dum
1176 315 1268 344 non
1297 299 1460 356 cogitat

74 392 212 438 usque
233 376 342 421 adeo
368 391 412 419 se
438 374 717 420 immundum
738 390 828 419 esse
849 388 994 419 coram
1018 376 1109 417 Deo
1125 407 1136 427 ,
1160 381 1211 415 ut
1238 371 1461 414 invocanti

74 464 164 492 non
182 447 338 506 Angeli
359 445 641 506 respondere,
666 455 741 490 aut
766 437 1129 489 sedemonstrare
1162 441 1330 501 dignati
1356 440 1457 484 sint.

74 520 159 574 Qui
181 519 297 563 enim
318 519 402 563 hoc
422 533 512 562 non
530 517 706 576 cogitat,
734 516 892 561 stultus
919 524 1004 571 est,
1026 524 1070 559 et
1090 515 1153 559 ira
1175 511 1463 557 irrationabili

74 589 352 635 interimitur.
375 591 465 633 Aut
491 587 653 632 idcirco
682 586 871 646 Angelos
891 601 981 630 non
1002 585 1174 639 audire,
1197 599 1288 628 non
1314 581 1463 627 videre

73 670 216 722 potest
238 660 420 715 stultus,
446 659 547 720 quia
564 659 626 703 ira
642 659 928 718 interemptus
945 667 1033 713 est,
1053 665 1097 701 et
1115 672 1138 700 a
1164 654 1255 700 zelo
1277 654 1459 699 occisus.

79 750 99 774 «
132 734 363 776 Errantem
387 740 534 775 autem
556 730 714 774 occidit
731 728 871 773 zelus:
905 746 925 769 »
946 727 999 772 ad
1022 726 1283 771 imitandum
1304 739 1460 784 pecca-

75 811 204 847 tores.
240 821 260 845 α
295 804 390 861 Ego
425 810 571 846 autem
604 799 692 844 vidi
721 798 897 853 stultos,
922 796 1111 841 radicem
1147 796 1409 839 mittentes1.
1438 812 1459 835 »

75 872 239 917 Stultos
256 887 375 918 nunc
395 871 549 931 impios
569 868 888 929 accipiendum,
906 876 956 912 ut
976 883 1000 911 e
1018 866 1236 912 contrario
1254 865 1463 925 sapientia

73 944 261 988 hominis
289 943 425 1003 pietas
453 943 528 998 sit,
555 943 666 986 sicut
691 941 738 984 in
760 938 1130 999 consequentibus
1155 937 1330 982 dicitur.
1364 955 1384 978 «
1408 938 1466 980 Et

76 1032 96 1056 »
131 1023 413 1059 conterantur
443 1028 573 1072 super
607 1013 762 1072 januas
797 1011 1127 1054 infirmorum2:
1158 1027 1179 1049 »
1202 1006 1462 1060 humilium,

73 1100 174 1129 cum
192 1083 355 1143 recepti
373 1082 537 1128 fuerint
556 1083 602 1127 in
625 1081 881 1127 cubiculum
901 1096 924 1124 a
943 1095 1124 1140 sponso,
1149 1087 1192 1123 et
1214 1077 1338 1122 stulti
1358 1076 1465 1120 foris

74 1154 399 1199 1-emanse1·int³.
441 1172 461 1195 «
486 1156 595 1206 Quae
618 1153 736 1196 enim
757 1151 820 1195 illi
843 1158 1242 1210 congregaverunt,
1263 1148 1369 1208 justi
1391 1163 1466 1191 co-

76 1243 98 1267 »
132 1224 350 1268 medent⁴.
380 1240 401 1265 »
426 1225 484 1267 Et
505 1222 560 1267 de
578 1221 741 1266 Judaeis
763 1230 906 1281 potest
926 1220 1134 1279 intelligi,
1159 1218 1466 1278 congreganti-

72 1295 156 1339 bus
177 1294 449 1354 prophetias,
469 1308 577 1353 quas
614 1291 795 1352 gentiles
822 1292 967 1352 potius
999 1289 1286 1335 comederunt
1307 1309 1315 1333 ι
1347 1297 1390 1332 et
1412 1288 1467 1331 de

73 1365 138 1409 his
164 1365 240 1425 qui
260 1365 470 1410 facientes
500 1362 761 1418 comedunt,
783 1379 882 1422 quae
916 1361 989 1406 alii
1017 1361 1278 1421 praecipiunt
1312 1368 1355 1403 et
1377 1374 1467 1402 non

72 1434 253 1480 faciunt.
278 1455 298 1477 «
318 1435 405 1495 Ipsi
421 1449 525 1480 vero
544 1434 599 1478 de
618 1433 740 1478 malis
757 1449 846 1477 non
864 1432 1172 1476 liberabuntur
1193 1450 1202 1475 t
1227 1449 1246 1471 >›
1269 1429 1467 1490 quamvis

73 1505 313 1568 praedicent
353 1521 444 1550 non
481 1520 570 1549 esse
610 1503 827 1548 facienda.
867 1523 888 1546 «
921 1502 1215 1546 Exhauriatur
1255 1500 1468 1545 fortitudo

75 1595 97 1620 ³)
133 1578 340 1621 eorumf’:
368 1594 389 1617 n
416 1591 503 1636 qua
530 1575 792 1635 superbiunt
824 1573 1028 1618 adversus
1048 1573 1258 1616 infirmos.
1291 1572 1468 1616 Exhau-

74 1649 209 1694 riatur
231 1656 400 1702 autem,
425 1656 476 1691 ut
492 1648 584 1707 jam
605 1647 786 1706 incipiat
806 1645 1020 1690 laborare.
1053 1664 1073 1687 «
1097 1648 1196 1690 Non
1219 1643 1335 1688 enim
1362 1658 1468 1703 pro-

77 1738 98 1762 »
133 1719 225 1763 diet
245 1718 300 1763 de
321 1727 435 1763 terra
451 1717 576 1763 labor
601 1736 610 1762 ε
638 1736 658 1759 »
684 1717 729 1761 id
752 1726 837 1772 est,
859 1717 915 1761 de
937 1726 1136 1761 creatura
1158 1731 1248 1760 non
1270 1729 1468 1775 conque-

75 1799 248 1844 rantur,
271 1788 348 1834 sed
382 1788 437 1832 de
473 1804 533 1832 se.
574 1807 594 1830 «
633 1787 717 1834 Sed
747 1788 881 1832 homo
914 1787 960 1830 in
991 1786 1141 1831 labore
1174 1785 1408 1829 nasciturss.
1444 1802 1465 1825 ³)

77 1860 328 1906 Secundum
352 1859 398 1904 id
424 1859 593 1904 dictum
616 1868 702 1915 est,
728 1878 748 1901 «
772 1859 992 1914 Nascitur,
1022 1876 1042 1898 »
1071 1856 1314 1902 secundum
1348 1855 1469 1915 quod

75 1933 121 1976 in
143 1931 404 1976 laboriosam
421 1931 557 1976 vitam
575 1947 628 1974 ex
645 1929 791 1990 quieta
810 1930 995 1989 quisque
1013 1927 1295 1974 convertitur.
1319 1925 1470 1970 «Pulli

78 2020 100 2044 η
136 2011 282 2046 autem
311 2000 498 2046 vulturis
521 1999 726 2045 altissime
748 1999 948 2044 volitant.
978 2017 997 2040 »
1024 1997 1185 2042 Vultur
1209 1998 1321 2040 bene
1339 1994 1471 2039 intel-

76 2071 225 2131 ligitur
248 2072 476 2127 Dominus,
504 2071 606 2131 quia
628 2069 859 2114 altitudine
881 2068 1122 2129 prophetiae
1143 2066 1255 2112 vidit
1276 2065 1471 2110 mortali-

77 2153 210 2188 tatem
243 2152 458 2199 nostram,
490 2158 577 2203 qua
613 2141 881 2186 descendens
915 2149 1188 2200 pasceretur,
1213 2147 1470 2182 convertens

77 2229 156 2259 nos
178 2214 224 2258 in
240 2229 398 2274 corpus
417 2229 561 2258 suum.
599 2212 715 2257 Pulli
748 2227 850 2270 crgo
872 2211 1080 2265 vulturis,
1100 2209 1176 2253 filii.
1198 2208 1343 2268 sponsi
1365 2208 1470 2252 dicti

76 2294 179 2330 sunt
199 2304 209 2329 z
234 2284 439 2328 altissime
457 2292 604 2328 autem
625 2282 873 2337 volitantes,
894 2280 1267 2326 conversationem
1286 2280 1333 2322 in
1349 2277 1472 2323 coelis

78 2354 289 2399 habentes
299 2357 331 2410 ⁷,
356 2363 407 2398 ut
432 2370 456 2399 a
476 2353 626 2398 labore
656 2352 900 2397 liberentur
922 2352 967 2395 in
993 2367 1082 2412 quo
1102 2351 1237 2395 homo
1260 2349 1466 2393 nascitur.

82 2425 227 2470 Secuti
249 2434 352 2469 sunt
373 2425 535 2485 quippe
555 2439 709 2469 vocem
730 2422 913 2467 dicentis
937 2441 944 2466 :
971 2441 990 2463 «
1021 2421 1178 2465 Venite
1208 2418 1263 2463 ad
1285 2434 1355 2462 me
1375 2434 1470 2462 om-

129 2526 138 2542 ¹
163 2519 236 2552 Job.
256 2531 291 2561 v,
313 2519 342 2552 3.
368 2536 411 2542 —
430 2517 592 2561 ²1bid.4.
613 2536 655 2541 —
682 2517 695 2542 3
719 2518 834 2552 Matth.
859 2518 915 2550 25.
936 2535 977 2540 ——
995 2516 1010 2547 l,
1035 2517 1107 2550 sob.
1129 2527 1163 2558 v,
1186 2516 1216 2548 5.
1239 2532 1281 2538 —-
1301 2513 1412 2547 ⁵1bid.
1433 2514 1466 2545 (ἱ.

83 2573 151 2597 —5
167 2574 246 2606 Ibid.
275 2586 306 2616 7.
327 2592 364 2597 —-
387 2582 400 2608 7
426 2574 536 2616 Philip.
557 2585 602 2616 ni,
625 2582 678 2606 20.
