1833 3284
343 233 426 272 136
794 246 827 273 s.
864 246 1094 274 AUGUSTIM
1128 247 1309 275 Errscort

342 330 362 352 »
399 312 475 356 lite
496 327 690 372 peccare.
712 330 731 353 »
749 311 879 365 Quod
897 310 1070 357 duobus
1087 311 1227 356 modis
1243 311 1424 371 intelligi
1443 321 1585 371 potest
1604 332 1613 357 ι
1631 320 1732 357 aut:

344 403 363 425 «
399 384 544 428 Etiam
568 385 601 428 si
630 384 886 438 irascimini,
913 383 1048 428 nolite
1077 399 1279 443 peccare,
1306 403 1326 425 ³>
1353 384 1397 428 id
1420 393 1504 439 est,
1529 384 1674 428 Etiam
1704 385 1738 428 si

339 455 478 513 surgit
503 464 648 499 motus
670 455 826 510 animi,
850 454 926 514 qui
939 455 1030 514 jam
1052 464 1229 515 propter
1249 470 1426 515 poenam
1454 455 1621 514 peccati
1647 470 1738 499 non

341 534 404 569 cst
426 526 472 569 in
493 535 727 586 potestate,
754 524 907 570 saltem
931 525 968 568 ei
992 540 1081 569 non
1113 527 1359 570 consentiat
1391 526 1499 570 ratio
1531 535 1574 570 et
1595 541 1734 581 mens,

341 612 440 656 qure
463 597 580 640 intus
603 606 851 655 regenerata
875 604 939 639 est
958 594 1199 640 secundum
1223 600 1385 652 Deum,
1406 605 1456 641 ut
1477 606 1623 641 mente
1645 613 1737 641 ser-

340 668 510 712 viamus
532 667 615 725 legi
644 667 802 720 Dci‚·si
830 665 975 712 adhuc
1004 682 1133 711 carno
1160 669 1368 713 servimus
1391 668 1610 728 peccati¹t
1637 677 1735 725 aut,

342 739 471 797 Agite
494 737 824 797 poenitentiam,
845 736 891 781 id
921 747 1000 793 est,
1021 737 1253 782 irascimini
1275 739 1396 784 vobis
1422 739 1522 800 ipsis
1551 739 1606 783 de
1625 755 1740 799 prae—

342 810 478 854 teritis
496 809 706 869 peccatis,
728 818 771 853 ct
787 808 969 854 ulterius
990 825 1170 869 peccare
1197 811 1395 855 desinite.
1424 831 1443 854 α
1467 814 1576 865 Quae
1599 811 1740 854 dicitis

346 899 366 922 »
402 881 448 925 in
469 880 673 926 cordibus
694 880 847 925 vestris
870 901 878 926 :
905 898 925 922 »
951 879 1236 937 subauditur,
1268 880 1399 926 dicite
1430 901 1438 927 :
1465 890 1514 926 ut
1536 882 1590 926 sit
1611 881 1740 942 plena

341 953 579 1007 sententia,
604 955 714 1006 Quae
750 951 889 997 dicitis
917 953 963 997 in
985 952 1192 998 cordibus
1222 954 1374 998 vestris
1405 953 1556 1009 dicite,
1588 954 1633 998 id
1653 962 1738 1009 est,

343 1025 478 1070 nolite
501 1040 590 1069 cssc
613 1024 807 1093 populgg
825 1025 880 1069 de
901 1041 991 1086 quo
1014 1025 1184 1070 dictum
1208 1035 1272 1070 est
1296 1045 1305 1071 ι
1342 1046 1363 1069 «
1389 1026 1532 1070 Labiis
1565 1041 1636 1070 me
1657 1025 1741 1070 ho·-

346 1115 366 1137 »
403 1105 583 1151 norant,
605 1110 680 1140 cor
698 1105 845 1140 autem
863 1111 1016 1141 eorum
1033 1095 1165 1155 longe
1182 1105 1246 1141 est
1265 1112 1289 1140 a
1305 1100 1417 1141 rne2.
1445 1100 1498 1141 In
1520 1095 1741 1141 cubilibus

346 1185 366 1208 υ
401 1167 556 1213 vestris
579 1166 969 1227 compungiminiss.
993 1185 1013 1208 »
1037 1170 1131 1212 Hoc
1147 1176 1211 1211 est
1234 1167 1355 1228 quod
1366 1169 1457 1228 jam
1475 1166 1643 1212 dictum
1658 1175 1738 1223 est,

348 1259 369 1281 t(
404 1242 456 1283 In
483 1239 707 1284 cordibus.
734 1257 754 1279 »
782 1241 886 1283 Haec
921 1239 1037 1283 enim
1071 1248 1175 1284 sunt
1207 1239 1390 1295 cubilia,
1416 1238 1471 1283 de
1505 1239 1666 1300 quibus
1700 1248 1744 1283 et

341 1311 555 1356 Dominus
578 1319 750 1366 monet,
776 1319 828 1354 ut
848 1310 966 1354 intus
990 1325 1162 1354 oremus
1193 1309 1347 1355 clausis
1375 1311 1533 1355 ostiis4.
1564 1330 1584 1353 «
1609 1313 1744 1356 Com-

346 1402 367 1425 »
404 1383 652 1445 pungimini
679 1401 698 1423 »
731 1391 900 1438 autem,
925 1391 1001 1427 aut
1022 1382 1078 1427 ad
1100 1382 1374 1442 poenitentiae
1391 1381 1588 1427 dolorem
1609 1380 1745 1426 reser-

345 1465 440 1510 tur,
466 1464 515 1499 ut
549 1470 593 1498 se
626 1454 765 1514 ipsam
800 1453 942 1498 anima
981 1453 1165 1513 puniens
1198 1464 1488 1514 compungat,
1520 1470 1575 1498 ne
1602 1454 1648 1497 in
1666 1453 1744 1498 Dei

340 1525 508 1587 judicio
529 1525 735 1570 damnata
758 1533 1016 1585 torqueatur
1035 1544 1044 1569 :
1066 1533 1142 1568 aut
1164 1523 1220 1569 ad
1242 1523 1563 1580 excitationem,
1584 1533 1634 1569 ut
1651 1524 1744 1568 evi-

348 1596 530 1656 gilemus
564 1595 619 1640 ad
652 1594 887 1639 videndam
919 1594 1062 1639 lucem
1101 1595 1277 1650 Christi,
1313 1604 1523 1656 tanquam
1560 1594 1746 1640 Stimulis

345 1667 564 1712 adhibitis.
599 1665 811 1712 Nonnulli
843 1675 989 1710 autem
1022 1681 1110 1710 non
1150 1685 1169 1707 «
1195 1666 1579 1726 Compungimini,
1619 1686 1636 1708 »
1669 1664 1746 1709 sed

351 1758 371 1781 «
407 1737 672 1798 Apcrimini,
703 1737 901 1781 »dicunt
939 1735 1095 1781 melius
1127 1736 1213 1796 legi
1245 1755 1254 1781 :
1282 1737 1489 1797 quoniam
1525 1737 1572 1781 in
1605 1751 1745 1795 graeco

347 1809 556 1854 Psaltcrio
591 1819 654 1853 est
689 1817 886 1862 κατακώγητε
922 1807 1043 1870 quod
1073 1807 1260 1853 refertur
1288 1807 1343 1852 ad
1380 1807 1500 1852 illam
1523 1807 1745 1853 dilatatio—

348 1897 449 1925 nem
469 1880 632 1936 cordis,
652 1890 702 1926 ut
723 1880 963 1941 excipiatur
989 1879 1167 1924 diffusio
1187 1879 1408 1924 charitatis
1433 1894 1511 1939 per
1536 1879 1745 1939 Spiritum

346 1961 563 1997 sanctum.

406 2026 507 2067 VH.
534 2042 553 2065 α
577 2022 824 2068 Sacrificatc
847 2022 1105 2067 sacrificium
1121 2021 1319 2082 justitiae,
1341 2030 1384 2066 et
1401 2030 1568 2082 sperate
1590 2021 1638 2066 in
1659 2024 1747 2066 Do-

354 2115 372 2135 »
408 2096 572 2138 mino⁵⁸
592 2113 612 2135 ³>
633 2094 755 2139 Idem
779 2094 885 2138 dicit
906 2094 952 2138 in
971 2093 1055 2139 alio
1078 2093 1249 2139 Psalmo
1270 2113 1277 2138 :
1301 2113 1320 2136 «
1345 2094 1611 2138 Sacrificium
1634 2097 1741 2150 Deo,

353 2184 373 2207 »
410 2165 585 2225 spiritus
606 2164 970 2209 contribulatusss.
1000 2183 1020 2205 i>
1048 2167 1191 2218 Quare
1213 2180 1303 2209 non
1326 2165 1515 2209 absurde
1536 2165 1607 2209 hic
1631 2164 1745 2209 acci-

349 2238 468 2297 pitur
491 2238 633 2297 ipsum
665 2252 754 2280 esse
783 2236 1043 2281 sacrificium
1063 2237 1261 2297 justitiae,
1288 2237 1409 2297 quod
1431 2237 1481 2280 fit
1501 2252 1579 2296 per
1599 2237 1746 2297 poeni-

353 2309 546 2352 tentiam.
575 2308 692 2362 Quid
725 2308 842 2351 enim
868 2308 1049 2368 justius,
1076 2323 1209 2368 quam
1242 2316 1292 2351 ut
1324 2308 1410 2352 suis
1443 2309 1747 2368 unusquisque

349 2380 552 2439 pcccatis,
578 2394 711 2440 quam
733 2378 882 2422 alienis
904 2378 1048 2438 potius
1077 2378 1309 2433 irascatur,
1335 2393 1469 2438 seque
1491 2378 1634 2438 ipsum
1662 2394 1747 2438 pu-

351 2451 474 2494 niens
490 2459 651 2494 mactet
668 2451 786 2494 Deo?
804 2452 873 2494 An
895 2448 1151 2494 sacrificium
1164 2449 1345 2509 justitiae
1368 2464 1496 2509 opera
1508 2450 1626 2509 justa
1643 2457 1746 2493 sunt

403 2553 410 2569 ¹
442 2548 533 2578 Rom.
561 2557 621 2588 vn,
645 2555 699 2588 27.
722 2563 763 2568 -—
787 2552 800 2568 ²
815 2547 886 2578 lsai.
907 2556 996 2587 xxix,
1015 2545 1065 2577 13.
1087 2562 1128 2567 —-
1149 2543 1163 2568 3
1186 2545 1267 2578 psal.
1288 2556 1334 2586 iv,
1355 2545 1384 2576 Γ).
1405 2562 1446 2567 -—
1469 2543 1483 2574 4
1505 2544 1617 2577 Matth.
1639 2555 1685 2586 vi,
1705 2543 1739 2576 6.

356 2621 397 2627 -
417 2602 430 2625 5
446 2603 523 2634 rsal.
545 2614 588 2643 iv,
613 2602 645 2634 6.
669 2600 739 2625 ——0
755 2603 799 2633 Μ.
823 2614 849 2642 1,,
880 2613 928 2643 19.
