1833 3284
415 254 657 286 ENARRATro
689 258 735 284 IN
767 253 970 283 PSALMUM
1002 255 1062 281 1v.
1348 239 1431 279 133

47 326 372 388 inquisitionem
408 333 451 368 et
478 323 653 381 longam
683 321 1019 382 disputationem
1043 317 1273 363 desiderat.
1306 319 1434 362 Nunc

46 397 221 442 interim
252 403 329 440 aut
348 393 479 439 verba
501 393 715 438 Dominici
736 392 922 436 hominis
943 399 1043 449 post
1070 387 1431 433 resurrectionem

46 476 271 527 expectare
293 464 503 509 debemus
518 498 529 520 ,
556 471 631 506 aut
657 462 845 506 hominis
866 461 912 505 in
933 459 1126 505 Ecclesia
1148 458 1363 504 credentis
1390 466 1434 501 et

46 538 256 599 sperantis
271 537 318 581 in
333 551 451 581 eum.

117 611 177 653 ΙΙ.
216 627 237 651 «
268 610 382 653 Cum
420 607 670 650 invocarem
687 639 698 660 ,
744 602 965 649 exaudivit
1005 618 1076 648 me
1103 606 1218 648 Deus
1254 599 1434 663 justitiae

49 698 70 722 »
104 681 256 724 meae1.
285 697 306 722 )›
334 681 447 724 Cum
469 678 715 722 invocarem
733 711 744 732 ,
766 674 988 720 exaudivit
1007 690 1078 719 me
1098 678 1212 719 Deus
1231 709 1243 730 ,
1267 673 1434 734 inquit,

46 767 69 796 a
99 766 188 811 quo
209 760 273 795 est
297 749 463 811 justitia
485 764 596 793 mea.
627 752 709 792 «In
725 746 1006 792 tribulatione
1029 746 1218 791 dilatasti
1236 745 1383 789 mihi2.
1412 761 1434 786 »

45 822 115 866 Ab
127 822 332 880 angustiis
345 820 544 875 tristitiae,
561 819 605 863 in
616 818 893 863 latitudinem
906 818 1164 875 gaudiorum
1178 832 1248 860 me
1259 815 1436 873 duxisti,

49 892 270 937 tribulatio
304 893 419 936 enim
447 900 491 935 et
522 890 720 949 angustia
751 889 798 932 in
830 903 1005 933 omnem
1036 889 1227 932 animam
1249 887 1439 932 hominis

45 963 263 1023 operantis
295 961 504 1006 malumss.
528 961 614 1014 Qui
636 969 782 1005 autem
813 959 920 1004 dicit
944 977 954 1003 :
989 958 1274 1003 «Gaudemus
1304 958 1350 1003 in
1366 958 1437 1001 tri-

47 1052 69 1075 »
104 1033 426 1088 bulationibus,
462 1032 644 1076 scientes
676 1031 884 1091 quoniam
915 1029 1142 1075 tribulatio
1182 1029 1439 1089 patientiam

47 1123 70 1148 »
105 1115 334 1166 operatur3
357 1123 378 1147 »
403 1119 542 1164 usque
560 1102 616 1148 ad
637 1101 749 1148 illud
767 1103 848 1147 ubi
865 1102 924 1147 ait
948 1121 958 1147 ι
982 1101 1232 1155 «Quoniam
1253 1101 1440 1146 charitas

48 1194 68 1218 »
104 1177 183 1221 Dei
199 1175 360 1220 diffusa
374 1172 708 1220 estincordibus
724 1173 880 1218 nostris
893 1188 970 1233 per
990 1172 1200 1232 Spiritum
1218 1180 1434 1224 sanctum,

47 1265 69 1288 »
104 1247 183 1308 qui
219 1246 347 1292 datus
376 1255 441 1291 est
471 1245 622 1290 nobis⁴
653 1264 662 1290 :
690 1262 711 1286 >›
747 1259 836 1290 non
861 1244 994 1289 habet
1021 1242 1162 1288 cordis
1195 1242 1436 1301 angustias,

46 1319 244 1379 quamvis
261 1318 529 1362 extrinsecus
541 1333 565 1361 a
586 1316 950 1377 persequentibus
971 1316 1239 1373 ingerantur.
1254 1314 1441 1359 Mutatio

45 1398 191 1434 autem
212 1404 426 1448 personae,
450 1385 573 1448 quod
592 1403 614 1432 a
629 1387 777 1442 tertia,
802 1386 881 1430 ubi
899 1386 974 1442 ait,
997 1385 1285 1440 «Exaudivit,
1305 1404 1326 1426 »
1353 1393 1442 1429 sta-

45 1460 124 1504 tim
145 1459 315 1504 transiit
337 1458 395 1504 ad
426 1457 664 1503 secundam
680 1493 692 1513 ,
727 1457 806 1501 ubi
831 1457 917 1512 ait,
958 1455 1189 1501 «Dilatasti
1215 1456 1380 1512 mihi,»
1407 1456 1441 1500 si

46 1545 137 1574 non
158 1529 377 1575 varietatis
407 1544 458 1573 ac
485 1527 708 1573 suavitatis
734 1543 862 1572 causa
899 1525 1013 1571 facta
1036 1535 1126 1582 est,
1172 1527 1333 1571 mirum
1364 1541 1443 1571 cur

44 1601 239 1660 primum
270 1609 483 1660 tanquam
508 1597 702 1643 indicare
727 1597 868 1643 voluit
901 1597 1152 1643 hominibus
1185 1596 1443 1642 exauditum

45 1687 90 1716 se
112 1687 202 1716 esse
213 1707 224 1728 ,
249 1681 294 1716 et
306 1680 455 1731 postea
469 1669 733 1730 compellare
747 1669 1043 1714 exauditorem
1060 1685 1204 1714 suum.
1224 1669 1313 1715 Nisi
1330 1668 1442 1714 forte

45 1759 148 1788 cum
169 1743 402 1788 indicasset
422 1740 798 1803 quemadmodum
818 1741 1045 1786 exauditus
1074 1742 1129 1787 sit
1147 1742 1193 1786 in
1213 1741 1306 1802 ipsa
1328 1740 1442 1786 dita-

45 1814 210 1859 tatione
226 1812 384 1869 cordis,
405 1813 561 1858 maluit
582 1828 682 1856 cum
696 1815 787 1857 Deo
808 1811 934 1874 loqui
955 1832 965 1858 z
989 1822 1041 1857 ut
1058 1812 1188 1857 etiam
1206 1813 1290 1857 hoc
1308 1812 1443 1857 modo

47 1884 296 1929 ostenderet
327 1883 436 1944 quid
458 1883 514 1928 sit
537 1883 668 1928 corde
689 1882 884 1939 dilatari,
920 1883 967 1927 id
996 1893 1060 1928 est
1075 1919 1086 1939 ,
1106 1884 1196 1944 jam
1220 1882 1342 1929 cordi
1360 1884 1443 1929 ha-

47 1954 152 1999 bere
184 1953 386 1999 infusum*
416 1957 582 2009 Deum,
609 1969 709 1998 cum
743 1969 832 2013 quo
862 1954 1120 1998 intrinsecus
1147 1953 1442 2015 colloquatur.

50 2024 183 2079 Quod
203 2025 250 2068 in
265 2039 451 2084 persona
463 2025 572 2084 erS,
593 2024 670 2084 qui
683 2022 865 2068 credens
882 2023 926 2068 in
940 2024 1161 2069 Christum
1176 2024 1448 2070 illuminatus

48 2103 140 2149 est,
172 2103 288 2140 recte
313 2095 527 2154 accipitur
553 2113 562 2139 ι
594 2094 640 2138 in
661 2093 795 2153 ipsius
823 2103 969 2138 autem
993 2094 1210 2140 Dominici
1230 2095 1443 2152 hominis,

48 2181 184 2226 quem
199 2166 396 2226 ,suscepit
416 2165 497 2210 Dei
520 2164 769 2224 Sapientia,
798 2180 889 2210 non
915 2163 1044 2209 video
1071 2164 1447 2225 quemadmodum

48 2237 133 2281 hoc
153 2237 289 2296 possit
309 2250 551 2295 congruere
567 2256 578 2293 3
595 2251 685 2280 non
707 2235 824 2279 enim
846 2235 901 2280 ab
924 2251 974 2279 ea
992 2234 1228 2296 aliquando
1251 2235 1446 2280 desertus

51 2316 129 2351 est.
149 2306 234 2352 Sed
253 2306 628 2367 quemadmodum
648 2307 739 2366 ipsa
761 2308 852 2367 ejus
871 2306 1141 2366 deprecatio,
1172 2316 1332 2352 nostrae
1362 2323 1446 2368 po-

51 2378 138 2422 tius
158 2377 420 2422 infirmitatis
444 2376 653 2421 indicium
683 2386 769 2435 est,
800 2378 858 2421 sic
881 2377 1011 2421 etiam
1040 2377 1096 2422 de
1116 2378 1195 2421 ista
1219 2379 1447 2438 repentina

52 2447 307 2492 dilatatione
329 2446 471 2492 cordis
489 2455 633 2506 potest
656 2445 773 2491 idem
796 2447 1008 2491 Dominus
1030 2463 1110 2507 pro
1131 2446 1335 2492 fidelibus
1359 2449 1447 2492 suis

53 2517 198 2577 loqui,
229 2532 419 2577 quorum
448 2532 679 2577 personam
719 2516 803 2561 sibi
824 2517 1033 2577 imposuit
1064 2517 1195 2562 etiam
1222 2533 1322 2561 cum
1348 2518 1408 2561 ait
1433 2537 1442 2562 ε

104 2609 112 2625 ¹
130 2602 208 2634 Psal.
230 2613 276 2643 iv,
292 2613 326 2635 2.
348 2620 388 2625 ——
405 2610 418 2625 ²
437 2602 519 2635 lbid.
542 2620 582 2624 -
599 2600 612 2624 3
631 2605 720 2634 Rom.
743 2613 780 2642 11,
800 2605 830 2633 9.
857 2619 897 2624 -
918 2601 1135 2643 41d.v‚3-3.
