1833 3284
388 233 470 271 162
809 244 843 272 s.
880 243 1110 273 AUGUSTINI
1142 247 1323 275 EPISCOPI

381 309 587 354 ostendit.
606 309 674 355 Sic
696 311 812 354 enim
828 309 951 371 loqui
975 310 1212 370 gaudentes
1231 311 1391 367 solent,
1417 319 1464 355 ut
1485 325 1576 355 non
1593 311 1652 355 cis
1675 312 1771 356 suf-

379 381 497 425 ficiat
514 379 646 425 semel
668 382 896 426 enuntiare
918 381 1038 442 quod
1062 381 1267 441 gaudent.
1294 386 1379 427 Istc
1399 381 1566 426 fructus
1579 391 1642 426 est
1654 381 1771 427 illius

383 452 568 509 gemitus
589 452 634 496 in
657 468 746 513 quo
768 452 1009 507 laboratur,
1030 463 1073 497 et
1093 452 1267 498 illarum
1297 453 1590 512 lacrymarum
1608 453 1771 514 quibus

381 519 553 566 lavatur
568 520 705 568 lectus
718 559 728 578 ,
748 532 792 567 et
809 532 966 567 stratus
986 523 1148 582 rigatur
1167 543 1176 569 ε
1197 525 1403 586 quoniam
1417 560 1427 579 ,
1457 524 1571 577 «Qui
1590 525 1772 568 seminat

384 612 403 635 »
438 593 484 637 in
505 593 724 652 lacrymis,
750 595 796 638 in
815 594 974 654 gaudio
996 604 1130 639 metet
1149 597 1163 621 ¹
1190 615 1199 641 :
1229 615 1247 638 »
1270 605 1329 649 et,
1359 615 1376 636 «
1396 595 1516 640 Beati
1537 594 1737 654 lugentes
1755 630 1767 651 ‚

385 683 403 705 »
439 666 647 724 quoniam
665 667 745 726 ipsi
769 665 1155 711 consolabuntur&
1188 688 1205 709 »

438 739 541 781 XII.
583 758 599 776 «
628 738 901 783 Erubescant
917 774 927 793 ,
969 747 1012 782 et
1049 738 1370 782 conturbentur
1416 752 1566 782 omnes
1606 737 1771 782 inimici

381 825 401 847 »
436 808 521 851 mei
535 809 567 851 3.
603 808 819 853 Discedite
846 826 869 853 a
901 824 971 852 me
994 824 1143 853 omnes
1162 844 1173 863 ,
1199 828 1216 849 »
1254 808 1361 852 dixit
1384 809 1580 868 superius
1605 824 1614 849 τ
1650 807 1772 869 quod

377 877 507 921 etiam
529 878 574 921 in
596 878 678 923 hac
691 880 801 933 vita,
827 880 940 924 sicut
963 880 1205 939 expositum
1229 888 1317 933 est,
1338 879 1431 922 fieri
1455 887 1624 938 potest:
1650 877 1771 939 quod

377 956 522 991 autem
546 948 652 993 dicit
667 985 677 1002 ,
707 969 725 990 «
753 950 1026 994 Erubescant
1040 986 1050 1005 ,
1072 959 1114 994 et
1132 949 1468 1004 conturbentur,
1490 968 1507 990 >›
1535 965 1625 994 non
1642 948 1771 994 video

374 1020 750 1080 quemadmodum
772 1023 944 1065 evenire
961 1021 1096 1082 possit
1117 1021 1197 1065 nisi
1215 1021 1290 1065 illo
1313 1020 1384 1065 die
1407 1036 1508 1065 cum
1542 1019 1771 1065 manifesta

375 1090 541 1134 fuerint
568 1092 786 1150 justorum
813 1093 987 1151 praemia
1021 1101 1065 1135 et
1086 1091 1297 1152 supplicia
1328 1100 1625 1151 peccatorum.
1659 1094 1770 1136 Nam

374 1176 493 1206 nunc
511 1178 650 1223 usquc
670 1162 778 1208 adeo
796 1180 885 1208 non
908 1164 1172 1208 crubescunt
1186 1164 1324 1223 impii,
1342 1173 1393 1207 ut
1414 1162 1538 1207 nobis
1557 1162 1769 1207 insultare

372 1247 463 1276 non
485 1231 699 1277 desinant.
733 1237 791 1278 Et
821 1233 1082 1295 plerumque
1108 1243 1283 1279 tantum
1323 1233 1471 1277 valent
1499 1233 1769 1278 irrisionibus

373 1304 482 1356 suis,
519 1313 569 1347 ut
597 1304 792 1349 infirmos
813 1305 1012 1349 homines
1048 1305 1103 1349 de
1131 1305 1291 1349 Christi
1315 1305 1492 1348 nomine
1515 1304 1770 1348 erubescere

372 1372 549 1419 saciant.
569 1375 694 1420 Unde
707 1377 876 1421 dictum
897 1386 961 1421 est
988 1397 996 1421 :
1022 1395 1039 1416 «
1060 1377 1266 1437 Quisquis
1281 1391 1358 1419 me
1381 1375 1607 1420 erubuerit
1622 1391 1769 1420 coram
1832 1423 1833 1428 ,

375 1463 396 1486 ³>
430 1446 699 1501 hominibus,
726 1448 978 1491 erubescam
1002 1461 1104 1491 eum
1121 1462 1269 1492 coram
1289 1450 1416 1492 Patre
1433 1461 1529 1491 meo
1545 1448 1576 1489 ⁴.
1605 1464 1626 1487 ³>
1653 1449 1770 1491 Jam-

371 1532 476 1560 vero
499 1517 696 1577 quisquis
714 1517 918 1562 sublimia
940 1517 1013 1562 illa
1036 1526 1253 1578 praecepta
1279 1515 1460 1577 implere
1483 1516 1693 1572 voluerit,
1719 1527 1770 1562 ut

372 1586 592 1648 dispergat
611 1624 621 1642 ,
660 1587 735 1632 det
762 1588 1050 1648 pauperibus,
1089 1604 1178 1649 quo
1199 1588 1366 1650 justitia
1400 1589 1490 1648 ejus
1520 1597 1695 1632 mancat
1723 1588 1769 1632 in

373 1667 588 1702 aeternum
604 1661 636 1713 ⁵,
663 1659 958 1720 omnibusque
980 1660 1066 1703 suis
1083 1659 1214 1703 rebus
1229 1659 1410 1703 terrenis
1426 1657 1613 1703 venditis
1634 1667 1677 1703 ct
1697 1659 1768 1703 in-

372 1728 625 1788 digentibus
663 1730 870 1789 erogatis,
907 1729 1129 1775 Christum
1167 1730 1290 1789 sequi
1326 1729 1537 1784 voluerit,
1569 1729 1717 1774 dicens
1754 1745 1764 1771 ε

374 1818 395 1841 ι(
429 1799 547 1845 Nihil
576 1799 805 1845 intulimus
826 1801 873 1844 in
895 1800 1015 1845 hunc
1036 1800 1255 1844 mundum
1273 1835 1283 1855 ,
1309 1815 1460 1844 verum
1487 1816 1568 1844 nec
1597 1799 1768 1844 auferre

375 1889 395 1912 »
431 1871 539 1931 quid
574 1887 825 1931 possumus,
855 1872 1020 1916 victum
1044 1881 1087 1916 et
1108 1881 1416 1931 tegumentum
1436 1872 1647 1916 habentes
1663 1907 1674 1927 ,
1699 1871 1768 1916 his

373 1960 393 1984 »
428 1944 624 1987 contenti
655 1943 813 1987 simus6
836 1962 845 1987 :
872 1962 891 1984 »
919 1943 1073 1987 incidit
1093 1943 1140 1986 in
1161 1943 1345 1987 istorum
1375 1942 1622 1999 sacrilegam
1651 1941 1768 1987 dica-

369 2014 546 2058 citatem
564 2050 574 2069 ,
603 2023 647 2058 et
667 2014 721 2058 ab
752 2014 810 2058 eis
833 2014 908 2074 qui
928 2014 1068 2058 sanari
1091 2012 1270 2064 nolunt,
1295 2023 1478 2058 vocatur
1497 2014 1699 2072 insanus,
1724 2022 1768 2058 et

370 2099 485 2145 saepe
514 2100 570 2128 ne
589 2086 674 2129 hoc
697 2094 876 2129 vocetur
899 2101 921 2128 a
939 2083 1175 2144 desperatis
1196 2084 1449 2129 hominibus
1464 2120 1474 2139 ,
1495 2085 1685 2144 trepidat
1706 2083 1766 2129 fa-

371 2172 490 2212 cere,
525 2156 739 2200 et'differt
754 2191 764 2211 ,
790 2154 914 2216 quod
941 2156 1139 2200 omnium
1160 2154 1435 2200 fidelissimus
1458 2165 1500 2200 et
1515 2156 1765 2216 potentissi-

370 2243 467 2271 mus
484 2226 678 2271 medicus
709 2226 955 2286 imperavit.
976 2229 1074 2271 Non
1097 2241 1200 2285 ergo
1218 2242 1336 2270 nunc
1359 2226 1429 2270 isti
1451 2235 1635 2286 possunt
1661 2241 1765 2271 eru·
1824 2255 1828 2279 ,ι

371 2298 547 2342 bescere
562 2333 573 2353 ,
599 2297 760 2358 quibus
783 2313 839 2341 ne
860 2312 939 2342 nos
958 2295 1266 2340 erubescamus
1289 2295 1532 2356 optandum
1557 2306 1644 2352 est,
1672 2306 1715 2341 et
1740 2313 1765 2341 a
1824 2299 1826 2349 ἶ

371 2369 595 2429 proposito
621 2369 775 2413 itinere
804 2368 874 2412 vel
897 2382 1167 2422 revocemur,
1188 2365 1258 2410 vel
1276 2366 1581 2428 impediamur,
1601 2367 1672 2412 vel
1693 2383 1764 2412 re·-
1822 2383 1825 2399 ·'

372 2440 611 2486 tardemur.
635 2439 720 2487 Sed
742 2440 889 2486 veniet
909 2449 1079 2500 tempus
1106 2448 1157 2483 ut
1177 2438 1241 2483 illi
1258 2439 1539 2495 erubescant,
1569 2438 1763 2485 dicentes
1822 2461 1823 2506 ᾗ

421 2544 431 2562 ¹
450 2538 533 2571 psal.
550 2549 646 2579 cxxv,
668 2537 700 2571 5.
721 2555 763 2561 —-
782 2544 795 2561 ²
817 2537 930 2571 Matth.
946 2549 980 2581 v,
1003 2537 1034 2571 5.
1054 2553 1097 2561 --
1114 2534 1127 2560 ³
1143 2535 1224 2570 Psal.
1251 2547 1303 2579 vl,
1326 2549 1378 2570 11.
1395 2554 1437 2561 —
1454 2534 1472 2568 6
1488 2539 1564 2571 Luc.
1585 2549 1629 2580 lx,
1644 2538 1697 2571 26.
1718 2555 1760 2561 —
1821 2539 1823 2542 “

375 2594 391 2619 5
408 2593 490 2628 Psal.
506 2606 572 2637 cn,
595 2607 629 2639 9.
645 2612 688 2619 —
706 2592 723 2618 6
745 2606 758 2628 1
785 2595 925 2638 Tinrvl,
951 2605 984 2638 7,
1008 2593 1041 2626 8.
