1833 3284
338 262 421 300 380
777 274 810 301 s.
848 276 1079 303 AUGUSTlNl
1115 277 1297 303 Errscort

335 340 489 382 Nemo.
509 337 792 384 Abundantia
810 340 998 385 hominis
1017 356 1116 401 quae
1131 342 1225 385 est?
1242 344 1472 395 AErumna,
1491 339 1729 384 calamitas.

338 407 421 453 Sed
446 407 600 453 divites
624 410 791 455 habent
814 410 1146 455 abundantiam.
1170 410 1272 455 Plus
1295 420 1425 470 egent
1447 420 1614 472 quanto
1635 410 1735 471 plus

335 478 528 536 habent,
565 479 786 526 desideriis
820 491 1070 535 vastantur,
1095 481 1409 542 cupiditatibus
1444 481 1732 542 dissipantur,

337 549 570 595 timoribus
612 554 885 609 cruciantur,
922 553 1095 598 tristitia
1132 553 1452 598 contabescunt
1479 572 1488 598 :
1519 569 1618 614 quae
1651 551 1736 597 illis

337 621 643 667 abundantia?
682 624 966 669 Abundantia
1010 634 1123 680 erat,
1161 624 1340 685 quando
1381 624 1642 669 constitutus
1673 632 1739 668 est

336 693 470 737 homo
494 693 540 736 in
564 694 786 754 paradiso,
808 696 987 757 quando
1010 696 1121 740 nihil
1151 696 1300 741 deerat
1333 696 1419 752 illi,
1444 695 1627 757 quando-
1645 699 1736 740 Deo

336 763 568 809 fruebatur
588 786 595 811 :
617 767 693 811 sed
717 767 839 822 dixit,
865 787 881 808 «
908 771 1007 812 Non
1029 768 1240 813 movebor
1262 769 1308 812 in
1330 777 1560 812 aeternum.
1585 789 1601 809 »
1621 770 1737 822 Quo-

336 834 469 879 modo
488 835 613 892 dixit,
637 857 653 876 «
674 840 771 883 Non
793 839 1004 883 movebor
1020 840 1065 883 in
1085 842 1331 884 mternum?
1354 860 1370 880 »
1393 838 1581 893 Quando
1599 838 1738 882 liben-

338 916 401 950 ter
423 907 616 963 audivit,
642 928 661 951 «
684 911 880 965 Gustate,
901 920 941 955 et
963 911 1080 955 eritis
1105 920 1312 972 tanquam
1336 911 1395 954 dii
1417 931 1425 956 :
1452 932 1469 951 »
1496 926 1598 954 cum
1622 913 1737 955 Deus

336 979 525 1024 diceret:
547 982 672 1033 «Qua
697 980 767 1025 die
787 982 984 1037 ederitis,
1011 992 1152 1028 :morte
1170 982 1444 1039 moriemini,
1470 1001 1489 1023 »
1517 991 1560 1026 et
1583 981 1737 1026 diabo—

334 1048 425 1105 lus,
458 1071 477 1092 «
503 1053 600 1095 Non
632 1062 773 1096 morte
800 1054 1087 1098 moriemini1.
1131 1075 1147 1095 »
1177 1054 1369 1099 Credens
1406 1068 1508 1112 ergo
1541 1052 1604 1097 illi
1636 1051 1737 1097 talia

335 1122 536 1165 suadenti
560 1121 691 1177 dixit,
717 1145 731 1161 «
761 1126 859 1168 Non
881 1125 1091 1169 movebor
1112 1124 1158 1168 in
1181 1133 1412 1168 aeternum.
1444 1142 1465 1165 »

394 1195 521 1236 XIII.
558 1193 641 1237 Sed
673 1195 775 1254 quia
797 1211 950 1239 verum
974 1194 1142 1239 dixerat
1164 1196 1397 1250 Dominus,
1419 1193 1541 1256 quod
1563 1193 1742 1245 ablatuff

336 1279 408 1307 rus
443 1273 552 1308 esset
591 1266 805 1325 superbo,
841 1265 962 1325 quod
997 1265 1179 1310 dederat
1210 1266 1391 1318 humil-i,
1424 1264 1602 1326 quando
1636 1280 1737 1308 eum

336 1336 523 1392 creavit,
556 1336 776 1395 sequitur,
808 1346 851 1381 et
883 1336 1012 1391 dicit,
1043 1337 1296 1391 «Domine,
1333 1337 1379 1380 in
1402 1336 1631 1381 voluntate
1662 1345 1737 1380 tua

339 1423 359 1446 »
395 1406 629 1466 praestitisti
646 1406 793 1452 decori
817 1423 915 1452 meo
932 1408 1168 1452 virtutem²
1191 1428 1201 1453 ι
1233 1428 1249 1449 »
1272 1406 1316 1451 id
1338 1417 1423 1463 est,
1448 1408 1551 1468 quia
1574 1423 1664 1451 non
1687 1422 1738 1450 ex

335 1492 406 1520 me
439 1476 581 1521 bonus
615 1493 732 1522 eram
766 1487 809 1522 et
842 1479 985 1533 fortis,
1012 1479 1086 1523 sed
1116 1495 1165 1523 ex
1194 1488 1237 1523 te
1269 1494 1386 1523 eram
1414 1488 1458 1522 et
1483 1477 1673 1538 pulcher
1695 1487 1738 1522 et

336 1547 486 1605 fortis,
507 1548 655 1593 decori
678 1564 775 1593 meo
798 1550 1006 1593 virtutem
1031 1550 1309 1610 praestiteras,
1331 1566 1381 1594 ex
1399 1549 1624 1595 voluntate
1642 1559 1734 1604 tua,

335 1636 421 1680 qua
445 1635 514 1663 me
533 1620 711 1664 feceras.
738 1623 794 1666 Et
817 1630 868 1664 ut
891 1620 1140 1665 ostenderes
1162 1621 1290 1676 mihi,
1318 1622 1420 1682 quia
1438 1637 1489 1665 ex
1510 1620 1737 1666 voluntate

335 1700 411 1734 tua
442 1691 524 1734 hoc
549 1706 688 1745 eram,
725 1711 745 1733 «
778 1692 982 1736 Avertisti
1012 1691 1165 1737 faciem
1199 1701 1318 1737 tuam
1347 1710 1370 1737 a
1399 1708 1491 1747 me,
1522 1701 1564 1736 et
1596 1692 1737 1736 lactus

337 1780 358 1802 ι)
395 1777 491 1805 sum
523 1762 852 1806 conturbatus3.
879 1763 1048 1806 Avertit
1078 1778 1179 1821 ergo
1209 1762 1365 1807 faciem
1398 1763 1453 1806 ab
1481 1762 1578 1818 illo,
1604 1779 1736 1823 quem

335 1833 477 1876 emisit
500 1832 614 1877 foras
632 1832 687 1877 de
709 1834 924 1895 paradiso.
939 1837 1034 1877 Jam
1054 1834 1124 1878 hic
1139 1835 1321 1894 positus,
1340 1834 1514 1890 clamet,
1537 1844 1580 1878 et
1603 1834 1733 1891 dicat,

339 1923 355 1943 «
371 1903 440 1947 Ad
456 1905 720 1959 te,Domine,
732 1904 947 1959 clamabo,
960 1914 1002 1948 et
1016 1904 1069 1948 ad
1083 1908 1221 1949 Deum
1237 1920 1384 1949 meum
1398 1905 1702 1965 deprecabor⁴.
1713 1925 1732 1946 η

336 1976 383 2017 Ιιι
404 1974 602 2034 paradiso
618 1992 706 2020 uon
725 1974 960 2029 clamabas,
977 1975 1052 2020 sed
1066 1975 1299 2034 laudabas3
1320 1992 1410 2020 non
1426 1976 1645 2035 gemebas,
1660 1976 1736 2021 sed

334 2044 548 2090 fruebaris
580 2066 588 2090 :
628 2046 731 2091 foris
752 2047 916 2106 positus
940 2062 1064 2105 geme
1080 2083 1091 2102 ,
1117 2056 1160 2091 et
1181 2045 1336 2091 clama.
1363 2047 1634 2108 Propinquat
1658 2048 1737 2091 tri-

334 2115 519 2170 bulanti,
536 2117 611 2177 qui
634 2116 827 2161 deseruit
853 2117 1194 2177 superbientem.
1225 2137 1241 2157 «
1261 2122 1376 2163 Deus
1399 2119 1514 2162 enim
1537 2119 1735 2178 superbis

337 2207 356 2230 »
393 2189 565 2244 resistit,
586 2189 827 2233 humilibus
845 2199 991 2234 autem
1015 2190 1090 2233 dat
1113 2190 1338 2249 gratiam5.
1357 2190 1427 2235 Ad
1443 2200 1501 2247 te,
1530 2191 1731 2247 Domine,

336 2278 356 2301 »
391 2260 612 2315 clamabo,
640 2270 683 2305 et
706 2259 759 2304 ad
791 2264 930 2305 Deum
954 2276 1100 2305 meum
1125 2260 1409 2322 deprecabor.
1444 2283 1459 2304 »

391 2335 513 2376 xix.
535 2335 559 2376 J
564 2348 631 2376 am
644 2349 694 2376 ex
708 2348 890 2393 persona
910 2333 1081 2377 Domini
1098 2334 1180 2378 hoc
1194 2334 1406 2394 sequitur,
1425 2334 1558 2394 ipsius
1574 2334 1730 2378 funda-

334 2403 468 2446 menti
492 2403 626 2447 nostri
650 2423 657 2448 :
688 2423 707 2446 «
733 2407 843 2457 Quae
865 2403 1027 2448 utilitas
1056 2405 1101 2448 in
1124 2405 1336 2465 sauguine
1359 2421 1480 2459 meo,
1508 2404 1615 2450 dum
1636 2405 1732 2450 des-

335 2490 355 2513 »
391 2472 530 2517 cendo
544 2474 587 2517 in
606 2475 990 2534 corruptionemssP
1011 2493 1030 2516 »
1048 2475 1165 2528 Quid
1180 2492 1282 2535 ergo
1297 2478 1420 2520 orat?
1440 2479 1496 2520 Ut
1510 2485 1723 2535 resurgat.

382 2575 392 2591 ¹
412 2571 490 2601 Gon.
517 2581 568 2611 m,
596 2570 638 2613 4,
670 2571 701 2603 5.
723 2589 763 2594 -
784 2579 796 2593 ²
817 2571 896 2603 psat.
917 2582 990 2602 xxix
1005 2597 1013 2613 ,
1036 2572 1068 2604 8.
1089 2589 1130 2595 —-
1150 2571 1257 2604 31bid.
1282 2590 1321 2595 --
1353 2572 1368 2595 A
1396 2573 1477 2605 Psal.
1510 2584 1606 2614 xxix,
1626 2584 1661 2614 9.
1689 2590 1730 2595 —-

333 2635 345 2646 ·
361 2626 474 2657 Jacob.
490 2637 534 2665 iv,
550 2626 585 2667 (i,
603 2631 634 2657 ot
656 2639 664 2657 1
690 2629 774 2657 potr.
798 2638 831 2657 V.
848 2627 878 2658 3.
901 2644 942 2649 -—
957 2625 972 2646 Γ·
992 2627 1069 2659 Psal.
1092 2639 1180 2660 xuz.
1212 2639 1264 2660 10.
