1833 3284
343 250 426 287 188
777 257 810 287 s.
848 258 1081 288 Aucusnm
1111 259 1294 288 Emscom

339 325 592 384 Philosophi
624 325 920 369 nominantur.
957 327 1054 370 Non
1086 324 1207 386 quod
1240 325 1430 370 scientiae
1470 322 1726 385 pollicitatio

338 395 697 456 reprehendenda
715 399 769 440 sit
788 395 886 440 :sed
905 395 1025 456 quod
1043 395 1227 455 gradum
1244 395 1582 440 saluberrimum
1595 403 1638 438 et
1654 407 1730 437 ne-

337 466 568 511 cessarium
592 464 692 509 fidei
715 465 1026 525 negligendum
1047 474 1219 526 putant,
1245 481 1321 526 per
1343 481 1476 526 quem
1492 467 1539 509 in
1561 462 1727 525 aliquid

338 546 503 581 certum
522 572 532 591 ,
570 536 691 596 quod
722 551 812 580 esse
848 536 928 580 nisi
959 545 1173 580 aeternum
1217 552 1307 581 non
1349 545 1519 596 potest,
1557 541 1730 594 oportet

338 607 527 653 ascendi.
565 608 678 651 Hinc
711 623 782 651 cos
813 617 991 667 apparet
1021 623 1100 651 nec
1124 607 1259 667 ipsam
1282 607 1506 652 scientiam
1538 605 1727 659 habere,

337 694 466 739 quam
492 688 742 739 contempta
765 678 849 722 fide
870 679 1157 739 pollicentur3
1177 680 1278 739 quia
1298 688 1386 723 tam
1404 677 1556 722 utilem
1579 692 1627 721 ac
1650 691 1731 720 ne-

338 750 566 794 cessarium
605 749 787 807 gradum
823 751 913 810 ejus
944 751 1159 809 ignorant.
1197 770 1215 792 α
1247 753 1309 794 Ex
1338 765 1411 793 ore
1449 764 1552 808 ergo
1586 747 1732 792 infan-

342 840 361 862 »
397 821 508 864 tium
527 830 569 864 et
586 820 839 864 lactentium
856 820 1074 880 perfecisti
1092 820 1284 876 laudem,
1307 839 1324 861 »
1344 820 1553 865 Dominus
1568 827 1729 874 noster,

339 891 548 936 mandans
571 892 713 951 primo
736 908 814 952 per
836 893 1098 952 Prophetam
1117 912 1126 938 z
1157 913 1177 935 «
1201 892 1290 938 Nisi
1318 890 1589 936 credideritis
1606 926 1616 944 ,
1643 905 1734 934 non

341 981 362 1005 >›
397 961 676 1022 intelligetisl
700 983 709 1008 ε
739 982 758 1004 »
790 973 833 1007 et
858 964 949 1024 ipse
972 979 1049 1023 per
1071 979 1114 1008 se
1141 962 1288 1007 dicens
1311 982 1319 1008 :
1355 982 1375 1005 «
1398 962 1519 1006 Beati
1545 961 1622 1022 qui
1644 975 1733 1004 non

341 1053 361 1076 »
396 1033 602 1079 viderunt
617 1071 627 1090 ,
654 1044 698 1079 et
719 1034 926 1080 credituri
949 1040 1090 1080 sunt‘2.
1116 1039 1300 1095 Propter
1322 1034 1518 1078 inimicos
1541 1053 1549 1078 ;
1579 1052 1598 1074 »
1625 1048 1734 1077 cou-

341 1115 404 1149 tra
439 1121 548 1165 quos
586 1106 715 1149 etiam
748 1105 860 1150 illud
885 1107 1077 1151 dicitur:
1115 1107 1384 1152 «Confiteor
1412 1104 1518 1159 tihi,
1551 1103 1736 1148 Domine

343 1196 362 1217 »
399 1176 499 1221 coeli
529 1186 572 1220 et
595 1186 746 1233 terrae,
774 1178 876 1238 quia
900 1177 1165 1223 abscondisti
1193 1179 1288 1222 haec
1315 1193 1338 1220 a
1366 1175 1656 1237 sapientibus,
1691 1174 1757 1219 et'

342 1267 362 1289 υ
400 1247 597 1293 revelasti
621 1264 669 1292 ea
692 1248 925 1308 parvulis&
951 1268 971 1291 »
994 1253 1031 1294 Α
1053 1249 1322 1310 sapientibus
1345 1249 1460 1292 enim
1484 1247 1618 1303 dixit,
1645 1262 1735 1290 nou

339 1320 414 1379 qui
444 1320 657 1378 sapientes
676 1329 777 1364 sunt
793 1356 804 1372 ,
830 1319 905 1364 scd
927 1320 1003 1381 qui
1025 1336 1114 1364 esse
1136 1336 1179 1365 se
1201 1328 1375 1380 putant.
1415 1338 1434 1361 α
1461 1321 1519 1362 Ut
1540 1317 1736 1362 destruas

343 1409 361 1431 »
398 1390 623 1434 inimicum
657 1400 701 1435 et
732 1390 1054 1435 defensorem&
1088 1410 1108 1432 »
1144 1394 1309 1445 Quem,
1347 1390 1427 1433 nisi
1454 1389 1736 1434 haereticum?

339 1463 447 1506 Nam
461 1461 607 1521 etipse
625 1471 688 1506 est
705 1462 904 1506 inimicus
921 1472 965 1506 et
977 1461 1194 1517 defensor,
1215 1463 1291 1523 qui
1308 1461 1441 1506 fidem
1459 1460 1735 1505 christianam

339 1547 440 1576 cum
462 1542 708 1592 oppugnet,
734 1534 908 1577 videtur
931 1532 1182 1577 defendere.
1201 1536 1464 1593 Quanquam
1487 1532 1617 1575 etiam
1636 1531 1735 1590 phi·-

339 1602 508 1663 losophi
527 1604 655 1663 hujus
684 1605 838 1648 mundi
860 1604 972 1648 bene
992 1604 1293 1662 intelligantur
1312 1603 1477 1647 inimici
1504 1611 1547 1646 et
1576 1601 1734 1646 defen-

339 1689 480 1730 sores,
511 1673 872 1734 quandoquidem
895 1673 1031 1718 Filius
1063 1675 1139 1718 Dei
1168 1674 1316 1719 Virtus
1348 1682 1392 1717 et
1416 1673 1634 1733 Sapientia
1659 1672 1736 1717 Dei

339 1754 428 1799 est,
449 1760 536 1804 qua
561 1744 803 1788 illustratur
825 1745 964 1788 omnis
983 1744 1178 1805 quisquis
1198 1745 1380 1788 veritate
1404 1744 1573 1803 sapiens
1596 1743 1736 1787 eflici-

338 1825 425 1860 tur.
453 1816 591 1876 Hujus
614 1815 674 1859 illi
697 1832 740 1860 se
769 1825 980 1860 amatores
1008 1831 1098 1859 esse
1131 1816 1412 1875 profitentur,
1446 1815 1566 1858 unde
1606 1815 1736 1858 etiam

338 1886 589 1946 philosophi
612 1887 895 1930 nominantur
912 1906 920 1930 ε
937 1895 979 1930 et
1000 1896 1231 1946 propterea
1255 1886 1328 1930 illa
1351 1886 1558 1930 videntur
1578 1885 1735 1928 defen-

338 1956 463 2014 dere,
479 1972 579 2001 cum
593 1957 753 2001 inimici
771 1957 856 2001 sint
868 1958 902 2017 ej
910 1973 973 2012 us,
992 1957 1200 2017 quoniam
1216 1957 1542 2017 superstitiones
1566 1956 1733 2011 noxias,

339 2038 389 2072 ut
410 2027 611 2072 colantur
629 2037 671 2071 et
688 2037 954 2073 venerentur
976 2029 1105 2089 hujus
1129 2027 1284 2072 mundi
1306 2028 1538 2083 elementa,
1555 2026 1738 2072 suadere

338 2115 428 2143 non
450 2108 632 2142 cessant.

397 2172 434 2213 V
441 2172 495 2212 11.
523 2190 542 2211 «
569 2169 785 2222 Quoniam
820 2167 978 2213 videbo
1013 2167 1148 2213 coelos
1174 2178 1299 2223 tuos,
1334 2184 1464 2228 opera
1499 2167 1736 2226 digitorum

342 2259 360 2281 »
398 2243 617 2285 tuorum5.
639 2257 658 2280 »
686 2240 888 2298 Legimus
911 2239 1048 2298 digito
1073 2239 1149 2283 Dei
1171 2240 1376 2299 scriptam
1395 2242 1571 2297 Legem,
1596 2248 1639 2282 et
1656 2239 1736 2282 da-

341 2321 426 2355 tam
450 2327 526 2370 per
547 2314 742 2368 Moysem
766 2320 965 2355 sanctum
996 2325 1167 2354 servum
1203 2311 1321 2369 ejusG
1344 2330 1352 2354 :
1381 2325 1512 2369 quem
1546 2309 1733 2368 digitum

339 2383 442 2436 Dei,
477 2381 604 2425 multi
631 2381 885 2440 intelligunt
914 2381 1121 2441 Spiritum
1144 2391 1358 2425 sanctum.
1390 2367 1667 2440 Quapropter
1697 2379 1730 2424 si

333 2452 492 2511 digitos
517 2454 593 2497 Dci
611 2490 621 2509 ,
647 2453 822 2497 eosdem
844 2453 957 2513 ipsos
979 2453 1196 2497 ministros
1221 2453 1384 2512 Spiritu
1406 2462 1556 2496 sancto
1585 2450 1731 2509 reple-

385 2556 392 2571 ·
420 2551 489 2581 lsai.
510 2549 731 2591 v11‚9,juxta
750 2560 820 2580 Lxx.
842 2565 883 2570 -
900 2554 912 2570 ²
934 2550 1027 2580 Joau.
1047 2558 1102 2587 xv,
1119 2558 1172 2590 29.
1192 2565 1234 2570 —
1251 2545 1263 2569 3
1281 2547 1393 2578 Manli.
1412 2558 1456 2585 xi,
1477 2545 1529 2578 25.
1554 2563 1591 2568 —-
1606 2544 1622 2576 4
1638 2545 1716 2576 Psat.

337 2616 403 2643 ν111,
428 2605 456 2636 3.
478 2622 518 2626 —
538 2603 551 2627 5
570 2604 650 2636 lbid.
669 2604 701 2647 ᾗ.
723 2621 762 2626 -—
780 2602 795 2624 ’ἶ
811 2604 907 2636 Exod.
930 2615 1015 2641 xxxi,
1039 2602 1329 2642 1830tDe=1t.1x,
1357 2613 1416 2634 10.
