1833 3284
379 231 464 271 444
821 240 854 270 S.
891 240 1123 270 Anous'nm
1155 243 1336 271 nmscom

375 310 482 353 fides
500 344 511 364 ,
548 307 622 352 vili
653 306 771 352 illam
800 307 1016 352 addixisti.
1044 308 1210 368 Impius
1236 324 1339 368 ergo
1363 323 1406 353 es
1423 343 1434 364 ‚
1459 317 1503 353 et
1525 308 1646 353 nulla
1669 319 1771 354 sunt

376 382 455 425 ista
479 395 609 439 opera
634 389 723 424 tua.
744 382 919 424 Moveas
941 378 1043 424 licet
1060 380 1105 424 in
1130 381 1252 425 bonis
1274 380 1476 440 operibus
1498 379 1704 436 lacertos,
1729 390 1773 426 et

374 450 557 495 videaris
583 451 727 495 navim
751 450 915 511 optime
946 451 1214 510 gubernare,
1242 451 1286 495 in
1308 468 1405 496 saxa
1437 450 1628 496 festinas.
1654 452 1773 506 Quid

375 522 408 565 si
429 522 550 582 quod
566 520 832 581 sperandum
851 531 914 566 est
933 537 1099 582 speras,
1125 521 1169 566 id
1188 531 1266 578 est,
1291 522 1426 567 vitam
1444 531 1676 578 aeternam,
1697 522 1773 568 sed

375 609 465 637 non
487 610 509 637 a
534 593 719 637 Domino
740 596 826 637 Deo
850 608 926 652 per
947 595 1093 638 Jesum
1117 594 1355 649 Christum,
1376 609 1452 654 per
1474 610 1606 655 quem
1630 593 1773 638 solum

375 664 505 710 datur
537 666 625 709 vita
648 674 837 722 zeter1m3
862 664 938 709 sed
959 675 1086 726 putas
1112 675 1155 710 te
1179 664 1235 712 ad
1256 667 1391 710 vitam
1417 675 1626 710 aeternam
1648 680 1773 726 posse

375 736 603 796 pervenire
635 752 712 796 per
743 735 941 780 militiam
975 735 1104 792 coeli,
1138 752 1215 797 per
1243 735 1377 781 solem
1412 747 1455 780 et
1487 736 1664 791 lunam,
1697 751 1775 796 per

376 817 611 868 potestates
637 808 769 862 aeris,
797 818 840 853 et
872 809 1000 852 maris
1017 845 1027 864 ,
1054 818 1096 852 et
1120 818 1268 864 terrae,
1295 817 1338 852 et
1363 807 1586 853 siderum?
1612 809 1775 868 Impius

376 894 435 923 es.
463 878 604 924 Crede
626 879 671 923 in
694 895 794 923 eum
811 881 886 940 qui
900 880 1111 941 justificat
1129 880 1329 940 impium,
1350 890 1400 924 ut
1417 880 1583 940 possint
1599 888 1643 923 et
1660 879 1775 923 bona

377 967 507 1011 opera
530 961 605 995 tua
629 968 719 996 esse
742 968 872 1012 opera
896 952 1026 996 bona.
1053 955 1163 998 Nam
1187 968 1268 996 nee
1290 952 1407 996 bona
1429 951 1504 996 illa
1526 949 1777 1011 appellave-

377 1022 484 1077 rim,
518 1021 716 1082 quandiu
744 1039 833 1067 non
865 1022 919 1066 de
950 1023 1093 1066 radice
1123 1022 1237 1067 bona
1272 1021 1532 1082 procedunt.
1567 1021 1685 1074 Quid
1714 1030 1777 1065 est

377 1094 494 1138 hoc?
517 1097 606 1137 Aut
627 1093 762 1138 vitam
793 1092 1079 1153 temporalem
1109 1093 1164 1137 ab
1187 1102 1352 1138 aeterno
1384 1096 1473 1137 Deo
1495 1108 1639 1152 speras
1656 1127 1667 1148 ,
1702 1101 1777 1137 aut

377 1165 511 1209 vitam
544 1174 752 1209 {eternam
785 1181 809 1208 a
844 1164 1119 1209 daemonibus
1147 1180 1291 1224 speras
1320 1183 1328 1208 :
1354 1164 1397 1207 in
1430 1163 1628 1224 qualibet
1655 1172 1777 1223 parte

379 1235 538 1295 impius
562 1251 621 1279 es.
645 1236 824 1294 Corrige
847 1234 1002 1289 sulem,
1024 1234 1161 1294 dirige
1184 1234 1341 1289 fidem,
1364 1234 1500 1292 dirige
1521 1235 1658 1279 viam:
1685 1243 1729 1277 et
1743 1233 1777 1277 si

378 1307 512 1351 habes
546 1307 684 1351 bonos
719 1307 878 1366 pedes,
919 1306 1095 1350 ambula
1125 1309 1215 1368 jam
1253 1322 1452 1361 securus,
1479 1321 1632 1360 curre,
1662 1306 1789 1350 viam-

382 1387 498 1422 tenes
517 1398 525 1423 2
546 1387 712 1439 quanto
736 1378 890 1423 melius
906 1380 1172 1433 cucurreris,
1198 1386 1317 1422 tanto
1340 1377 1510 1421 facilius
1532 1377 1773 1437 pervenies.

379 1449 464 1495 Sed
479 1448 592 1494 forte
609 1449 826 1494 claudicas
842 1450 1132 1510 aliquantum.
1148 1449 1310 1495 Saltem
1325 1466 1347 1493 a
1361 1449 1429 1494 via
1447 1449 1536 1494 noli
1551 1448 1775 1506 recedere3

376 1521 455 1565 etsi
492 1521 676 1577 tardius,
710 1530 1001 1581 perventurus
1026 1537 1068 1566 es
1096 1542 1104 1566 :
1142 1521 1231 1565 noli
1264 1536 1513 1576 remanere,
1548 1519 1640 1564 noli
1662 1529 1778 1565 retro

378 1593 571 1637 converti
589 1629 599 1648 ⁷
625 1592 718 1637 noli
735 1592 925 1637 deviare.
1693 1596 1695 1598 ’

438 1666 536 1707 VH.
570 1663 687 1716 Quid
717 1665 851 1722 ergo?
875 1663 958 1716 Qui
987 1672 1089 1706 sunt
1116 1663 1267 1707 beati?
1293 1665 1391 1709 Non
1421 1663 1465 1706 in
1492 1662 1653 1723 quibus
1688 1677 1778 1707 non

379 1735 593 1779 invenerit
617 1738 730 1778 Deus
756 1743 984 1794 peccatum
1002 1750 1010 1774 :
1030 1750 1130 1778 nam
1149 1734 1193 1777 in
1213 1734 1416 1778 omnibus
1439 1732 1618 1778 invenit.
1641 1753 1659 1775 «
1677 1735 1779 1777 Om-
1828 1734 1833 1744 ”

382 1824 401 1845 »
438 1821 512 1848 nes
536 1805 648 1849 euim
672 1813 964 1864 peecaverunt
982 1840 992 1858 ‚
1020 1813 1062 1848 et
1094 1813 1223 1863 egent
1251 1804 1386 1863 gloria
1409 1804 1486 1848 Dei
1505 1806 1534 1848 ¹.
1558 1822 1578 1846 η
1611 1805 1651 1848 Si
1674 1819 1778 1862 ergo
1828 1848 1831 1858 .

378 1877 424 1918 in
463 1875 666 1918 omuibus
702 1884 879 1934 peecata
917 1875 1222 1930 inveniuntur,
1260 1884 1454 1919 remanet
1487 1884 1538 1918 ut
1567 1890 1656 1919 non
1691 1875 1778 1919 sint

376 1946 515 2001 beati,
537 1946 616 1989 nisi
639 1962 828 2006 quorum
852 1946 1023 1989 remissa
1047 1955 1149 1990 sunt
1171 1954 1363 2006 peccata.
1392 1948 1485 1989 Iloc
1510 1961 1613 2004 ergo
1636 1948 1776 2005 Apos-

378 2016 492 2061 tolus
516 2018 574 2060 sic
597 2016 922 2061 commendavit
947 2036 954 2060 2
987 2036 1006 2058 «
1032 2016 1229 2061 Credidit
1251 2016 1475 2060 Abraham
1497 2019 1607 2071 Deo,
1640 2026 1682 2060 et
1706 2031 1776 2059 re-
1830 2038 1833 2052 ι

383 2108 401 2130 ))
438 2098 642 2148 putatum
669 2096 732 2132 est
755 2088 794 2131 ei
816 2088 870 2131 ad
894 2088 1108 2147 justitiam
1124 2092 1156 2132 ¹².
1183 2107 1201 2129 η
1229 2091 1286 2132 Et
1303 2089 1341 2132 ei
1371 2089 1446 2149 qui
1475 2097 1695 2148 operatur,
1731 2086 1778 2132 id
1832 2129 1833 2136 ,

378 2169 466 2214 est,
493 2159 548 2204 de
571 2159 776 2219 operibus
802 2159 1039 2219 praesumit,
1062 2168 1105 2203 et
1129 2175 1279 2204 eorum
1303 2160 1459 2203 merito
1476 2159 1556 2203 sibi
1576 2159 1682 2204 dicit
1704 2157 1779 2204 da·
1832 2174 1833 2179 ¹

379 2240 467 2274 tam
497 2246 586 2275 esse
609 2230 790 2289 gratiam
814 2230 938 2285 fidei,
970 2245 1132 2274 merces
1155 2246 1244 2275 non
1270 2230 1513 2290 imputatur
1535 2229 1778 2275 secundum
1832 2254 1833 2294 ᾖ

378 2301 573 2359 gratiam‚
601 2300 677 2345 sed
699 2300 939 2344 secundum
963 2299 1178 2345 debitum.
1205 2301 1321 2354 Quid
1344 2310 1408 2346 est
1425 2301 1530 2357 hoc,
1552 2301 1633 2345 nisi
1656 2300 1779 2361 quod

377 2388 539 2417 merces
562 2382 707 2416 nostra
739 2372 873 2430 gratia
893 2374 1105 2416 vocatur?
1138 2373 1180 2417 Si
1204 2373 1338 2432 gratia
1361 2382 1449 2428 est,
1476 2372 1605 2431 gratis
1628 2372 1772 2416 datur.

377 2442 496 2496 Quid
515 2452 579 2487 est
597 2442 726 2501 gratis
748 2441 903 2487 datur?
924 2443 1063 2486 Gratis
1078 2452 1262 2489 constat.
1287 2442 1403 2489 Nihil
1428 2444 1531 2488 boni
1554 2443 1709 2498 fecisti,
1732 2452 1775 2486 et

377 2514 507 2557 datur
528 2513 608 2557 tibi
641 2513 832 2557 remissio
856 2523 1150 2573 peecatorum.
1183 2512 1484 2558 Attcnduntur
1507 2529 1637 2573 opera
1671 2522 1741 2558 tua
1762 2547 1773 2567 ,

428 2604 434 2620 ¹
455 2600 544 2630 Rom.
566 2609 615 2635 ιιι,
635 2598 687 2630 23.
718 2616 757 2620 —
775 2606 787 2620 ²
810 2599 967 2639 Id.1v‚3.
