1833 3284
378 315 621 347 ENARnArro
653 320 686 346 11
718 319 762 347 m
795 317 1000 347 rsALMUM
1032 317 1143 345 xxxi.
1376 300 1459 340 453

74 396 166 426 ossa
197 383 288 442 ejus
316 393 674 429 converterentur
693 384 740 428 in
760 392 1044 438 vetustatem,
1073 380 1206 426 modo
1226 380 1334 441 quid
1354 378 1462 424 fecit

72 453 241 497 confixa
268 453 421 513 spina?
451 473 471 496 «
502 458 734 500 Peccatum
768 469 915 498 meum
949 453 1147 511 cognovi.
1183 471 1203 494 »
1228 455 1346 511 Ergo
1369 451 1460 512 jam

71 524 305 582 cognoscit.
329 524 372 569 Si
387 524 460 569 ille
487 527 732 586 cognoscit,
757 525 830 570 ille
851 525 1050 583 ignoscit.
1079 522 1240 568 Audite
1261 521 1369 583 quid
1390 537 1461 566 se-

7 589 13 608 ”
70 594 220 654 quitur
245 613 255 639 ;
280 595 423 640 videte
451 596 485 640 si
510 612 600 641 non
621 597 712 656 ipse
734 596 856 640 dicit.
887 614 907 637 «
932 598 1166 639 Peccatum
1186 608 1335 637 meum
1356 608 1463 652 cog·-

74 683 95 707 »
129 665 258 721 novi,
286 675 329 711 et
348 666 604 727 injustitiam
627 683 770 712 meam
800 682 889 711 non
908 665 1099 726 operui1.
1129 683 1149 706 »
1172 667 1265 709 Hoc
1280 663 1464 725 jamdu-

71 734 179 779 dum
211 735 411 782 dicebam
439 754 449 780 :
480 737 578 784 Noli
610 738 778 798 operire
806 746 880 792 tu,
910 746 954 781 et
975 736 1116 795 operit
1143 738 1274 780 Deus.
1306 734 1465 778 «Beati

72 824 93 848 »
115 823 304 867 quorum
325 809 510 854 remissae
533 818 636 854 sunt
658 809 910 870 iniquitates
924 843 935 863 ,
956 817 1000 852 et
1022 822 1210 867 quorum
1230 815 1343 850 tecta
1358 814 1461 850 sunt

71 895 93 920 ³>
110 888 302 937 peccata.
326 882 447 933 »Qui
470 889 627 939 tegunt
647 888 840 940 peccata,
855 879 1079 923 nudantur
1096 877 1199 922 :iste
1212 885 1358 921 autem
1377 893 1464 921 nu-

69 949 206 1005 davit,
227 959 278 995 ut
300 951 612 1010 cooperiretur.
638 971 658 994 «
679 951 961 1012 Iniquitatem
978 965 1120 993 meam
1142 964 1233 993 non
1249 948 1418 1009 operui.
1437 966 1458 989 »

69 1020 187 1074 Quid
210 1030 273 1066 est
288 1056 299 1077 ,
333 1040 353 1064 «
372 1025 471 1067 Non
498 1023 683 1082 operui?
709 1042 727 1063 »
749 1024 774 1066 J
778 1020 1021 1066 amdudum
1052 1029 1274 1064 tacueram
1297 1035 1306 1060 ι
1328 1017 1463 1063 modo

67 1091 207 1151 quid?
241 1110 262 1134 «
289 1092 417 1136 Dixi:
445 1111 465 1134 »
498 1091 719 1146 Quiddam
750 1092 1018 1136 contrarium
1055 1090 1119 1134 illi
1155 1089 1460 1134 taciturnitati.

71 1179 92 1204 «
125 1161 220 1206 Dixi
245 1177 254 1203 :
283 1180 303 1203 »
330 1161 447 1215 Quid
475 1161 642 1206 dixisti?
669 1182 689 1204 «
714 1162 1015 1206 Pronuntiabo
1047 1160 1276 1205 adversum
1299 1174 1370 1203 me
1390 1159 1463 1202 in-

70 1250 91 1274 »
121 1233 336 1293 justitiam
366 1249 508 1277 meam
545 1233 761 1291 Domino,
797 1243 840 1277 et
878 1242 928 1277 tu
961 1231 1158 1278 dimisisti
1191 1231 1464 1290 impietatem

70 1321 91 1345 »
126 1304 268 1348 cordis
285 1304 416 1348 mei².
433 1304 532 1349 Dixi
554 1324 562 1349 :
589 1323 609 1346 »
635 1303 753 1358 Quid
776 1303 950 1348 dixisti?
967 1306 1065 1349 Non
1077 1304 1168 1363 jam
1186 1302 1461 1362 pronuntiat,

66 1374 284 1434 promittit
300 1389 344 1418 se
367 1374 779 1434 pronuntiaturum}
805 1384 849 1418 et
868 1373 940 1418 ille
961 1375 1052 1435 jam
1081 1373 1277 1417 dimittit.
1304 1375 1465 1429 Atten÷

0 1461 1 1510 ss
67 1444 182 1500 dite,
213 1443 387 1500 fratres,
419 1460 578 1505 magna
612 1461 679 1489 res
705 1461 713 1487 :
745 1445 878 1500 dixit,
915 1464 935 1487 «
962 1444 1264 1488 Pronuntiabo
1289 1463 1297 1488 :
1325 1462 1345 1485 »
1374 1459 1465 1488 non

0 1563 1 1570 ἶ
67 1514 175 1559 dixit
189 1551 200 1569 ,
226 1515 528 1571 Pronuntiavi,
555 1524 598 1560 et
619 1525 668 1560 tu
685 1515 884 1559 dimisisti
906 1535 915 1560 ε
937 1514 1043 1559 dixit
1059 1550 1069 1567 ,
1098 1534 1117 1557 «
1142 1514 1462 1570 Pronuntiabo‚

71 1605 91 1628 »
126 1595 170 1631 et
198 1595 248 1631 tu
268 1586 497 1631 dimisisti:
528 1605 548 1628 »
573 1588 674 1647 quia
699 1602 750 1631 eo
771 1587 865 1646 ipso
892 1586 1014 1647 quod
1047 1585 1181 1641 dixit,
1211 1606 1231 1627 «
1258 1590 1461 1630 Pronun—

69 1675 90 1697 »
125 1657 267 1712 flabo,
297 1675 316 1698 »
334 1656 524 1701 ostendit
545 1659 647 1717 quia
664 1656 863 1701 nondum
886 1672 960 1700 ore
977 1656 1338 1716 pronuntiaverat
1353 1691 1363 1710 ,
1385 1654 1464 1699 scd

67 1727 198 1771 corde
215 1727 590 1787 pronuntiaverat.
616 1731 708 1772 Hoc
724 1728 867 1787 ipsum
882 1728 1042 1782 dicere,
1065 1747 1084 1769 «
1101 1726 1419 1781 Pronuntiabo,
1438 1746 1458 1768 »

65 1798 351 1857 pronuntiare
374 1807 438 1842 est
457 1818 466 1843 ε
487 1798 586 1842 ideo
608 1817 628 1840 ‹<
648 1801 704 1842 Et
728 1807 775 1842 tu
798 1797 997 1841 dimisisti
1020 1797 1289 1856 impietatem
1319 1796 1462 1841 cordis

37 1908 38 1911 ,
70 1885 91 1909 »
125 1868 226 1912 mei.
250 1887 270 1910 »
292 1867 516 1913 Confessio
545 1883 647 1926 ergo
669 1883 765 1911 mea
787 1868 842 1912 ad
866 1884 911 1912 os
934 1868 1133 1911 nondum
1155 1876 1361 1925 venerat,
1393 1866 1463 1911 di-

67 1953 215 1982 xeram
236 1939 369 1993 enim,
395 1957 415 1980 «
431 1938 732 1982 Pronuntiabo
748 1939 977 1982 adversum
1000 1953 1095 1982 me:
1122 1958 1139 1979 2)
1159 1946 1465 1982 verumtamen

67 2012 182 2053 Deus
204 2008 372 2053 audivit
391 2023 543 2053 vocem
571 2009 712 2052 cordis
732 2008 830 2052 mei.
862 2011 956 2052 Vox
977 2023 1071 2051 mea
1099 2008 1144 2051 in
1166 2023 1240 2052 ore
1263 2007 1463 2052 nondum

68 2089 181 2134 erat,
217 2080 292 2123 sed
314 2080 426 2123 auris
450 2079 526 2123 Dei
543 2080 633 2139 jam
660 2080 705 2123 in
732 2079 862 2124 corde
884 2089 990 2123 erat.
1021 2099 1041 2121 «
1070 2082 1134 2122 Tu
1159 2078 1358 2123 dimisisti
1384 2078 1465 2122 im-

70 2168 90 2192 »
125 2151 333 2210 pietatem
355 2150 496 2194 cordis
514 2151 600 2193 mei
623 2170 630 2195 :
660 2168 679 2191 ))
702 2151 805 2210 quia
828 2149 937 2205 dixi,
966 2169 985 2191 «
1006 2149 1322 2194 Pronuntiabo.
1350 2168 1369 2190 »

126 2223 247 2265 XVI.
286 2220 371 2266 Sed
400 2237 490 2265 non
517 2221 747 2265 suffecerat
786 2240 794 2264 :
827 2236 916 2265 non
947 2221 1076 2275 dixit,
1119 2239 1138 2262 ι(
1159 2220 1462 2264 Pronuntiabo

71 2308 91 2332 »
127 2291 385 2351 injustitiam
419 2306 562 2335 meam
599 2291 822 2335 Domino:
853 2309 873 2331 >1
910 2307 1000 2335 non
1034 2291 1126 2334 sine
1159 2306 1285 2334 causa
1320 2289 1459 2345 dixit,

24 2393 33 2399 ,ᾗ
73 2380 93 2404 «
128 2361 430 2406 Pronuntiabo
462 2361 691 2406 adversum
722 2377 793 2406 me
819 2382 828 2406 ;
858 2380 878 2402 »
905 2370 947 2405 et
980 2362 1063 2406 hoc
1094 2361 1287 2405 interest.
1329 2361 1461 2407 Multi

69 2433 186 2477 enim
207 2433 495 2492 pronuntiant
515 2433 793 2494 iniquitatem
825 2449 970 2488 suam,
995 2432 1072 2476 sed
1093 2431 1297 2476 adversus
1315 2432 1459 2492 ipsum

70 2504 306 2548 Dominum
326 2508 465 2549 Deum
489 2524 497 2549 :
523 2505 700 2565 quando
715 2505 1000 2549 inveniuntur
1017 2505 1062 2547 in
1080 2505 1265 2564 peccatis
1283 2503 1453 2559 dicunt,

70 2577 184 2618 Deus
206 2575 290 2619 hoc
310 2574 462 2620 voluit.
487 2576 529 2620 Si
547 2575 663 2620 enim
679 2577 814 2621 homo
834 2575 973 2631 dicat,
993 2578 1090 2620 Non
1109 2574 1214 2632 feci3
1240 2584 1314 2620 aut
1327 2610 1338 2629 ,
1360 2577 1454 2618 Hoc

118 2664 128 2681 ¹
149 2658 230 2691 psal.
251 2669 337 2700 xxxi,
359 2660 391 2691 Γι.
408 2677 448 2682 -—
472 2659 580 2693 ²1bid.
