1833 3284
412 238 654 268 ENARRATIO
688 240 732 266 nv
764 234 970 267 PsALMUM
1002 238 1064 263 ix.
1350 225 1433 263 207

41 305 210 350 habitat
236 307 284 351 i'n
307 305 432 361 Sion,
458 305 579 366 quod
599 305 911 364 interpretatur
932 301 1171 362 speculatio
1191 336 1202 355 ,
1233 310 1276 345 et
1300 289 1437 359 gestat

41 376 274 435 imaginem
295 375 500 421 Ecclesiae
522 391 622 436 quae
644 391 763 420 nunc
785 384 850 419 est
875 394 883 419 ;
901 374 1014 418 sicut
1035 370 1276 417 Jerusalem
1299 380 1438 430 gestat

0 498 12 518 ,Ι
43 446 279 506 imaginem
296 447 500 492 Ecclesiae
521 463 621 508 quae
643 446 789 491 futura
813 455 902 501 est,
928 443 975 489 id
992 452 1076 499 cst,
1102 443 1285 488 civitatis
1308 459 1435 488 sanc-

44 528 191 563 torum
206 519 297 579 jam
315 517 508 578 angelica
524 518 613 563 vita
632 517 895 575 fruentium3
920 516 1022 577 quia
1041 513 1281 559 Jerusalem
1302 514 1438 559 inter-

3 599 7 654 j
44 598 241 649 pretatur
255 589 363 634 visio
383 589 513 648 pacis.
541 589 753 633 Praecedit
774 597 920 632 autem
942 585 1180 647 speculatio
1198 585 1409 630 visionem
1423 620 1434 641 ,

4 670 8 726 J
45 659 158 704 sicut
173 659 254 704 ista
275 659 467 704 Ecclesia
487 659 695 719 praecedit
711 674 805 703 eam
823 694 833 714 ,
858 674 957 719 quae
972 656 1258 717 promittitur,
1284 655 1439 700 civita-

46 740 134 774 tem
149 729 437 777 immortalem
461 740 505 775 et
521 740 743 774 aeternam,
773 729 855 774 Sed
878 727 1087 789 praecedit
1111 736 1322 786 tempore,
1348 741 1438 770 non
1460 732 1463 735 “

7 848 10 866 g
46 801 258 861 dignitate
285 821 293 846 :
319 802 421 862 quia
455 801 754 846 honorabilius
777 809 841 844 est
873 815 961 858 quo
982 798 1210 858 pervenire
1238 797 1435 852 nitimur,

7 875 10 901 7
46 888 179 933 quam
198 872 244 917 id
266 872 387 933 quod
412 871 607 931 agimus,
641 882 691 916 ut
707 871 932 932 pervenire
960 884 1205 913 mereamur
1231 888 1240 912 ι
1272 868 1440 927 agimus

47 952 194 987 autem
225 942 585 1003 speculationem,
610 952 661 987 ut
687 942 991 1002 perveniamus
1022 938 1077 983 ad
1098 938 1323 983 visionem.
1356 936 1441 982 Sed

10 1070 12 1073 ι
47 1013 177 1058 etiam
199 1013 358 1073 ipsam,
383 1030 482 1074 quae
510 1030 629 1058 nunc
652 1023 744 1069 est,
767 1011 1008 1057 Ecclesiam
1032 1009 1113 1053 nisi
1136 1009 1346 1053 Dominus
1369 1009 1440 1052 in-

10 1110 11 1114 =
46 1084 291 1139 habitaret,
313 1085 395 1129 iret
415 1085 461 1128 in
483 1100 670 1128 errorem
693 1083 937 1144 quamlibet
954 1079 1263 1126 studiosissima
1284 1095 1441 1139 specu-

47 1153 167 1199 latio.
186 1159 243 1200 Et
264 1156 366 1201 huic
393 1155 599 1200 Ecclesiae
621 1155 787 1200 dictum
801 1163 865 1199 est
885 1174 893 1198 ;
914 1151 1182 1212 «Templum
1203 1152 1320 1195 enim
1342 1150 1438 1206 Dei,

10 1275 14 1289 λ
51 1243 72 1267 »
99 1235 299 1271 sanctum
320 1231 410 1282 est,
437 1227 557 1287 quod
583 1227 680 1270 estis
702 1228 804 1270 vos1
835 1245 843 1270 :
868 1244 887 1266 »
920 1234 988 1279 et,
1020 1227 1104 1268 «In
1131 1223 1336 1267 interiore
1358 1222 1442 1266 ho-

10 1289 19 1352 ]
35 1348 37 1352 Α
53 1314 73 1338 »
100 1297 217 1341 mine
237 1297 436 1342 habitare
449 1296 671 1343 Christum
683 1313 762 1357 per
775 1296 908 1341 fidem
926 1296 971 1339 in
985 1294 1191 1340 cordibus
1207 1293 1360 1339 vestris
1375 1294 1436 1336 2.»

11 1383 13 1388 ·
50 1369 307 1429 Praecipitur
328 1384 431 1428 ergo
454 1369 602 1425 nobis,
623 1379 673 1413 ut
691 1367 925 1428 psallamus
947 1366 1156 1421 Domino,
1180 1365 1256 1426 qui
1272 1364 1444 1408 habitat

11 1471 20 1478 ,
50 1438 96 1483 in
113 1440 215 1485 Sion
231 1476 241 1496 ,
267 1449 318 1484 ut
339 1439 612 1485 concorditer
628 1439 866 1484 Dominum
881 1437 1085 1482 Ecclesiae
1104 1436 1444 1490 inhabitatorem

12 1513 20 1533 ³
51 1510 295 1555 laudemus.
325 1530 342 1551 «
356 1511 625 1555 Annuntiate
647 1511 762 1553 inter
783 1519 932 1567 gentes
950 1506 1166 1552 mirabilia
1184 1507 1319 1567 eju33.
1340 1524 1361 1547 »
1387 1508 1446 1550 Et

24 1617 29 1622 .
53 1578 219 1626 sactum
241 1591 328 1643 est,
352 1591 395 1625 et
416 1598 506 1626 non
527 1581 696 1625 desinet
722 1580 830 1624 fieri.

111 1654 239 1696 XIII.
279 1671 300 1694 «
324 1652 541 1718 Quoniam
571 1651 796 1712 requirens
818 1649 1075 1709 sanguinem
1102 1663 1254 1693 eorum
1277 1662 1446 1691 memo-

15 1758 17 1786 t
56 1739 79 1764 1)
113 1731 231 1767 ratus
253 1732 316 1766 est
333 1723 368 1766 ⁴.
399 1741 419 1763 η
441 1722 572 1776 Quasi
595 1721 930 1782 responderetur
951 1721 1006 1765 ab
1027 1720 1094 1764 his
1112 1719 1188 1780 qui
1210 1718 1327 1763 missi
1349 1726 1461 1762 sunt.

56 1793 371 1853 evangelizare,
392 1793 454 1838 illi
472 1803 690 1854 praecepto
708 1794 830 1854 quod
843 1793 1011 1838 dictum
1030 1801 1094 1835 est
1112 1811 1119 1835 :
1142 1810 1161 1832 «
1176 1788 1448 1834 Annuntiate

58 1883 79 1906 »
105 1865 219 1909 inter
242 1874 388 1923 gentes
408 1864 621 1909 mirabilia
643 1866 734 1925 ejus
761 1884 770 1909 :
798 1883 818 1906 »
845 1873 888 1908 et
909 1863 1128 1914 diceretur
1154 1881 1163 1906 2
1194 1879 1213 1902 «
1239 1860 1446 1914 Domine,

59 1954 80 1978 »
106 1936 202 1996 quis
226 1935 411 1980 credidit
424 1935 593 1979 auditui
616 1944 764 1979 nostro
778 1937 826 1978 ⁵?
851 1953 871 1975 υ
896 1944 964 1989 et,
991 1953 1007 1973 «
1026 1936 1210 1992 Propter
1224 1940 1267 1974 te
1285 1929 1451 1975 occidi-

18 2047 19 2051 ,
60 2024 81 2062 3>
106 2021 206 2051 mur
236 2013 328 2050 tota
361 2005 461 2050 die0
496 2025 505 2050 :
534 2023 555 2046 »
586 2005 897 2049 convenienter
930 2003 1143 2063 sequitur,
1177 2000 1326 2045 dicens
1363 2015 1453 2043 non

17 2084 20 2094 ²
57 2077 150 2121 sine
181 2091 340 2135 magno
373 2075 522 2120 fructu
545 2075 798 2119 aeternitatis
828 2075 1061 2118 morituros
1084 2073 1130 2116 in
1151 2070 1453 2131 persecutione

58 2147 326 2193 Christianos
346 2167 358 2205 3
387 2165 405 2188 «
427 2146 645 2200 Quoniam
668 2145 893 2206 requirens
915 2143 1172 2202 sanguinem
1193 2156 1346 2186 eorum
1363 2155 1453 2184 me-

64 2231 88 2259 ›‘›‘
110 2227 303 2262 meratus
335 2227 413 2262 est.
441 2236 462 2259 ³>
492 2216 578 2262 Sed
605 2233 684 2262 cur
719 2236 738 2259 «
766 2216 1031 2275 Sanguinem
1066 2228 1216 2258 eorum
1243 2233 1260 2254 >›
1301 2211 1457 2255 maluit

19 2328 21 2354 ἶ
61 2288 241 2333 dicere?
259 2292 328 2333 ΑΗ
357 2287 481 2349 quasi
505 2286 612 2331 alius
634 2287 876 2348 imperitior
899 2296 941 2330 et
958 2285 1136 2330 minoris
1159 2283 1263 2327 fidei
1283 2297 1456 2343 quaere-

20 2373 21 2383 *
62 2363 128 2404 ret
159 2359 307 2405 dicens
333 2379 342 2404 :
366 2379 386 2402 «
411 2359 643 2413 Quomodo
680 2357 1028 2412 annuntiabunt,
1054 2372 1155 2400 cum
1178 2371 1249 2400 eos
1267 2353 1458 2398 infideli-

63 2439 128 2475 tas
155 2431 351 2490 gentium
389 2430 599 2475 servitura
630 2430 714 2475 sit?
738 2448 758 2472 υ
785 2429 888 2474 'huic
921 2427 1210 2489 respondetur
1242 2446 1250 2472 :
1292 2445 1312 2469 α
1333 2428 1456 2479 Quo-

113 2534 122 2550 ¹
148 2540 160 2559 1
182 2531 400 2570 Cor.u1'‚17.
424 2545 466 2550 —
492 2535 506 2550 ²
525 2527 640 2570 Ephes.
667 2534 714 2568 111,
738 2538 788 2560 10.
811 2544 852 2549 —
869 2525 883 2549 3
902 2526 1045 2567 Psal.1x‚
1064 2534 1114 2557 12.
1139 2542 1179 2548 —
1200 2522 1317 2556 41bid.
1343 2522 1393 2555 13.
1415 2538 1457 2543 -

66 2601 109 2607 —-
125 2581 140 2606 5
156 2585 229 2617 Isa'i.
247 2595 313 2627 Lm,
333 2596 362 2617 1.
379 2602 421 2607 -
435 2582 450 2607 ⁶
470 2584 551 2616 Psal.
571 2595 662 2626 uni,
684 2592 737 2616 22.
