1833 3284
387 258 470 296 252
832 267 864 292 s.
901 261 1131 292 AUGUSTINI
1165 265 1345 292 Episeom

382 338 497 377 Deus
520 331 679 391 impiis.
711 349 731 372 «
764 333 820 374 Et
840 330 949 389 ignis
973 346 995 373 a
1020 329 1127 373 facie
1151 331 1241 390 ejus
1270 328 1548 373 exardescit1.
1582 350 1597 369 »
1619 330 1676 371 Et
1696 328 1777 370 ssa-

383 403 550 461 grantia
579 402 799 446 charitatis
828 411 926 461 post
956 401 1261 461 poenitentiam
1284 401 1338 445 de
1361 399 1514 444 notitia
1537 400 1629 459 ejtts
1658 399 1776 442 inar-

382 475 533 519 descit.
561 494 580 516 «
598 474 822 518 Carbones
846 472 1041 518 succensi
1063 482 1164 516 sunt
1188 472 1242 516 ab
1266 488 1331 516 co.
1359 494 1373 513 »
1401 471 1485 525 Qui
1504 472 1593 531 jam
1618 469 1778 514 mortui

382 556 505 590 crant
529 545 685 589 deserti
718 545 772 588 ab
806 545 905 603 igne
931 544 1036 587 boni
1074 542 1274 587 desiderii
1312 560 1360 587 ac
1395 541 1710 602 luccjustitiae,
1737 548 1780 584 et

382 616 530 676 frigidi
565 616 870 676 tenebrosique
895 624 1212 670 remanserant,
1239 630 1386 660 rursus
1417 614 1584 659 accensi
1607 622 1650 657 ct
1676 612 1780 657 illu-

383 688 534 733 minati
560 689 822 732 revixerunt.

443 761 498 802 X.
529 778 549 800 «
572 761 629 802 Et
650 757 874 802 inclinavit
896 757 1060 802 coelum
1079 767 1122 802 et
1144 756 1384 802 descendit.
1413 775 1432 798 »
1459 760 1516 801 Et
1536 755 1782 799 humiliavit

376 831 568 891 justum,
600 839 650 874 ut
678 829 962 873 descenderet
985 829 1040 873 ad
1068 829 1298 873 hominum
1331 828 1645 872 infirmitatem.
1682 846 1701 868 «
1726 829 1784 871 Et

387 919 407 942 »
445 900 585 959 caligo
604 901 685 944 sub
704 899 891 959 pedibus
908 901 999 960 ejus
1009 903 1041 944 ².
1065 921 1081 941 »
1099 903 1157 944 Et
1172 899 1293 959 impii
1313 900 1387 960 qui
1404 908 1573 943 terrena
1590 897 1780 957 sapiunt,

385 970 573 1030 caligine
604 969 779 1015 malitiae
811 987 900 1015 suae
924 986 1014 1014 non
1036 986 1136 1014 eum
1159 979 1477 1029 cognoverunt.
1508 972 1638 1013 Terra
1668 968 1784 1012 enim

385 1043 466 1088 sub
487 1043 675 1103 pedibus
703 1043 794 1103 ejus
808 1079 818 1098 ,
839 1052 1050 1103 tanquam
1077 1042 1316 1088 scabellum
1338 1041 1502 1102 pedum
1526 1043 1633 1102 ejus.

445 1116 525 1158 XI.
557 1133 574 1154 «
608 1117 665 1158 Et
694 1114 888 1158 ascendit
910 1129 1040 1173 super
1074 1114 1337 1168 Cherubim,
1371 1122 1414 1157 et
1434 1112 1638 1157 volavit&
1671 1132 1688 1153 »
1725 1114 1783 1156 Et

387 1185 599 1229 exaltatus
633 1195 696 1229 est
729 1201 859 1245 super
894 1185 1213 1246 plenitudinem
1247 1185 1461 1238 scientiae,
1491 1193 1542 1229 ut
1569 1198 1699 1228 nemo
1731 1183 1787 1226 ad

387 1272 488 1300 eum
512 1258 760 1316 perveniret
787 1257 868 1301 nisi
891 1273 968 1317 per
990 1258 1264 1302 charitatem.
1291 1255 1526 1302 Plenitudo
1549 1255 1663 1299 enim
1682 1254 1786 1312 legis

387 1328 616 1372 charitas&
642 1331 700 1372 Et
722 1328 808 1372 cito
831 1344 875 1372 se
898 1327 1385 1388 incomprehensibilem
1407 1342 1499 1371 esse
1522 1326 1789 1370 demonstra-

385 1399 449 1443 vit
479 1398 761 1444 dilectoribus
785 1400 894 1455 suis,
920 1415 976 1443 ne
1002 1399 1128 1444 illum
1155 1398 1374 1459 corporeis
1404 1397 1788 1458 imaginationibus

386 1469 702 1529 comprehendi
724 1470 1057 1515 arbitrarentur.
1094 1490 1114 1512 «
1145 1470 1321 1515 Volavit
1343 1485 1473 1529 super
1495 1485 1660 1529 pennas
1681 1485 1791 1514 ven-

387 1559 408 1582 »
445 1550 607 1585 torum.
629 1562 645 1583 >›
664 1541 742 1586 Illa
756 1552 901 1586 autem
918 1542 1128 1597 celeritas,
1142 1558 1228 1602 qua
1240 1557 1283 1585 se
1298 1540 1789 1600 incomprehensibilem

386 1627 476 1656 esse
505 1613 784 1667 monstravit,
811 1628 941 1673 super
966 1614 1149 1657 virtutes
1183 1613 1430 1657 animarum
1452 1620 1538 1667 est,
1561 1611 1722 1672 quibus
1745 1626 1789 1656 se

386 1681 509 1727 velut
532 1683 684 1743 pennis
709 1698 732 1727 a
754 1684 935 1728 terrenis
958 1684 1188 1728 timoribus
1206 1684 1252 1727 in
1275 1699 1401 1728 auras
1420 1682 1634 1727 libertatis
1658 1681 1789 1727 attol-

387 1752 501 1798 lunt.

445 1826 547 1869 XII.
570 1844 590 1866 α
609 1827 665 1869 Et
687 1825 834 1885 posuit
851 1825 1051 1870 tenebras
1073 1824 1309 1869 latibulum
1328 1827 1497 1869 suum5.
1522 1842 1541 1865 »
1563 1826 1620 1868 Et
1640 1823 1789 1883 posuit

387 1895 699 1940 obscuritatem
722 1905 1112 1951 sacramentorum,
1137 1905 1179 1940 et
1201 1895 1417 1940 occultam
1443 1910 1562 1954 spem
1588 1895 1633 1938 in
1655 1894 1787 1938 corde

386 1967 683 2024 credentium,
720 1967 798 2010 ubi
830 1966 985 2010 lateret
1015 1968 1126 2027 ipse,
1159 1983 1247 2011 non
1278 1982 1349 2011 eos
1387 1966 1604 2010 deserens.
1630 1968 1683 2009 In
1716 1964 1784 2009 his

387 2038 518 2082 etiam
543 2038 749 2093 tenebris,
771 2038 847 2081 ubi
871 2054 948 2097 per
967 2037 1099 2081 iidem
1125 2038 1269 2082 adhuc
1289 2036 1580 2092 ambulamus,
1602 2051 1692 2080 non
1710 2051 1786 2095 per

387 2109 599 2169 speciem⁶
620 2130 628 2154 :
659 2130 674 2149 a
695 2108 902 2163 Quandiu
924 2108 1045 2169 quod
1063 2125 1151 2153 non
1171 2108 1368 2153 videmus
1386 2123 1607 2168 speramus
1622 2143 1632 2162 ,
1651 2116 1694 2151 et
1711 2122 1788 2166 per

391 2199 410 2222 n
446 2180 702 2239 patientiam
724 2182 1042 2240 expectamus⁷.
1064 2182 1116 2222 In
1138 2180 1324 2223 circuitu
1343 2180 1435 2239 ejus
1455 2176 1788 2223 tabernaculum

389 2269 410 2292 »
446 2252 552 2311 ejus.
581 2270 600 2292 n
624 2251 831 2296 Conversi
854 2260 1001 2295 tamen
1024 2250 1079 2294 ad
1101 2251 1243 2310 ipsum
1267 2251 1481 2305 ambiunt,
1504 2249 1579 2310 qui
1599 2247 1788 2293 credunt

386 2322 425 2366 ei
444 2343 454 2380 3
481 2322 581 2382 quia
607 2323 650 2366 in
673 2321 817 2366 medio
841 2337 993 2366 eorum
1015 2331 1092 2376 est,
1118 2337 1219 2366 cum
1241 2322 1444 2366 omnibus
1467 2320 1695 2381 aequaliter
1718 2318 1785 2364 fa-

384 2403 473 2449 vet,
500 2395 544 2437 in
567 2394 726 2454 quibus
750 2403 960 2455 tanquam
980 2394 1026 2438 in
1048 2393 1334 2438 tabernaculo
1358 2394 1528 2438 habitat
1556 2393 1640 2437 hoc
1670 2401 1784 2436 tem-

383 2480 505 2526 pore.
529 2484 549 2506 «
572 2466 818 2510 Tenebrosa
841 2482 954 2526 aqua
972 2464 1017 2509 in
1034 2465 1228 2509 nubibus
1251 2464 1373 2509 a'eris.
1397 2483 1418 2505 »
1437 2466 1527 2510 Nec
1548 2472 1779 2524 propterea

431 2569 441 2586 ¹
463 2563 541 2596 Psal.
561 2574 638 2604 xvn,
656 2576 690 2606 ς).
707 2580 749 2586 -
765 2569 777 2586 ²
793 2563 877 2596 Ibid.
901 2574 949 2595 10.
973 2580 1016 2586 —-
1033 2561 1046 2586 3
1061 2562 1143 2594 Ibid.
1164 2574 1215 2595 11.
1235 2579 1277 2585 —-
1297 2561 1311 2592 s,
1329 2565 1420 2596 Rom.
1442 2573 1508 2602 xm,
1531 2572 1581 2595 10.
1601 2578 1643 2584 —
1657 2558 1673 2583 5
1687 2560 1758 2593 Psal
1772 2584 1780 2592 .

384 2631 466 2663 xvu,
490 2631 539 2654 12.
558 2637 594 2643 -—
613 2619 628 2642 6
651 2622 753 2654 2C0r.
780 2630 812 2661 ν,
833 2630 862 2662 7.
886 2636 926 2642 —-
947 2626 959 2653 7
980 2622 1070 2653 Rom.
1092 2630 1162 2660 vin,
1189 2618 1246 2652 25.
