1833 3284
346 218 588 250 ENARRATm
619 222 651 247 11
683 222 729 248 m
760 221 962 248 PsALMUM
995 222 1086 248 xxi.
1329 205 1413 245 293

30 287 128 331 hic:
167 304 188 330 «
212 289 294 331 Per
325 285 442 330 diem
471 295 514 330 et
541 295 716 331 noctem
742 286 945 341 clamavi,
971 294 1015 330 et
1036 301 1128 330 non
1148 285 1366 329 exaudies.
1392 303 1433 325 „,

0 383 1 388 =
29 358 158 404 Multi
179 359 294 403 enim
317 357 506 402 clamant
526 357 572 400 in
589 357 869 402 tribulatione
883 392 894 412 ‚
920 366 963 401 et
980 373 1069 402 non
1091 356 1410 401 exaudiuntur:

29 428 105 473 sed
127 428 183 473 ad
203 427 414 483 salutem,
437 443 528 472 non
549 426 605 471 ad
627 428 931 487 insipientiam.
954 426 1169 472 Clamavit
1191 426 1350 471 Paulus
1367 433 1418 469 ut

0 511 4 549 ῑ
28 498 271 544 auferretur
293 499 349 543 ab
370 513 422 543 eo
438 497 638 542 stimulus
661 498 827 556 earnis3
852 508 896 542 et
916 514 1006 543 non
1025 507 1089 542 est
1105 498 1350 553 exauditus,
1366 505 1417 541 ut

0 608 2 612 ,
29 569 294 629 auferretur3
328 579 372 614 et
402 568 570 613 dictum
593 578 657 613 est
679 569 717 612 ei
743 588 752 614 ε
788 589 808 611 «
837 569 1005 614 Sufficit
1026 569 1105 612 tibi
1133 569 1268 628 gratia
1289 584 1385 612 mea
1401 602 1413 623 ⁷

0 693 2 701 ‚
32 661 51 684 »
72 656 172 685 nam
185 641 320 685 virtus
336 639 383 683 in
394 640 644 684 infirmitate
659 639 915 699 perficitur¹.
928 660 945 682 »
966 643 1083 698 Ergo
1101 655 1192 684 non
1209 648 1272 684 est
1289 654 1417 684 exau-

0 717 2 738 ῑ
27 711 168 767 ditus,
192 711 267 756 sed
288 727 377 755 non
400 710 456 755 ad
471 710 785 770 insipientiam,
811 710 887 755 sed
909 710 965 755 ad
983 711 1238 770 sapientiam
1253 720 1325 755 :ut
1345 711 1416 755 in-

25 782 195 842 telligat
229 783 362 827 homo
399 781 618 826 medicum
660 797 750 826 esse
788 785 927 826 Deum
946 818 956 838 ‚
1002 791 1044 826 et
1089 782 1416 827 tribulationem

25 854 396 898 medicamentum
418 869 508 898 esse
531 853 585 897 ad
606 853 789 898 salutem
804 888 815 909 ‚
841 870 931 898 non
951 870 1127 914 poenam
1152 855 1207 899 ad
1239 854 1418 900 damna-

25 925 203 970 tionem.
223 925 314 970 Sub
327 924 646 969 medicamento
664 925 829 984 positus
847 925 983 969 ureris
995 960 1005 980 ‚
1027 926 1180 969 secaris
1196 961 1206 981 ‚
1232 926 1413 970 clamas:

0 1034 2 1041 ,
24 1013 114 1043 non
137 996 260 1042 audit
274 995 469 1041 medicus
491 995 546 1040 ad
567 995 854 1052 voluntatem,
873 996 948 1041 sed
961 996 1083 1041 audit
1097 996 1152 1041 ad
1165 998 1410 1041 sanitatem.

84 1070 138 1112 V.
163 1087 184 1110 «
209 1071 275 1112 Tu
297 1076 443 1112 autem
464 1067 510 1111 in
527 1076 675 1112 saneto
690 1067 877 1123 habitas,
901 1067 995 1111 laus
1014 1068 1145 1111 Israel
1155 1072 1186 1111 ¹2.
1215 1086 1235 1109 »
1263 1067 1416 1112 inillis

23 1138 210 1194 habitas,
230 1153 340 1198 quos
360 1138 633 1182 sanctificasti
643 1173 659 1193 ,
685 1147 728 1182 et
762 1153 871 1198 quos
900 1136 1004 1181 facis
1034 1137 1291 1196 intelligere⁷
1313 1139 1417 1198 quia

24 1209 80 1254 ad
105 1208 338 1252 utilitatem
359 1207 573 1268 quosdam
593 1223 684 1252 non
711 1207 887 1251 exaudis
902 1243 913 1263 ,
939 1217 982 1252 et
1009 1207 1064 1252 ad
1086 1208 1415 1253 damnationem

23 1277 236 1340 quosdam
251 1277 440 1322 exaudis.
462 1276 532 1322 Ad
547 1277 782 1322 utilitatem
800 1293 891 1322 non
907 1287 970 1321 est
986 1279 1213 1323 exauditus
1232 1279 1411 1334 Paulus,

23 1350 80 1396 ad
113 1349 439 1394 damnationem
470 1349 697 1394 exauditus
730 1358 793 1394 cst
829 1348 1045 1394 diabolus.
1080 1351 1209 1395 Petiit
1236 1346 1321 1395 Job
1360 1350 1418 1395 ad

20 1420 281 1466 tent'andum
295 1455 307 1478 ‚
331 1429 376 1465 et
396 1436 650 1466 concessum
663 1422 771 1465 est3.
797 1424 1026 1465 Daemones
1049 1422 1271 1480 petierunt
1293 1437 1336 1465 se
1354 1422 1417 1465 ire

22 1493 67 1538 in
101 1507 278 1552 porcos,
317 1501 361 1536 et
392 1491 585 1536 exauditi
621 1501 723 1536 sunt
748 1492 780 1536 ⁴.
823 1495 1051 1537 Daemones
1085 1492 1380 1537 exaudiuntur
1400 1528 1412 1548 ‚

0 1562 255 1624 ‚Apostolus
279 1579 371 1608 non
401 1562 632 1607 exauditur
662 1583 671 1608 2
696 1562 772 1607 sed
794 1562 856 1607 illi
889 1563 1183 1608 exaudiuntur
1216 1564 1271 1608 ad
1291 1563 1416 1608 dam-

0 1626 260 1709 immonem,
292 1634 526 1694 Apostolus
557 1649 646 1678 non
676 1634 906 1678 exauditur
930 1633 984 1678 ad
1010 1633 1194 1678 salutem
1221 1654 1229 1679 :
1259 1653 1279 1677 «
1304 1636 1416 1688 Quia

0 1756 2 1772 ι
25 1723 45 1746 »
71 1720 163 1749 non
183 1704 240 1749 ad
270 1704 563 1765 insipientiam
584 1704 707 1748 mihi.
736 1707 801 1748 Tu
827 1713 973 1748 autem
992 1705 1038 1748 in
1055 1714 1204 1749 sancto
1229 1706 1412 1760 habitas,

0 1779 45 1818 '»
72 1775 167 1820 laus
191 1774 339 1820 Israel.
367 1794 387 1817 »
413 1777 556 1829 Quare
585 1790 676 1819 non
708 1773 885 1819 exaudis
920 1784 963 1819 et
992 1777 1114 1819 tuos?
1140 1778 1284 1828 Quare
1317 1775 1416 1820 dico

0 1872 1 1879 κ
20 1837 132 1892 ista?
152 1850 421 1892 Mementote
444 1862 614 1907 semper
641 1846 728 1890 dici
745 1882 755 1902 ‚
780 1850 871 1891 Deo
894 1847 1048 1905 gratias
1074 1867 1082 1891 :
1108 1856 1151 1890 et
1176 1862 1332 1905 magna
1352 1856 1416 1892 est

0 1916 2 1956 i
20 1919 92 1964 hic
108 1918 370 1974 multitudo,
396 1927 440 1962 et
458 1917 641 1979 quinon
661 1917 802 1962 solent
815 1919 986 1973 venire,
1004 1928 1234 1963 venerunt.
1261 1920 1417 1963 Omni-

0 1996 1 2047 g
21 1989 105 2033 bus
127 1988 248 2044 dico,
273 1988 376 2049 quia
397 1989 443 2033 in
464 1988 749 2032 tribulatione
774 1989 940 2048 positus
961 1989 1234 2033 Christianus
1251 1990 1415 2049 proba-

0 2050 1 2099 ἶ
22 2067 110 2115 tur,
133 2058 168 2103 si
187 2074 277 2103 non
300 2057 535 2119 dereliquit
555 2062 693 2102 Deum
716 2074 858 2102 suum.
884 2060 995 2103 Nam
1017 2058 1196 2119 quando
1218 2060 1329 2103 bene
1352 2069 1417 2104 est

0 2129 188 2175 ·homini
202 2164 213 2185 ‚
238 2128 435 2174 desertus
457 2138 520 2173 est
542 2129 626 2174 sibi
647 2129 932 2175 Christianus.
966 2130 1083 2189 Ignis
1104 2130 1239 2175 intrat
1255 2131 1301 2174 in
1319 2131 1414 2176 for-

20 2216 198 2256 nacem,
223 2209 268 2245 et
293 2199 444 2245 fornax
476 2201 661 2245 aurificis
685 2202 832 2260 magni
852 2201 1111 2245 sacramenti
1136 2217 1202 2246 res
1235 2211 1314 2246 est.
1347 2203 1415 2246 Ibi

0 2281 87 2316 ,est
107 2286 286 2326 aurum,
325 2271 388 2315 ibi
414 2280 478 2315 est
498 2271 644 2332 palea,
676 2271 738 2315 ibi
762 2271 872 2330 ignis
905 2272 952 2315 in
985 2281 1167 2330 angusto
1191 2282 1410 2332 operatur.

0 2363 1 2405 ξ
23 2342 138 2401 Ignis
154 2341 227 2386 ille
245 2358 335 2387 non
357 2351 420 2387 est
434 2342 627 2387 diversus
641 2378 653 2398 ,
678 2352 721 2387 et
742 2342 910 2387 diversa
931 2342 1042 2401 agit3
1057 2342 1227 2403 paleam
1237 2344 1283 2387 in
1295 2344 1416 2388 cine-

21 2427 118 2458 rem·
143 2413 296 2468 vertit,
323 2429 429 2458 auro
459 2413 604 2458 sordes
631 2412 762 2458 tollit.
793 2417 842 2457 In
875 2413 1034 2473 quibus
1064 2423 1211 2467 autem
1244 2415 1415 2458 habitat

23 2486 138 2528 Deus
154 2518 165 2540 ‚
193 2483 346 2544 utique
367 2483 413 2528 in
434 2483 717 2528 tribulatione
733 2482 933 2528 meliores
949 2485 1062 2528 fiunt
1074 2520 1085 2540 ‚
1111 2493 1320 2545 tanquam
1335 2501 1414 2529 au-

73 2573 83 2590 ¹
101 2576 120 2598 2
140 2569 214 2600 Cor.
229 2579 284 2610 ιιι,
298 2579 330 2610 9.
355 2585 398 2591 -
416 2574 429 2590 ²
444 2567 524 2600 Psal.
541 2579 609 2609 ΠΙ,
634 2567 666 2610 4.
687 2585 728 2590 -—
751 2566 764 2591 3
785 2568 858 2600 Job.
882 2580 906 2605 1,
929 2580 979 2600 ιι.
1000 2587 1042 2591 -—
1060 2567 1075 2598 4
1090 2569 1201 2602 Manli.
1222 2579 1292 2610 vm,
1312 2570 1365 2601 31.
