1833 3284
373 273 455 311 146
795 283 827 308 s.
865 282 1098 309 :incusum
1132 284 1315 310 EP15COP1

367 350 491 399 dum,
517 349 754 408 aliquando
771 363 922 393 verum
943 358 1098 391 tacere.
1124 348 1301 392 Falsum
1324 356 1472 392 autem
1490 345 1657 402 dicere,
1674 362 1763 392 non

368 421 588 465 invenitur
608 435 861 464 concessum
884 434 973 463 esse
996 418 1212 478 perfectis.

426 495 548 536 VIII.
587 511 605 531 «
641 493 794 536 Virum
821 491 1083 550 sanguinum
1101 526 1111 546 ,
1137 499 1181 535 et
1211 490 1413 535 dolosum
1437 489 1764 534 abominabitur

372 586 388 605 »
426 564 675 607 Dominus¹.
699 567 880 607 »Potest
902 563 971 606 hic
996 570 1110 606 recte
1132 562 1269 606 videri
1293 562 1544 621 repetitum,
1561 560 1683 621 quod
1706 560 1766 604 ait

365 635 582 694 superius:
614 654 631 674 «
654 635 793 678 Odisti
815 649 965 678 omnes
986 634 1062 693 qui
1087 643 1325 693 operantur
1347 633 1648 693 iniquitatem,
1663 646 1765 691 per-

372 727 388 744 »
425 706 500 750 des
519 721 667 750 omnes
702 706 778 765 qui
809 705 1054 766 loquuntur
1075 703 1352 749 mendacium
1385 720 1393 744 :
1430 724 1446 745 »
1480 712 1531 747 ut
1564 723 1581 743 «
1609 702 1765 746 Virum

371 799 387 819 u
423 778 686 836 sanguinum
713 799 728 818 »
756 776 812 821 ad
832 787 1087 836 operantem
1111 777 1387 837 iniquitatem
1413 775 1573 819 referas
1591 810 1602 830 ,
1638 793 1655 813 «
1678 777 1767 819 Do—

372 868 390 888 »
426 848 564 892 losum
594 868 611 889 »
644 858 789 892 autem
824 847 879 891 ad
902 847 1194 891 mendacium.
1228 847 1362 892 Dolus
1391 847 1508 891 enim
1535 854 1623 900 est,
1650 857 1766 890 ‘cum

365 919 485 963 aliud
503 920 661 977 agitur,
683 919 801 963 aliud
814 918 1058 962 simulatur.
1081 922 1138 962 Et
1160 928 1261 977 apto
1279 919 1414 963 verbo
1429 933 1533 961 usus
1556 925 1620 960 est
1641 916 1765 977 quod

365 990 448 1045 ait,
486 1009 503 1029 «
531 990 883 1034 Abominalntur.
916 1010 932 1031 »
967 989 1117 1034 Solent
1147 989 1264 1033 enim
1288 988 1527 1033 abominati
1556 987 1664 1042 dici,
1690 998 1764 1031 ex-

366 1060 591 1104 haeredati.
631 1062 712 1104 Hic
746 1070 892 1104 autem
917 1060 1112 1104 Psalmus
1141 1079 1157 1099 «
1186 1076 1265 1120 pro
1294 1077 1342 1104 ea
1370 1069 1454 1114 est,
1478 1070 1592 1119 ‘quae
1622 1059 1764 1102 haere-

373 1152 389 1172 »
426 1132 607 1176 ditatem
626 1133 783 1192 accipit
804 1153 811 1177 :
844 1153 859 1173 »
883 1149 982 1193 quae
1006 1133 1183 1193 subjicit
1200 1131 1514 1176 exultationem
1537 1130 1627 1190 spei
1651 1139 1762 1185 suae,⁴

366 1202 515 1247 dicens
538 1223 546 1247 z
570 1223 586 1241 «
615 1207 709 1262 Ego
732 1213 877 1248 autem
893 1204 938 1247 in
955 1202 1243 1247 multitudine
1266 1202 1552 1246 miserationis
1565 1211 1677 1255 tuae,
1702 1201 1765 1245 in-

373 1294 389 1312 »
426 1274 569 1317 troibo
592 1274 636 1316 in
655 1273 837 1318 domum
852 1284 974 1318 tuam
988 1278 1019 1317 2.
1043 1277 1095 1317 ln
1113 1273 1397 1317 multitudine
1418 1272 1720 1326 miserationis,
1745 1292 1761 1313 υ

365 1343 546 1388 fortasse
560 1345 605 1388 in
620 1344 902 1390 multitudine
921 1345 1151 1389 hominum
1166 1343 1462 1403 perfectorum
1477 1352 1519 1386 et
1536 1343 1766 1387 beatorum

364 1414 497 1470 dicit,
523 1416 684 1475 quibus
715 1415 864 1459 civitas
896 1414 968 1459 illa
1002 1415 1241 1469 constabit,
1270 1430 1404 1475 quam
1437 1430 1556 1458 nunc
1578 1413 1767 1474 parturit

365 1495 408 1529 ct
428 1485 638 1545 paulatim
660 1486 773 1545 parit
804 1485 1010 1530 Ecclesia.
1054 1486 1264 1530 Homines
1287 1495 1435 1530 autem
1457 1485 1619 1530 multos
1642 1500 1767 1544 rege-

365 1566 536 1600 neratos
560 1566 690 1617 atque
711 1556 950 1616 perfectos,
980 1565 1096 1600 recte
1119 1557 1205 1601 dici
1230 1555 1565 1601 multitudinem
1586 1556 1768 1600 misera-

362 1627 492 1672 tionis
516 1627 592 1670 Dei
614 1628 711 1687 quis
737 1636 893 1686 negat·⁷
919 1643 1021 1671 cum
1039 1627 1259 1671 verissime
1282 1627 1451 1672 dictum
1479 1627 1534 1671 sit
1561 1643 1570 1668 ε
1603 1645 1620 1667 «
1649 1625 1769 1680 Quid

372 1717 389 1738 »
426 1707 489 1741 est
511 1698 660 1752 homo,
681 1697 803 1757 quod
819 1714 985 1743 memor
997 1713 1040 1741 es
1061 1698 1180 1757 ejus3
1205 1708 1281 1742 aut
1299 1698 1413 1742 filius
1434 1697 1641 1752 hominis,
1667 1697 1770 1757 quia

369 1787 387 1808 »
423 1768 569 1811 visitas
591 1770 748 1811 eum³3>
775 1786 791 1807 «
820 1769 1018 1813 Introibo
1044 1769 1091 1812 in
1113 1768 1296 1813 domum
1320 1779 1441 1813 tuam
1469 1788 1478 1813 z
1510 1789 1527 1810 »
1554 1777 1770 1829 tanquam

362 1837 492 1897 lapis,
520 1837 673 1893 credo,
699 1839 744 1882 in
767 1838 1004 1883 aedifieium
1019 1875 1028 1889 ,
1054 1839 1222 1883 dictum
1245 1849 1323 1883 est.
1367 1838 1485 1892 Quid
1507 1838 1627 1882 enim
1650 1837 1771 1882 aliud

364 1909 521 1953 domus
552 1910 628 1953 Dei
652 1925 785 1969 quam
811 1911 1025 1970 templum
1048 1911 1127 1955 Dei
1156 1920 1246 1965 est,
1279 1910 1334 1954 de
1359 1926 1448 1970 quo
1480 1910 1650 1954 dictum
1672 1918 1737 1953 est
1758 1928 1767 1953 ε

373 1998 390 2019 «
429 1980 660 2040 Templum
694 1981 811 2024 enim
847 1982 924 2025 Dei
961 1991 1161 2025 sanctum
1197 1990 1286 2036 est,
1323 1980 1451 2040 quodv
1467 1980 1566 2024 estis
1588 1980 1721 2024 vos49
1750 1998 1767 2021 υ

371 2052 508 2111 Cujus
529 2050 700 2095 aedificii
719 2050 827 2111 lapis
851 2051 1069 2110 angularis
1093 2061 1157 2096 est
1178 2051 1294 2107 ille⁵‚
1331 2066 1464 2113 quem
1486 2051 1675 2111 suscepit
1695 2066 1771 2095 co-

373 2131 535 2166 aeterna
554 2122 671 2165 Patri
689 2122 835 2166 Virtus
856 2132 899 2166 et
919 2122 1138 2181 Sapientia
1159 2123 1253 2166 Dei.

432 2194 509 2236 IX.
540 2211 557 2232 «
585 2192 790 2236 Adorabo
822 2193 876 2236 ad
904 2192 1120 2253 templum
1144 2202 1345 2237 sanctum
1368 2202 1519 2249 tuum,
1546 2193 1592 2237 in
1617 2193 1775 2237 timore

380 2283 397 2303 »
433 2266 552 2307 tuo⁶.
574 2262 642 2307 Ad
659 2263 889 2323 templum,
909 2283 926 2305 »
944 2264 1055 2308 sicut
1076 2279 1213 2323 prope
1236 2264 1453 2324 templum
1470 2263 1769 2321 intelligimus.

374 2336 472 2379 Non
495 2334 611 2377 enim
635 2335 697 2378 ait
724 2353 732 2378 :
766 2353 784 2374 «
812 2333 1018 2378 Adorabo
1040 2334 1086 2377 in
1118 2333 1282 2394 templo
1316 2344 1467 2379 sancto
1495 2343 1596 2390 tuo3
1622 2354 1640 2376 »
1666 2333 1742 2378 sed
1759 2369 1771 2389 ‚

382 2423 399 2443 «.
437 2403 643 2462 Adorabo
666 2403 721 2448 ad
741 2404 956 2464 templum
984 2413 1184 2448 sanctum
1212 2414 1354 2449 tuum.
1387 2425 1404 2447 »
1432 2403 1775 2463 Intelligendum

379 2475 510 2519 etiam
532 2485 596 2520 est
618 2492 708 2520 non
730 2475 784 2519 de
806 2476 1089 2536 perfectione,
1109 2475 1184 2521 sed
1201 2476 1256 2521 de
1272 2493 1504 2537 progressu
1527 2477 1583 2521 ad
1606 2474 1775 2537 perfec-

430 2580 437 2594 ¹
464 2573 541 2604 psal.
564 2584 594 2608 v.¹
616 2585 645 2615 7.
660 2581 721 2595 ——2
745 2573 826 2604 Ihm.
847 2574 932 2604 8.—
954 2572 966 2595 3
989 2574 1127 2614 m.v1u‚
1147 2573 1179 2606 5.
1200 2572 1272 2604 -su
1303 2585 1315 2605 1
1344 2576 1415 2608 Cor.
1434 2585 1481 2615 111,
1506 2571 1634 2616 17.—-5
1653 2573 1771 2616 Ephes.

384 2641 419 2670 n,
444 2642 494 2661 ιο.
524 2647 562 2651 —
581 2628 596 2649 ‘3
622 2630 699 2661 l'sal.
723 2641 753 2670 v,
774 2632 804 2661 ὃ.
