1833 3284
188 320 432 350 ENARRATIO
464 322 496 347 11
529 321 574 347 ΙΝ
607 320 809 348 PsAme
840 320 956 357 xxx,
991 318 1117 345 senii.
1154 320 1201 344 Π.
1303 305 1401 344 411’

7 384 46 430 »’
64 387 225 431 brium.
255 406 275 428 >2
315 388 380 431 De
403 385 568 429 'talibus
591 385 696 430 dicit
730 384 949 445 apostolus
979 387 1132 428 Petrus
1168 403 1176 427 ε
1214 401 1230 422 «
1259 385 1390 427 Facta

10 467 165 503 »sunt
196 457 540 518 illis³³posteriora
571 456 784 501 deteriora
806 455 1023 515 prioribus
1053 474 1062 498 ε
1087 453 1241 497 melius
1273 453 1390 497 enim

2 545 31 570 a>
46 548 49 549 ⁷
63 539 154 573 erat
164 528 247 573 illis
258 532 346 573 non
364 542 622 587 cognoscere
636 529 746 573 viam
762 527 962 588 justitiae,
981 540 1113 586 quam
1131 539 1392 582 cognoscen-

5 610 28 641 ἐπ
63 599 180 643 tibus
191 603 427 643 retrorsum
440 598 603 642 reflecti
621 609 643 642 a
658 597 817 641 tradito
831 596 910 641 sibi
929 604 1078 640 sancto
1095 593 1302 638 mandato
1316 597 1347 637 1.
1370 614 1387 634 »

4 670 116 714 Cum
135 668 242 715 dicit
258 705 269 725 ‚
303 668 493 713 «Melius
519 677 611 712 erat
632 666 714 712 illis
735 683 825 712 non
848 680 1110 726 cognoscere
1131 665 1244 709 viam
1259 664 1392 725 justi-
1431 680 1438 681 ff

4 751 30 782 ‘n
64 741 160 796 tiae,
187 759 208 782 »
234 755 382 785 nonne
400 740 612 801 judicavit
632 739 831 784 meliores
852 754 942 782 esse
965 738 1162 782 inimicos
1187 736 1292 782 foris
1310 752 1391 796 po-

5 812 124 866 sitos,
143 826 276 872 quam
292 801 408 855 intus
424 810 536 855 male
551 811 762 865 viventes,
783 809 942 870 quibus
958 808 1172 869 premitur
1190 816 1233 852 et
1247 821 1394 866 grava-

6 882 312 928 turEcclesia?
338 881 549 936 «Melius,
568 880 734 941 inquit,
760 879 843 925 illis
865 878 1006 924 fuerat
1027 895 1118 924 non
1135 892 1394 938 cognoscere

7 969 30 995 »
63 953 176 998 viam
193 952 396 1013 justitiae,
424 967 557 1013 quam
579 951 943 1011 cognoscentibus
965 959 1199 994 retrorsum
1228 948 1394 993 reflecti

7 1033 30 1064 t)
65 1039 89 1067 a
117 1022 278 1068 tradito
305 1023 387 1067 sibi
423 1031 573 1067 sancto
602 1020 823 1066 mandato.
846 1039 866 1062 »
903 1020 1101 1080 Denique
1133 1019 1234 1063 vide
1262 1033 1393 1079 quam

4 1093 202 1138 horribili
220 1094 281 1138 rei
302 1109 374 1138 eos
392 1093 674 1153 comparavit.
705 1111 722 1133 «
740 1091 969 1150 Contingit
992 1090 1076 1135 illis
1095 1105 1160 1135 res
1177 1090 1268 1134 veri
1290 1106 1396 1150 pro-

8 1181 30 1206 »
63 1164 202 1210 verbii
226 1184 235 1209 ε
258 1164 386 1211 Canis
408 1180 604 1208 reversus
623 1163 678 1208 ad
700 1179 828 1207 suum
848 1163 1109 1206 vomitum2.
1139 1179 1158 1203 n
1186 1162 1281 1205 Istis
1314 1162 1397 1205 ita-

5 1251 93 1297 que
116 1235 276 1280 talibus
293 1251 394 1280 cum
416 1236 501 1279 sint
518 1235 660 1295 plenae
669 1233 894 1288 Ecclesiae‚
916 1248 1063 1277 nonne
1080 1232 1290 1277 veraciter
1308 1231 1396 1277 illic

7 1306 160 1352 dicunt
196 1306 345 1366 pauci,
388 1306 477 1350 imo
521 1321 572 1349 ex
611 1319 852 1365 paucorum
885 1318 993 1348 voce
1032 1303 1124 1363 ipsa
1180 1301 1394 1358 Ecclesia,

11 1396 33 1421 κ
69 1381 208 1438 Super
228 1392 378 1422 omnes
400 1377 595 1422 inimicos
617 1391 736 1421 meos
758 1375 898 1420 sactus
914 1390 1007 1418 sum
1028 1374 1309 1434 opprobrium
1323 1410 1334 1429 ,
1355 1383 1398 1418 et

9 1468 31 1492 »
65 1449 217 1494 vicinis
249 1450 356 1494 meis
388 1448 600 1503 nimium,
642 1457 685 1492 et
716 1448 846 1492 timor
886 1447 998 1491 notis
1024 1447 1159 1490 meis?
1183 1465 1204 1487 »
1237 1446 1399 1490 Vicinis

4 1521 113 1565 meis
144 1520 330 1564 nimium
360 1519 647 1579 opprobrium
671 1517 810 1563 factus
839 1534 959 1572 sum,
992 1517 1037 1561 id
1066 1527 1151 1572 est,
1183 1518 1259 1578 qui
1291 1517 1398 1560 mihi

0 1592 90 1652 jam
129 1590 541 1652 appropinquabant
576 1598 625 1634 ut
652 1589 908 1645 crederent,
933 1591 1017 1633 hoc
1044 1598 1132 1644 est,
1157 1589 1288 1633 vicini
1314 1588 1400 1631 mei

6 1661 192 1706 nimium
228 1661 422 1706 deterriti
453 1670 580 1715 sunt,
614 1660 726 1704 mala
758 1660 845 1703 vita
874 1660 1089 1704 malorum
1119 1669 1161 1703 et
1189 1658 1400 1703 falsorum

7 1732 367 1779 Christianorum.
393 1734 534 1785 Quam
560 1731 718 1774 multos
747 1731 861 1774 enim
885 1731 1045 1790 putatis
1063 1766 1073 1785 ,
1098 1729 1251 1774 fratres
1288 1729 1395 1784 mei,

7 1803 120 1850 velle
136 1819 226 1848 esse
243 1803 509 1848 Christianos
526 1837 537 1857 ‚
563 1802 638 1846 sed
652 1801 815 1847 offendi
836 1801 959 1846 malis
976 1802 1170 1846 moribus
1188 1800 1399 1846 Christia-

9 1876 198 1920 norum?
216 1874 303 1934 Ipsi
329 1882 429 1918 sunt
451 1873 581 1918 vicini
598 1873 674 1934 qui
692 1875 782 1933 jam
801 1873 1214 1933 appropinquabant
1230 1907 1241 1927 9
1267 1881 1310 1916 et
1332 1871 1400 1915 ni-

9 1947 148 2003 mium
171 1945 454 2006 opprobrium
477 1943 560 1988 illis
576 1945 656 1988 visi
675 1960 838 1989 sumus.

22 2014 25 2019 ’
69 2020 170 2062 vlt.
211 2036 228 2069 (ς
258 2016 402 2061 Timor
425 2015 566 2061 factus
587 2032 683 2060 sum
713 2016 827 2060 notis
850 2015 998 2059 me'is³.
1029 2032 1049 2054 n
1080 2013 1196 2067 Quid
1230 2022 1319 2057 tam
1347 2013 1404 2057 ti-

12 2087 249 2132 mendum?
276 2087 469 2142 «Timor,
496 2087 654 2147 inquit,
682 2085 820 2130 factus
848 2101 942 2129 sum
969 2084 1081 2128 notis
1105 2084 1261 2128 meis.»
1286 2083 1404 2137 Quid

13 2167 102 2204 tam
131 2157 375 2202 timendum
394 2193 404 2213 ‚
436 2173 569 2218 quam
593 2173 693 2202 cum
715 2157 835 2200 videt
857 2157 991 2200 horno
1013 2154 1176 2199 multos
1203 2154 1316 2198 male
1338 2154 1404 2198 vi-

13 2239 188 2285 ventes,
213 2238 256 2273 et
272 2228 328 2273 de
349 2228 510 2290 quibus
528 2229 640 2272 bene
658 2227 914 2287 sperabatur
929 2227 975 2271 in
994 2226 1143 2270 multis
1166 2224 1407 2270 malefactis

15 2300 246 2345 inventos?
265 2300 405 2343 Timet
428 2316 481 2343 ne
502 2298 608 2343 tales
631 2300 715 2343 sint
734 2314 883 2343 omnes
906 2313 1015 2358 quos
1037 2297 1223 2358 putabat
1248 2296 1404 2351 bonos,

17 2380 60 2416 et
79 2371 263 2415 veniunt
279 2371 325 2414 in
346 2370 636 2430 suspicionem
653 2370 812 2414 malain
836 2384 972 2429 prope
987 2384 1137 2413 omnes
1156 2368 1274 2412 boni.
1291 2370 1409 2421 Qua-

16 2441 68 2486 lis
94 2442 189 2485 vir‘?
221 2440 445 2502 quomodo
477 2440 661 2486 cecidit?
688 2439 911 2502 quomodo
939 2440 1142 2483 inventus
1171 2447 1233 2482 est
1267 2438 1312 2481 in
1335 2436 1409 2482 illa

18 2511 290 2572 turpitudine
306 2549 317 2568 ‚
337 2513 384 2556 in
405 2512 480 2557 illo
502 2512 661 2557 scelere
677 2548 687 2567 ,
713 2513 758 2556 in
777 2510 853 2555 illo
870 2511 987 2555 facto
1010 2510 1124 2554 malo
1138 2512 1156 2552 ἱ)
1178 2518 1304 2569 putas
1318 2525 1409 2553 non

21 2581 122 2627 tales
140 2591 242 2627 sunt
262 2585 436 2627 omnes?
454 2586 548 2627 Hoc
567 2591 631 2627 est
651 2582 833 2626 «Timor
854 2581 966 2625 notis
980 2580 1084 2624 meis
1099 2616 1110 2635 ,
1137 2599 1156 2622 »
1178 2572 1228 2625 ut
1249 2588 1293 2624 et
1308 2579 1408 2638 ipsis

70 2673 82 2690 ¹
98 2676 118 2699 τι
133 2668 221 2701 Petr.
239 2678 274 2710 u,
293 2676 350 2710 20,
369 2676 424 2701 21.
451 2684 492 2691 —
508 2674 521 2690 ²
539 2667 621 2700 Ibid.
638 2676 693 2701 22.
710 2683 752 2690 --
772 2665 785 2689 3
800 2665 883 2699 Psal.
901 2676 976 2707 xxx,
1001 2673 1054 2697 12.
