1833 3284
361 292 446 332 506
798 303 831 330 s.
868 301 1101 332 Ancus'rxm
1133 304 1317 332 Emscom

357 385 454 414 rum
467 405 477 424 ‚
498 369 574 414 sed
596 369 871 428 agnoscendo
886 378 1100 425 nostrum,
1119 368 1304 414 dicimus
1321 369 1400 415 eis:
1419 372 1591 414 Fratres
1613 368 1750 413 nostri

358 442 470 485 estis.
512 441 666 485 Dicant
697 440 759 484 illi
786 457 794 481 ε
827 440 944 494 Quid
984 456 1061 485 nos
1094 441 1308 501 quaeritis,
1341 440 1450 502 quid
1484 456 1562 486 nos
1589 439 1751 484 vultis?

359 511 716 571 Respondcamus
739 531 748 556 2
774 515 945 556 Fratres
970 512 1103 556 nostri
1126 512 1244 556 estis.
1271 513 1426 557 Dicant
1448 531 1456 557 :
1480 515 1544 556 Ite
1564 527 1586 556 a
1605 510 1748 565 nobis,

357 599 449 628 non
471 582 699 628 nobiscum
721 583 932 628 habemus
962 584 1190 628 rationem.
1223 586 1310 628 Nos
1332 599 1506 642 prorsus
1526 583 1753 628 vobiscum

358 654 572 704 rationem
596 654 806 698 habemus
832 674 841 699 :
867 670 1006 699 unum
1034 654 1257 699 Christum
1281 655 1560 710 confitemur,
1591 654 1638 698 in
1665 667 1755 698 uno

359 741 564 786 corpore,
604 725 686 770 sub
722 742 813 770 uno
850 726 991 786 capite
1027 741 1116 770 esse
1144 725 1371 770 debemus.
1406 725 1522 779 Quid
1554 740 1658 784 ergo
1685 739 1756 768 me

359 797 518 858 quaeris
533 832 544 852 ,
574 796 634 841 ait
648 832 658 851 ,
689 796 724 841 si
746 797 887 857 perii?
909 800 1068 856 Magna
1090 796 1330 841 absurditas
1345 833 1356 852 ,
1387 812 1544 855 magna
1564 795 1752 840 vesania.

360 868 479 923 Quid
500 884 570 913 me
587 869 769 929 quaeris,
795 869 829 913 si
851 870 986 929 perii?
1003 872 1148 923 Quare
1168 884 1409 929 quaererem
1426 904 1437 925 ‚
1462 868 1543 912 nisi
1561 867 1664 928 quia
1685 881 1759 927 pe-

357 941 493 985 riisti?
517 940 560 984 Si
583 955 686 999 ergo
715 940 848 999 perii,
886 941 1058 1002 inquit,
1088 940 1313 1001 quomodo
1335 956 1432 985 sum
1459 940 1595 985 frater
1625 939 1758 983 tuus?

358 1014 417 1057 Ut
434 1010 605 1056 dicatur
624 1012 732 1055 mihi
753 1012 809 1056 de
831 1021 873 1055 te
895 1031 904 1056 ε
930 1031 950 1054 «
976 1015 1129 1056 Frater
1146 1021 1248 1056 tuus
1271 1020 1470 1057 mortuus
1492 1020 1600 1066 erat,
1626 1019 1669 1054 et
1691 1024 1760 1054 re-

361 1100 382 1125 »
418 1082 546 1140 vixit,
571 1082 773 1142 perierat,
799 1092 843 1129 et
859 1083 1062 1127 inventus
1085 1085 1189 1128 est¹.
1212 1101 1232 1124 »
1254 1083 1518 1143 Adjuramus
1539 1098 1643 1141 ergo
1665 1096 1756 1136 VOS,

358 1152 512 1199 fratres
529 1175 542 1212 3
561 1168 639 1213 per
662 1154 754 1213 ipsa
776 1154 939 1198 viscera
961 1154 1207 1210 charitatis,
1233 1155 1356 1215 cujus
1378 1154 1491 1198 lacte
1521 1153 1757 1208 nutrimur,

360 1226 484 1286 cujus
506 1240 619 1284 pane
645 1224 901 1280 solidamur,
927 1241 1001 1282 per
1025 1225 1248 1270 Christum
1271 1226 1510 1270 Dominum
1535 1233 1758 1279 nostrum,

358 1311 438 1356 per
471 1295 854 1340 mansuetudinem
885 1297 1001 1356 ejus,
1034 1296 1284 1356 adjuramus
1314 1312 1415 1351 vos,
1448 1298 1669 1355 (Tempus
1697 1303 1763 1339 est

361 1367 478 1411 enim
506 1376 557 1410 ut
577 1366 883 1426 impendamus
906 1367 952 1410 in
978 1383 1050 1411 eos
1074 1382 1275 1425 magnam
1308 1368 1562 1413 charitatem
1578 1402 1588 1422 ,
1615 1367 1762 1411 abun-

361 1438 541 1483 dantem
569 1438 908 1483 misericordiam
937 1440 984 1483 in
1007 1438 1283 1499 deprecando
1306 1443 1444 1484 Deum
1474 1455 1553 1499 pro
1579 1438 1687 1494 illis,
1712 1448 1764 1482 ut

361 1509 600 1570 aliquando
622 1510 698 1561 det
716 1510 798 1555 illis
815 1526 990 1556 sensum
1013 1511 1230 1566 sobrium,
1257 1521 1307 1555 ut
1324 1512 1577 1571 resipiscant
1593 1546 1603 1566 ,
1631 1520 1675 1554 et
1695 1509 1763 1553 vi—

361 1580 496 1625 deant
525 1597 594 1636 se,
619 1582 832 1642 quianon
860 1582 1027 1626 habent
1055 1583 1238 1627 omnino
1266 1583 1386 1643 quod
1429 1582 1578 1626 dicant
1611 1591 1764 1626 contra

360 1652 589 1696 veritatem
611 1672 620 1696 ε
646 1668 736 1697 non
759 1653 819 1697 eis
848 1654 1055 1697 remansit
1084 1654 1165 1698 nisi
1187 1653 1278 1698 sola
1300 1654 1529 1698 infirmitas
1559 1653 1765 1697 animosi-

361 1724 462 1768 tatis
482 1759 492 1779 ,
521 1740 621 1785 quae
642 1733 765 1769 tanto
787 1734 852 1769 est
882 1724 1149 1784 languidior,
1175 1735 1342 1785 quanto
1371 1741 1415 1770 se
1438 1727 1620 1786 majores
1655 1725 1764 1771 vires

362 1794 525 1838 habere
547 1795 797 1853 existimat.)
809 1811 888 1855 pro
908 1796 1106 1851 infirmis,
1128 1812 1207 1855 pro
1229 1795 1459 1840 carnaliter
1479 1795 1761 1855 sapientibus,

364 1881 445 1925 pro
467 1864 728 1909 animalibus
751 1875 794 1909 et
816 1865 1079 1921 carnalibus,
1103 1876 1248 1910 tamen
1263 1882 1342 1925 pro
1365 1866 1573 1911 fratribus
1591 1867 1761 1921 nostris,

364 1936 517 1981 eadem
539 1946 808 1981 sacramenta
830 1936 1154 1981 celebrantibus
1168 1973 1178 1992 ,
1199 1939 1279 1982 etsi
1301 1953 1392 1982 non
1416 1938 1668 1993 nobiscum,
1693 1954 1766 1982 ea.-

364 2008 466 2060 dem
497 2017 671 2066 tamen,
696 2024 835 2053 unum
865 2012 1005 2053 Amen
1039 2009 1406 2069 respondentibus
1425 2045 1435 2064 ,
1462 2010 1540 2053 etsi
1563 2025 1653 2054 non
1684 2025 1766 2054 no-

363 2079 551 2134 biscum,
572 2095 711 2123 unum
727 2088 897 2137 tamen,
921 2079 1134 2124 medullas
1151 2081 1372 2125 charitatis
1395 2089 1548 2124 vestrae
1570 2080 1765 2124 fundatis

365 2153 457 2195 Deo
480 2166 559 2209 pro
583 2151 656 2195 eis.
683 2150 864 2212 Aliquid
894 2152 1009 2196 enim
1032 2168 1111 2211 pro
1134 2152 1273 2197 salute
1297 2153 1492 2212 ipsorum
1529 2153 1694 2210 egimus
1719 2153 1766 2196 in

368 2221 555 2266 concilio
572 2258 582 2277 ,
603 2223 725 2283 quod
747 2223 953 2282 explicari
973 2223 1096 2267 vobis
1115 2223 1246 2268 hodie
1257 2225 1350 2284 jam
1372 2233 1544 2283 tempus
1567 2239 1657 2268 non
1674 2222 1766 2267 sus-

369 2293 475 2337 ficit.
494 2293 620 2337 Unde
642 2295 923 2338 exhortamur
943 2310 1020 2339 vos
1043 2304 1092 2339 ut
1113 2294 1341 2340 alacriores
1357 2304 1400 2339 et
1422 2295 1763 2352 numerosiores,

367 2364 549 2409 audient
569 2365 683 2409 enim
708 2382 731 2409 a
753 2366 873 2410 vobis
898 2365 1049 2422 [fratres
1066 2368 1201 2411 nostri
1223 2367 1299 2427 qui
1321 2382 1440 2411 nunc
1457 2383 1548 2410 non
1571 2365 1731 2417 adsunt
1747 2401 1759 2421 ,

367 2435 635 2491 conveniatis
655 2436 842 2481 crastino
862 2436 933 2481 die
951 2436 1007 2482 ad
1029 2437 1252 2482 basilicam
1276 2437 1551 2483 Tricliarum.
1616 2484 1619 2485 ⁷

420 2539 430 2556 ¹
455 2534 534 2565 Luc.
549 2544 602 2575 xv,
619 2533 672 2566 32.
