1833 3284
379 246 433 283 50
808 254 840 281 s.
879 254 1108 280 AUGUSTlM
1142 254 1323 281 muscom

379 336 523 366 eoram
547 320 813 372 hominibus,
839 328 888 363 ut·
904 318 1103 363 videatur
1121 319 1175 362 ab
1197 319 1296 373 eis¹‚
1322 317 1396 362 sed
1418 333 1518 362 cum
1541 317 1764 376 gloriatur,

378 394 422 437 in
447 393 631 437 Domino
662 390 908 449 glorietur&
940 390 1050 443 Quia
1084 399 1127 434 et
1156 405 1254 434 eum
1285 399 1464 450 apparet
1488 388 1764 443 hominibus,

376 463 492 508 dono
514 462 728 508 Creatoris
759 469 939 521 apparet
955 495 966 515 ‚
1003 479 1023 502 «
1052 461 1140 504 Nee
1162 459 1296 504 stellae
1327 469 1428 504 sunt
1450 460 1628 504 mundae
1650 458 1768 520 apud

380 552 400 575 »
426 550 524 578 eum
542 569 552 589 ‚
578 553 594 575 »
618 534 663 579 in
685 533 1008 593 comparatione
1030 533 1136 592 ejus.

433 607 594 649 XXVI.
612 607 759 648 VERBA
775 607 869 647 Jon.
891 622 908 643 «
927 602 1010 648 Cui
1025 601 1125 646 ades
1136 638 1147 659 ,
1162 601 1231 647 vel
1243 618 1375 664 quem
1388 602 1618 663 adjuturus
1630 604 1763 647 est³P»

371 691 473 721 eum
492 676 724 734 indignans
755 684 964 734 tanquam
993 673 1215 733 injustitiae
1240 689 1416 730 eorum,
1448 683 1624 734 putaret
1644 688 1716 718 eos
1743 688 1768 717 a

372 750 460 791 Deo
479 745 740 805 puniendos.
759 747 921 789 Verum
946 745 1027 789 sibi
1045 745 1134 804 ipse
1151 743 1335 805 loquens
1357 761 1401 789 se
1416 748 1558 805 ipsum
1573 753 1762 797 revocat,

372 826 422 861 ut
439 821 528 861 Deo
541 817 686 876 potius
703 815 895 860 dimittat
911 815 1128 876 judicium
1150 831 1321 872 eorum,
1349 832 1404 861 ne
1421 826 1496 861 aut
1510 816 1655 861 adesse
1677 818 1768 860 Deo

370 887 591 943 videatur,
629 897 704 932 aut
739 887 944 947 adjuvare
976 902 1075 931 eum
1106 886 1240 943 velle,
1265 891 1388 949 quasi
1420 887 1686 943 invalidum,
1712 886 1768 931 ad

371 958 634 1004 coercendos
660 958 729 1004 vel
750 957 1029 1018 corrigendos
1051 959 1272 1018 homines3
1296 969 1373 1004 aut
1393 959 1623 1005 eonsilium
1645 958 1764 1014 dare,

372 1030 480 1091 quid
501 1045 601 1075 eum
623 1028 706 1074 illis
724 1039 851 1089 agat3
882 1039 957 1074 aut
979 1031 1101 1090 sequi
1119 1045 1236 1086 eum,
1263 1040 1472 1088 tanquam
1495 1038 1769 1075 assecuturus

372 1117 568 1156 causam,
595 1115 729 1162 quare
762 1099 935 1145 dolosos
962 1101 1161 1145 homines
1194 1116 1284 1146 esse
1312 1112 1355 1146 et
1381 1102 1526 1147 vivere
1558 1101 1765 1161 patiatur,

372 1189 473 1219 cum
491 1182 667 1232 superet
687 1187 863 1217 omnem
898 1173 1087 1230 animam
1113 1182 1383 1233 quaerentem
1411 1173 1573 1218 virtute
1596 1172 1768 1217 incom-

370 1243 653 1304 prehensibili
669 1263 679 1300 3
696 1252 771 1287 aut
789 1243 912 1303 quasi
931 1243 1192 1287 annuntiare
1209 1243 1271 1287 illi
1293 1242 1458 1304 aliquid
1472 1243 1528 1287 de
1544 1242 1647 1297 illis,
1666 1257 1767 1287 eum

372 1316 428 1359 ab
449 1315 542 1374 ipso
565 1314 725 1358 habeat
745 1314 878 1358 homo
900 1323 944 1358 et
965 1314 1208 1373 spiramen,
1236 1330 1334 1359 eum
1359 1313 1527 1375 aliquid
1550 1314 1764 1358 enuntiat.

375 1405 396 1428 «
416 1386 642 1445 Numquid
666 1385 858 1443 gigantes
883 1384 1135 1444 redigentur
1163 1385 1207 1429 in
1230 1385 1479 1430 nihilum4?
1506 1406 1522 1427 »
1543 1388 1640 1431 Non
1664 1400 1767 1444 ergo

371 1456 638 1510 mirandum,
655 1455 688 1499 si
706 1455 794 1499 istis
808 1459 921 1500 Deus
934 1456 1089 1515 parcit,
1107 1455 1284 1515 quando
1299 1456 1492 1515 gigantes
1505 1471 1594 1501 non
1611 1455 1770 1514 redigit

372 1528 416 1571 in
433 1526 635 1571 nihilum.
654 1530 710 1570 Et
725 1542 779 1570 ne
793 1525 1012 1570 diceretur
1027 1541 1035 1567 :
1055 1545 1075 1567 «
1093 1527 1178 1570 Sed
1193 1525 1248 1570 ad
1261 1525 1422 1572 inferos
1436 1526 1601 1571 detrusi
1611 1535 1713 1571 sunt
1725 1544 1762 1584 3»

371 1598 580 1659 subjecit,
612 1597 749 1651 «Quia
762 1596 983 1640 infernum
1005 1596 1126 1641 videt
1143 1600 1256 1641 Deus
1271 1599 1285 1623 ⁵
1303 1617 1311 1642 ε
1331 1615 1351 1638 1)
1371 1607 1415 1642 et
1438 1607 1583 1642 tamen
1611 1613 1683 1643 eos
1704 1596 1769 1641 ibi

372 1668 589 1714 ordinavit
608 1668 684 1712 ubi
703 1683 793 1712 esse
814 1677 1093 1726 meruerunt3
1115 1668 1227 1712 sieut
1238 1669 1378 1728 justos
1397 1669 1485 1714 sive
1510 1684 1630 1714 nunc
1656 1668 1769 1713 sicut

372 1742 738 1800 sunt‚sivepostea
748 1740 858 1784 sieut
866 1749 1010 1796 erunt,
1022 1740 1220 1800 quamvis
1229 1756 1300 1785 eos
1312 1757 1538 1802 nunquam
1549 1749 1769 1786 removeat

373 1830 396 1857 a
409 1813 518 1857 faeie
528 1829 619 1868 sua,
637 1812 739 1872 quia
753 1811 898 1856 omnia
911 1811 1029 1856 nuda
1046 1821 1148 1856 sunt
1160 1827 1307 1857 eoram
1321 1828 1372 1857 eo
1387 1832 1395 1858 ε
1415 1813 1474 1858 ita
1489 1822 1539 1858 ut
1550 1813 1767 1874 proximos

373 1885 566 1944 gigantes
585 1884 716 1927 etiam
735 1883 837 1927 istos
860 1881 1151 1927 consolatores
1167 1883 1377 1943 superbos
1391 1883 1588 1943 accipias.
1611 1904 1628 1924 «
1653 1883 1767 1929 Sub-

377 1975 396 1997 »
423 1966 489 2000 ter
511 1970 669 2015 aquam
691 1964 734 1999 et
750 1954 933 2014 proximi
957 1969 1154 1999 eorum.»
1172 1970 1227 1998 an
1250 1973 1266 1994 «
1284 1955 1443 1999 Subter
1457 1971 1630 2015 aquam,
1652 1975 1669 1997 »
1692 1971 1766 1999 su-

373 2026 696 2081 baudiendum,
735 2034 963 2080 tenentur,
998 2024 1069 2069 vel
1098 2024 1263 2086 aliquid
1296 2023 1413 2069 tale?
1439 2044 1455 2066 <‹
1491 2029 1548 2070 Et
1581 2041 1670 2071 non
1703 2035 1768 2071 est

375 2118 395 2140 >›
422 2098 620 2143 velamen
655 2097 902 2157 perditioni.
935 2118 951 2137 »
985 2097 1128 2141 Etiam
1166 2096 1353 2156 perditio
1391 2113 1491 2141 eum
1524 2113 1614 2143 non
1642 2098 1763 2142 latet.

379 2189 398 2211 ‹<
418 2167 667 2213 Extendens
691 2167 954 2227 Aquilonem
977 2183 1107 2227 super
1128 2166 1357 2212 nihilumss.
1392 2186 1412 2209 »
1437 2172 1583 2213 Potest
1605 2169 1767 2229 Aquilo

375 2239 602 2285 diabolum
624 2238 888 2297 significare,
909 2247 953 2282 et
968 2247 1078 2282 terra
1097 2247 1393 2297 peecatoremg
1418 2241 1627 2299 quoniam
1646 2249 1689 2283 et
1703 2238 1766 2283 illi

375 2321 415 2356 et
430 2310 492 2355 illi
505 2310 645 2354 inanis
664 2318 729 2353 est
744 2325 854 2368 spes.
866 2328 881 2349 «
893 2308 1170 2368 Suspendens
1186 2319 1342 2354 terram
1356 2326 1486 2370 super
1499 2309 1687 2354 nihilum
1711 2329 1720 2355 ;
1743 2330 1759 2352 »

373 2383 420 2426 in
434 2386 591 2426 aerem.
603 2400 620 2422 «
641 2380 797 2438 Ligans
811 2395 970 2441 aquam
988 2380 1032 2423 in
1048 2379 1242 2424 nubibus
1256 2381 1343 2425 suis
1365 2391 1588 2441 :npropter
1612 2381 1765 2426 obseu-

375 2455 547 2498 ritatem
570 2452 829 2513 prophetife.
860 2472 876 2492 «
904 2454 961 2496 Et
982 2467 1072 2497 non
1094 2461 1158 2496 est
1180 2452 1305 2497 scissa
1322 2453 1459 2497 nubes
1495 2453 1578 2498 sub
1601 2454 1678 2498 eo⁷
1707 2471 1716 2497 :
1743 2472 1760 2494 »

425 2558 432 2573 ¹
454 2550 567 2582 Mmh.
596 2561 626 2580 Vl
643 2574 651 2590 ‚
670 2560 696 2580 1.
719 2566 760 2570 -
782 2555 794 2571 2
818 2561 828 2580 1
853 2551 924 2580 Cor.
945 2560 1000 2585 111,
1025 2552 1056 2579 et
1077 2557 1095 2579 9.
1116 2552 1189 2581 Cor.
1210 2561 1248 2590 x,
1274 2560 1321 2591 ¹7·
1344 2567 1385 2572 —-
1413 2548 1426 2572 3
1449 2549 1521 2582 Job.
1546 2561 1619 2582 :axvi
1636 2575 1644 2591 ‚
1666 2559 1697 2582 2.
1722 2566 1764 2573 -

376 2606 389 2637 f«
411 2606 490 2638 llviil.
511 2605 541 2637 5
563 2623 603 2627 —
623 2603 1029 2646 ⁵11›‘d.6.--⁴³n›·=!.7.
1055 2622 1088 2626 —-
1112 2612 1125 2636 7
1150 2605 1282 2638 1!›i‹1.8.
