1833 3284
358 296 600 324 Eunu-1¹10
631 298 663 324 11
696 298 740 324 m
774 294 977 323 PSALMUM
1011 293 1120 321 xxxi.
1349 280 1433 320 439

47 363 135 406 huc
153 362 317 421 cogitat
337 370 382 406 et
404 361 611 417 fluctuat,
637 360 920 422 periclitatur.
949 360 1170 419 Scriptura
1192 366 1339 403 autem
1356 358 1436 402 Dei

46 446 261 493 verusque
286 431 549 488 intellectus,
573 448 661 477 non
684 431 824 477 solum
853 430 1172 492 periclitantem
1199 446 1223 474 a
1240 428 1436 489 periculo

45 502 223 558 liberat,
253 502 330 547 sed
351 512 394 547 et
414 501 661 547 demersum
686 519 710 547 a
737 502 959 563 profundo
987 502 1142 546 elevat.
1175 499 1436 561 Respondeo

46 588 148 632 ergo
175 583 384 634 tanquam
412 583 563 618 contra
585 574 860 634 Apostolum,
897 582 942 618 et
962 572 1060 617 dico
1093 571 1147 616 de
1168 571 1261 632 ipso
1295 571 1436 615 Abra·

46 645 172 700 ham,
193 644 315 705 quod
332 645 575 690 invenimus
592 646 722 690 etiam
745 646 788 689 ἰη
805 644 997 704 Epistola
1019 643 1193 689 alterius
1215 641 1434 702 Apostoli,

44 715 123 776 qui
134 715 310 760 volebat
326 717 538 774 corrigere
552 717 750 761 homines
765 716 842 776 qui
859 715 972 760 male
985 713 1289 759 intellexerant
1306 713 1437 758 istum

48 785 323 846 Apostolum.
352 786 540 831 Jacobus
562 787 677 830 enim
698 787 744 830 in
765 786 960 846 Epistola
981 802 1080 837 sua,
1099 794 1250 830 contra
1268 799 1339 828 eos
1362 783 1438 844 qui

43 856 254 902 nolebant
276 857 388 902 bene
414 857 582 917 operari
604 857 659 902 de
680 856 769 903 sola
791 856 877 901 fide
900 866 1213 917 praesumentes
1236 858 1249 881 1
1268 891 1280 912 ,
1305 856 1437 915 ipsius

43 928 232 973 Abrahae
254 944 384 988 opera
406 929 745 982 commendavit,
770 930 894 989 cujus
916 927 1076 972 Paulus
1097 927 1227 971 fidem
1250 947 1259 972 :
1283 935 1325 971 et
1347 942 1439 971 non

42 1007 146 1043 sunt
161 999 242 1043 sibi
264 998 429 1044 adversi
450 999 663 1059 Apostoli.
686 999 800 1044 Dicit
820 1008 967 1043 autem
989 1015 1100 1059 opus
1121 997 1327 1042 omnibus
1350 1013 1435 1042 no-

43 1079 138 1114 tum
173 1070 396 1114 Abraham
430 1070 569 1114 filium
601 1085 730 1115 suum
766 1069 1086 1115 immolandum
1126 1073 1216 1114 Deo
1253 1068 1431 1113 obtulit.

42 1144 252 1200 Magnum
286 1157 422 1199 opus,
454 1141 531 1186 sed
563 1158 615 1186 ex
649 1141 750 1186 fide.
788 1141 940 1188 Laudo
972 1140 1436 1202 superaedificationem

42 1212 204 1271 operis,
225 1211 302 1256 sed
316 1211 443 1257 video
465 1212 567 1256 fidei
587 1211 924 1256 fundamentum
946 1232 954 1258 :
974 1211 1319 1257 laudosructum
1334 1211 1437 1255 boni

43 1282 183 1342 operis
197 1317 208 1337 ,
233 1281 309 1326 sed
329 1282 374 1326 in
397 1281 483 1326 fide
503 1298 691 1341 agnosco
714 1281 918 1327 radicem.
945 1283 988 1328 Si
1010 1292 1156 1327 autem
1173 1283 1257 1326 hoc
1279 1290 1436 1341 praeter

42 1353 175 1398 fidem
192 1362 351 1398 rectam
375 1352 537 1398 faceret
557 1353 796 1409 Abraham,
821 1354 931 1398 nihil
954 1354 1015 1398 illi
1038 1353 1261 1414 prodesset
1282 1351 1437 1413 quale-

41 1439 233 1484 cumque
248 1423 360 1468 illud
378 1440 487 1485 opus
500 1434 623 1469 esset.
646 1429 835 1470 Rursum
854 1426 957 1469 sisic
974 1435 1141 1470 teneret
1157 1425 1290 1468 fidem
1303 1423 1439 1468 Abra-

41 1495 165 1549 ham,
188 1503 239 1538 ut
259 1510 361 1539 cum
382 1495 421 1539 ei
444 1498 557 1540 Deus
578 1496 811 1556 imperaret
830 1496 988 1540 offerre
1016 1495 1098 1540 sibi
1120 1493 1438 1539 immolandum

41 1565 180 1610 filium
203 1582 353 1621 suum,
379 1566 543 1611 diceret
556 1566 674 1626 apud
691 1567 970 1626 semetipsum
997 1587 1005 1611 :
1031 1569 1130 1611 Non
1151 1566 1279 1620 facio,
1306 1574 1348 1609 et
1370 1574 1437 1608 ta-

41 1651 142 1681 men
159 1637 305 1692 credo‚
329 1638 432 1698 quia
450 1653 519 1683 me
537 1638 668 1682 etiam
686 1647 1039 1683 contemnentem
1051 1640 1168 1699 jussa
1186 1653 1262 1682 sua
1278 1636 1437 1681 liberat

40 1711 156 1753 Deus
183 1728 191 1754 :
213 1707 320 1753 fides
341 1710 432 1753 sine
449 1709 655 1769 operibus
677 1718 848 1754 mortua
867 1719 992 1764 esset,
1018 1719 1061 1754 et
1082 1719 1295 1770 tanquam
1317 1707 1436 1752 radix

39 1779 130 1823 sine
153 1777 300 1824 fructu
322 1780 475 1824 sterilis
498 1790 628 1841 atque
651 1779 769 1825 arida
788 1789 1045 1825 remaneret.

98 1852 173 1895 IV.
200 1850 317 1904 Quid
334 1853 460 1909 ergo?
482 1851 701 1896 Debemus
730 1851 851 1895 nulla
874 1867 1005 1910 opera
1030 1866 1285 1911 praeponere
1307 1850 1433 1905 fidei,

39 1921 85 1966 id
102 1931 181 1977 est,
206 1931 256 1966 ut
279 1931 379 1966 ante
400 1922 530 1966 fidem
549 1923 780 1983 quisquam
803 1922 973 1967 dicatur
994 1923 1107 1966 bene
1123 1924 1352 1982 operatus?
1374 1924 1438 1966 Ea

38 1993 154 2036 enim
184 1993 275 2053 ipsa
309 2009 439 2053 opera
472 2010 570 2054 quae
594 1993 803 2038 dicuntur
825 2004 925 2037 ante
960 1993 1115 2049 fidem,
1152 1993 1350 2053 quamvis
1371 1993 1437 2035 vi-

37 2065 225 2108 deantur
237 2065 489 2109 hominibus
505 2064 742 2109 laudabilia
757 2101 768 2120 ‚
784 2066 927 2110 inania
948 2075 1065 2109 sunt.
1086 2068 1151 2109 Ita
1166 2065 1272 2108 mihi
1288 2064 1440 2109 viden-

37 2144 110 2179 tur
127 2151 232 2191 esse,
253 2145 303 2180 ut
323 2150 490 2193 magnae
510 2136 620 2180 vires
636 2145 679 2180 et
700 2152 850 2181 cursus
863 2135 1112 2180 celerrimus
1130 2145 1287 2196 praeter
1300 2136 1433 2181 viam.

36 2208 174 2251 Nemo
200 2223 303 2266 ergo
344 2216 568 2267 computet
596 2209 712 2252 bona
749 2223 877 2265 opera
905 2223 980 2252 sua
1012 2217 1112 2251 ante
1144 2207 1277 2251 fidem
1312 2227 1320 2251 :
1355 2207 1434 2251 ubi

36 2276 144 2321 fides
165 2293 254 2322 non
276 2287 388 2332 erat,
414 2278 582 2323 bonum
607 2294 715 2339 opus
739 2295 827 2323 non
857 2288 962 2323 crat.
991 2280 1163 2322 Bonum
1186 2278 1302 2322 enim
1324 2294 1434 2338 opus

38 2348 222 2392 intentio
246 2348 371 2404 facit,
393 2349 679 2394 intentionem
703 2349 810 2394 fides
830 2349 993 2408 dirigit.
1020 2351 1114 2393 Non
1139 2347 1265 2392 valde
1288 2358 1434 2393 atten-

37 2417 114 2463 das
135 2412 243 2479 quid
264 2421 395 2465 homo
420 2420 571 2475 faciat,
601 2421 679 2465 sed
715 2420 824 2481 quid
855 2436 955 2465 cum
985 2419 1090 2464 facit
1112 2420 1317 2479 aspiciat,
1342 2436 1433 2480 quo

37 2489 218 2534 lacertos
251 2491 428 2549 optimae
457 2490 784 2549 gubernationis
818 2491 990 2549 dirigat.
1027 2494 1114 2535 Fac
1143 2491 1259 2535 enim
1287 2491 1433 2535 homi-

37 2575 140 2604 nem
160 2561 322 2621 optime
345 2562 587 2620 gubernare
614 2563 784 2617 navim,
822 2571 867 2606 et
886 2561 1122 2620 perdidisse
1154 2577 1243 2621 quo
1266 2561 1430 2615 tendit,

87 2651 95 2667 ¹
116 2645 228 2679 Jacob.
251 2656 286 2688 n,
311 2658 340 2678 1.
