<?xml version="1.0" encoding="UTF-8"?>
<!DOCTYPE html PUBLIC "-//W3C//DTD XHTML 1.0 Transitional//EN"
    "http://www.w3.org/TR/xhtml1/DTD/xhtml1-transitional.dtd">
<html xmlns="http://www.w3.org/1999/xhtml" xml:lang="en" lang="en">
 <head>
  <title>
</title>
<meta http-equiv="Content-Type" content="text/html;charset=utf-8" />
  <meta name='ocr-system' content='tesseract 3.04.00' />
  <meta name='ocr-capabilities' content='ocr_page ocr_carea ocr_par ocr_line ocrx_word'/>
</head>
<body>
  <div class='ocr_page' id='page_1' title='image "./operaomniaaccura07auguuoft_0389.png"; bbox 0 0 1833 3284; ppageno 0'>
   <div class='ocr_carea' id='block_1_1' title="bbox 4 1557 49 2478">
    <p class='ocr_par' dir='ltr' id='par_1_1' title="bbox 4 1557 49 2478">
     <span class='ocr_line' id='line_1_1' title="bbox 4 1557 49 2478; baseline 0 0"><span class='ocrx_word' id='word_1_1' title='bbox 4 1557 49 2478; x_wconf 95' lang='lat' dir='ltr'> </span> 
     </span>
    </p>
   </div>
   <div class='ocr_carea' id='block_1_2' title="bbox 26 2539 34 2615">
    <p class='ocr_par' dir='ltr' id='par_1_2' title="bbox 26 2539 34 2615">
     <span class='ocr_line' id='line_1_2' title="bbox 26 2539 34 2615; baseline 1.5 -10"><span class='ocrx_word' id='word_1_2' title='bbox 26 2539 34 2615; x_wconf 68' lang='lat'>³}</span> 
     </span>
    </p>
   </div>
   <div class='ocr_carea' id='block_1_3' title="bbox 29 2474 41 3237">
    <p class='ocr_par' dir='ltr' id='par_1_3' title="bbox 29 2474 41 3237">
     <span class='ocr_line' id='line_1_3' title="bbox 29 2474 41 3237; baseline 0 0"><span class='ocrx_word' id='word_1_3' title='bbox 29 2474 41 3237; x_wconf 95' lang='lat' dir='ltr'> </span> 
     </span>
    </p>
   </div>
   <div class='ocr_carea' id='block_1_4' title="bbox 29 2495 41 3237">
    <p class='ocr_par' dir='ltr' id='par_1_4' title="bbox 29 2495 41 3237">
     <span class='ocr_line' id='line_1_4' title="bbox 29 2495 41 3237; baseline 0 0"><span class='ocrx_word' id='word_1_4' title='bbox 29 2495 41 3237; x_wconf 95' lang='lat' dir='ltr'> </span> 
     </span>
    </p>
   </div>
   <div class='ocr_carea' id='block_1_5' title="bbox 400 236 1460 278">
    <p class='ocr_par' dir='ltr' id='par_1_5' title="bbox 400 236 1460 278">
     <span class='ocr_line' id='line_1_5' title="bbox 400 236 1460 278; baseline -0.002 -2"><span class='ocrx_word' id='word_1_5' title='bbox 400 249 641 278; x_wconf 71' lang='lat' dir='ltr'>ENARRA&#39;rio</span> <span class='ocrx_word' id='word_1_6' title='bbox 674 251 705 277; x_wconf 77' lang='grc' dir='ltr'>ιι</span> <span class='ocrx_word' id='word_1_7' title='bbox 739 251 784 277; x_wconf 78' lang='grc' dir='ltr'>ΙΝ</span> <span class='ocrx_word' id='word_1_8' title='bbox 816 249 1020 277; x_wconf 68' lang='lat' dir='ltr'>PsALMUM</span> <span class='ocrx_word' id='word_1_9' title='bbox 1054 251 1176 277; x_wconf 65' lang='lat' dir='ltr'>xxix.</span> <span class='ocrx_word' id='word_1_10' title='bbox 1378 236 1460 275; x_wconf 85' lang='lat'>367</span> 
     </span>
    </p>
   </div>
   <div class='ocr_carea' id='block_1_6' title="bbox 79 306 1485 1798">
    <p class='ocr_par' dir='ltr' id='par_1_6' title="bbox 79 306 1476 1010">
     <span class='ocr_line' id='line_1_6' title="bbox 79 306 1466 375; baseline -0.004 -14"><span class='ocrx_word' id='word_1_11' title='bbox 79 318 137 362; x_wconf 83' lang='lat' dir='ltr'>Et</span> <span class='ocrx_word' id='word_1_12' title='bbox 151 314 384 375; x_wconf 80' lang='lat' dir='ltr'><strong>Apostolus</strong></span> <span class='ocrx_word' id='word_1_13' title='bbox 402 334 412 360; x_wconf 71' lang='grc' dir='ltr'><strong>ι</strong></span> <span class='ocrx_word' id='word_1_14' title='bbox 433 334 453 357; x_wconf 90' lang='lat'>«</span> <span class='ocrx_word' id='word_1_15' title='bbox 469 317 568 360; x_wconf 88' lang='lat' dir='ltr'>Non</span> <span class='ocrx_word' id='word_1_16' title='bbox 585 324 647 359; x_wconf 87' lang='lat' dir='ltr'>est</span> <span class='ocrx_word' id='word_1_17' title='bbox 660 315 783 359; x_wconf 89' lang='lat' dir='ltr'>nobis</span> <span class='ocrx_word' id='word_1_18' title='bbox 806 313 1057 359; x_wconf 73' lang='lat' dir='ltr'>colluctatio</span> <span class='ocrx_word' id='word_1_19' title='bbox 1073 312 1276 358; x_wconf 85' lang='lat' dir='ltr'>adversus</span> <span class='ocrx_word' id='word_1_20' title='bbox 1291 306 1466 357; x_wconf 82' lang='lat' dir='ltr'>carnem</span> 
     </span>
     <span class='ocr_line' id='line_1_7' title="bbox 81 384 1468 446; baseline -0.001 -18"><span class='ocrx_word' id='word_1_21' title='bbox 81 404 102 429; x_wconf 88' lang='lat'>&gt;›</span> <span class='ocrx_word' id='word_1_22' title='bbox 138 397 182 431; x_wconf 87' lang='lat' dir='ltr'>et</span> <span class='ocrx_word' id='word_1_23' title='bbox 202 387 473 446; x_wconf 78' lang='lat' dir='ltr'>sanguinem,</span> <span class='ocrx_word' id='word_1_24' title='bbox 493 386 566 445; x_wconf 60' lang='lat' dir='ltr'>(id</span> <span class='ocrx_word' id='word_1_25' title='bbox 585 396 664 442; x_wconf 81' lang='lat' dir='ltr'>est,</span> <span class='ocrx_word' id='word_1_26' title='bbox 687 386 890 431; x_wconf 79' lang='lat' dir='ltr'>adversus</span> <span class='ocrx_word' id='word_1_27' title='bbox 912 384 1241 443; x_wconf 77' lang='lat' dir='ltr'>homines,)sed</span> <span class='ocrx_word' id='word_1_28' title='bbox 1264 384 1468 428; x_wconf 87' lang='lat' dir='ltr'>adversus</span> 
     </span>
     <span class='ocr_line' id='line_1_8' title="bbox 82 456 1469 523; baseline -0.001 -23"><span class='ocrx_word' id='word_1_29' title='bbox 82 476 103 500; x_wconf 70' lang='grc' dir='ltr'>ι)</span> <span class='ocrx_word' id='word_1_30' title='bbox 137 458 352 523; x_wconf 71' lang='lat' dir='ltr'>pripcipes</span> <span class='ocrx_word' id='word_1_31' title='bbox 373 467 417 502; x_wconf 89' lang='lat' dir='ltr'>et</span> <span class='ocrx_word' id='word_1_32' title='bbox 442 467 675 518; x_wconf 80' lang='lat' dir='ltr'>potestates</span> <span class='ocrx_word' id='word_1_33' title='bbox 704 467 747 502; x_wconf 90' lang='lat' dir='ltr'>et</span> <span class='ocrx_word' id='word_1_34' title='bbox 769 467 955 502; x_wconf 86' lang='lat' dir='ltr'>rectores</span> <span class='ocrx_word' id='word_1_35' title='bbox 978 456 1131 501; x_wconf 92' lang='lat' dir='ltr'>mundi</span> <span class='ocrx_word' id='word_1_36' title='bbox 1151 492 1161 511; x_wconf 81' lang='lat'><strong>‚</strong></span> <span class='ocrx_word' id='word_1_37' title='bbox 1186 456 1469 500; x_wconf 83' lang='lat' dir='ltr'>tenebrarum</span> 
     </span>
     <span class='ocr_line' id='line_1_9' title="bbox 83 526 1470 589; baseline -0.001 -19"><span class='ocrx_word' id='word_1_38' title='bbox 83 547 104 571; x_wconf 71' lang='lat'>2&gt;</span> <span class='ocrx_word' id='word_1_39' title='bbox 140 530 322 573; x_wconf 83' lang='lat' dir='ltr'>harum1</span> <span class='ocrx_word' id='word_1_40' title='bbox 345 544 354 569; x_wconf 76' lang='lat' dir='ltr'>t</span> <span class='ocrx_word' id='word_1_41' title='bbox 385 547 406 570; x_wconf 87' lang='lat'>»</span> <span class='ocrx_word' id='word_1_42' title='bbox 431 529 486 572; x_wconf 91' lang='lat' dir='ltr'>de</span> <span class='ocrx_word' id='word_1_43' title='bbox 517 529 677 589; x_wconf 88' lang='lat' dir='ltr'>quibus</span> <span class='ocrx_word' id='word_1_44' title='bbox 698 529 745 572; x_wconf 90' lang='lat' dir='ltr'>in</span> <span class='ocrx_word' id='word_1_45' title='bbox 773 528 1164 589; x_wconf 80' lang='lat' dir='ltr'>consequentibus,</span> <span class='ocrx_word' id='word_1_46' title='bbox 1197 527 1231 571; x_wconf 89' lang='lat' dir='ltr'>si</span> <span class='ocrx_word' id='word_1_47' title='bbox 1257 526 1470 570; x_wconf 88' lang='lat' dir='ltr'>Dominus</span> 
     </span>
     <span class='ocr_line' id='line_1_10' title="bbox 80 595 1473 661; baseline -0.004 -17"><span class='ocrx_word' id='word_1_48' title='bbox 80 599 313 661; x_wconf 82' lang='lat' dir='ltr'>adjuverit,</span> <span class='ocrx_word' id='word_1_49' title='bbox 336 599 586 660; x_wconf 82' lang='lat' dir='ltr'>loquemur.</span> <span class='ocrx_word' id='word_1_50' title='bbox 609 599 801 643; x_wconf 82' lang='lat' dir='ltr'>Pertinet</span> <span class='ocrx_word' id='word_1_51' title='bbox 821 600 940 643; x_wconf 85' lang='lat' dir='ltr'>enim</span> <span class='ocrx_word' id='word_1_52' title='bbox 961 599 1040 642; x_wconf 84' lang='lat' dir='ltr'>ista</span> <span class='ocrx_word' id='word_1_53' title='bbox 1063 597 1285 642; x_wconf 85' lang='lat' dir='ltr'>distinctio</span> <span class='ocrx_word' id='word_1_54' title='bbox 1318 595 1374 640; x_wconf 89' lang='lat' dir='ltr'>ad</span> <span class='ocrx_word' id='word_1_55' title='bbox 1402 611 1473 639; x_wconf 86' lang='lat' dir='ltr'>ex-</span> 
     </span>
     <span class='ocr_line' id='line_1_11' title="bbox 80 667 1472 732; baseline -0.004 -17"><span class='ocrx_word' id='word_1_56' title='bbox 80 671 340 732; x_wconf 86' lang='lat' dir='ltr'>positionem</span> <span class='ocrx_word' id='word_1_57' title='bbox 369 670 554 726; x_wconf 75' lang='lat' dir='ltr'>Psalmi,</span> <span class='ocrx_word' id='word_1_58' title='bbox 585 686 716 731; x_wconf 86' lang='lat' dir='ltr'>quem</span> <span class='ocrx_word' id='word_1_59' title='bbox 744 671 789 714; x_wconf 90' lang='lat' dir='ltr'>in</span> <span class='ocrx_word' id='word_1_60' title='bbox 807 668 1191 719; x_wconf 60' lang='lat' dir='ltr'>nomineaeDomini</span> <span class='ocrx_word' id='word_1_61' title='bbox 1206 667 1472 726; x_wconf 89' lang='lat' dir='ltr'>suscepimus</span> 
     </span>
     <span class='ocr_line' id='line_1_12' title="bbox 81 739 1473 787; baseline -0.004 -1"><span class='ocrx_word' id='word_1_62' title='bbox 81 741 270 787; x_wconf 84' lang='lat' dir='ltr'>enodare</span> <span class='ocrx_word' id='word_1_63' title='bbox 294 741 519 786; x_wconf 85' lang='lat' dir='ltr'>Sanctitati</span> <span class='ocrx_word' id='word_1_64' title='bbox 541 743 721 785; x_wconf 81' lang='lat' dir='ltr'>Vestrae.</span> <span class='ocrx_word' id='word_1_65' title='bbox 751 744 912 785; x_wconf 81' lang='lat' dir='ltr'>Tamen</span> <span class='ocrx_word' id='word_1_66' title='bbox 931 739 986 784; x_wconf 88' lang='lat' dir='ltr'>ad</span> <span class='ocrx_word' id='word_1_67' title='bbox 1006 741 1089 784; x_wconf 89' lang='lat' dir='ltr'>hoc</span> <span class='ocrx_word' id='word_1_68' title='bbox 1113 739 1199 783; x_wconf 79' lang='lat' dir='ltr'>dixi</span> <span class='ocrx_word' id='word_1_69' title='bbox 1216 739 1309 783; x_wconf 83' lang='lat' dir='ltr'>haee</span> <span class='ocrx_word' id='word_1_70' title='bbox 1325 752 1473 782; x_wconf 83' lang='lat' dir='ltr'>exem-</span> 
     </span>
     <span class='ocr_line' id='line_1_13' title="bbox 82 807 1475 874; baseline -0.004 -17"><span class='ocrx_word' id='word_1_71' title='bbox 82 812 170 874; x_wconf 86' lang='lat' dir='ltr'>pla,</span> <span class='ocrx_word' id='word_1_72' title='bbox 190 822 240 857; x_wconf 88' lang='lat' dir='ltr'>ut</span> <span class='ocrx_word' id='word_1_73' title='bbox 256 813 462 857; x_wconf 89' lang='lat' dir='ltr'>noveritis</span> <span class='ocrx_word' id='word_1_74' title='bbox 482 828 655 857; x_wconf 87' lang='lat' dir='ltr'>carnem</span> <span class='ocrx_word' id='word_1_75' title='bbox 675 811 913 873; x_wconf 85' lang='lat' dir='ltr'>appellatos</span> <span class='ocrx_word' id='word_1_76' title='bbox 936 827 1023 855; x_wconf 86' lang='lat' dir='ltr'>esse</span> <span class='ocrx_word' id='word_1_77' title='bbox 1046 811 1260 866; x_wconf 81' lang='lat' dir='ltr'>homines,</span> <span class='ocrx_word' id='word_1_78' title='bbox 1282 819 1330 853; x_wconf 88' lang='lat' dir='ltr'>ut</span> <span class='ocrx_word' id='word_1_79' title='bbox 1353 807 1475 869; x_wconf 84' lang='lat' dir='ltr'>quod</span> 
     </span>
     <span class='ocr_line' id='line_1_14' title="bbox 83 880 1476 938; baseline -0.005 -9"><span class='ocrx_word' id='word_1_80' title='bbox 83 883 251 929; x_wconf 80' lang='lat' dir='ltr'>dictum</span> <span class='ocrx_word' id='word_1_81' title='bbox 272 893 337 928; x_wconf 86' lang='lat' dir='ltr'>cst</span> <span class='ocrx_word' id='word_1_82' title='bbox 359 903 368 929; x_wconf 78' lang='lat' dir='ltr'>z</span> <span class='ocrx_word' id='word_1_83' title='bbox 397 904 417 926; x_wconf 87' lang='lat'>«</span> <span class='ocrx_word' id='word_1_84' title='bbox 442 887 499 929; x_wconf 85' lang='lat' dir='ltr'>Et</span> <span class='ocrx_word' id='word_1_85' title='bbox 519 885 713 928; x_wconf 83' lang='lat' dir='ltr'>Verbum</span> <span class='ocrx_word' id='word_1_86' title='bbox 742 900 841 928; x_wconf 85' lang='lat' dir='ltr'>caro</span> <span class='ocrx_word' id='word_1_87' title='bbox 865 883 1029 927; x_wconf 84' lang='lat' dir='ltr'>factum</span> <span class='ocrx_word' id='word_1_88' title='bbox 1058 892 1122 927; x_wconf 88' lang='lat' dir='ltr'>est</span> <span class='ocrx_word' id='word_1_89' title='bbox 1138 917 1148 937; x_wconf 75' lang='lat'>‚</span> <span class='ocrx_word' id='word_1_90' title='bbox 1179 901 1199 924; x_wconf 77' lang='lat'>»</span> <span class='ocrx_word' id='word_1_91' title='bbox 1226 880 1476 938; x_wconf 80' lang='lat' dir='ltr'>intelligatis</span> 
     </span>
     <span class='ocr_line' id='line_1_15' title="bbox 84 954 1112 1010; baseline -0.006 -10"><span class='ocrx_word' id='word_1_92' title='bbox 84 955 272 1010; x_wconf 86' lang='lat' dir='ltr'>dictum,</span> <span class='ocrx_word' id='word_1_93' title='bbox 299 975 319 998; x_wconf 92' lang='lat'>«</span> <span class='ocrx_word' id='word_1_94' title='bbox 344 958 401 1000; x_wconf 88' lang='lat' dir='ltr'>Et</span> <span class='ocrx_word' id='word_1_95' title='bbox 424 955 621 999; x_wconf 88' lang='lat' dir='ltr'>Verbum</span> <span class='ocrx_word' id='word_1_96' title='bbox 642 956 773 999; x_wconf 89' lang='lat' dir='ltr'>homo</span> <span class='ocrx_word' id='word_1_97' title='bbox 797 954 961 998; x_wconf 85' lang='lat' dir='ltr'>factum</span> <span class='ocrx_word' id='word_1_98' title='bbox 986 963 1064 997; x_wconf 88' lang='lat' dir='ltr'>est.</span> <span class='ocrx_word' id='word_1_99' title='bbox 1093 972 1112 993; x_wconf 86' lang='lat'>»</span> 
     </span>
    </p>

    <p class='ocr_par' dir='ltr' id='par_1_7' title="bbox 86 1022 1485 1798">
     <span class='ocr_line' id='line_1_16' title="bbox 146 1022 1479 1088; baseline -0.005 -17"><span class='ocrx_word' id='word_1_100' title='bbox 146 1030 203 1071; x_wconf 86' lang='lat' dir='ltr'>Il.</span> <span class='ocrx_word' id='word_1_101' title='bbox 227 1030 380 1088; x_wconf 89' lang='lat' dir='ltr'>Neque</span> <span class='ocrx_word' id='word_1_102' title='bbox 401 1027 492 1071; x_wconf 87' lang='lat' dir='ltr'>sine</span> <span class='ocrx_word' id='word_1_103' title='bbox 514 1043 642 1071; x_wconf 87' lang='lat' dir='ltr'>causa</span> <span class='ocrx_word' id='word_1_104' title='bbox 669 1027 751 1070; x_wconf 90' lang='lat' dir='ltr'>hoc</span> <span class='ocrx_word' id='word_1_105' title='bbox 775 1026 878 1070; x_wconf 80' lang='lat' dir='ltr'>dixi.</span> <span class='ocrx_word' id='word_1_106' title='bbox 900 1024 1077 1069; x_wconf 82' lang='lat' dir='ltr'>Noverit</span> <span class='ocrx_word' id='word_1_107' title='bbox 1101 1022 1311 1067; x_wconf 79' lang='lat' dir='ltr'>Sanctitas</span> <span class='ocrx_word' id='word_1_108' title='bbox 1328 1024 1479 1065; x_wconf 84' lang='lat' dir='ltr'>Vestra</span> 
     </span>
     <span class='ocr_line' id='line_1_17' title="bbox 86 1091 1482 1159; baseline -0.006 -15"><span class='ocrx_word' id='word_1_109' title='bbox 86 1098 218 1144; x_wconf 86' lang='lat' dir='ltr'>fuisse</span> <span class='ocrx_word' id='word_1_110' title='bbox 241 1098 477 1159; x_wconf 87' lang='lat' dir='ltr'>quamdam</span> <span class='ocrx_word' id='word_1_111' title='bbox 501 1099 698 1143; x_wconf 83' lang='lat' dir='ltr'>haeresim</span> <span class='ocrx_word' id='word_1_112' title='bbox 716 1134 726 1152; x_wconf 77' lang='lat'>‚</span> <span class='ocrx_word' id='word_1_113' title='bbox 751 1097 821 1141; x_wconf 87' lang='lat' dir='ltr'>vel</span> <span class='ocrx_word' id='word_1_114' title='bbox 844 1096 986 1141; x_wconf 86' lang='lat' dir='ltr'>adhuc</span> <span class='ocrx_word' id='word_1_115' title='bbox 1004 1095 1193 1140; x_wconf 79' lang='lat' dir='ltr'>fortassis</span> <span class='ocrx_word' id='word_1_116' title='bbox 1211 1093 1362 1137; x_wconf 86' lang='lat' dir='ltr'>haberi</span> <span class='ocrx_word' id='word_1_117' title='bbox 1384 1091 1482 1136; x_wconf 86' lang='lat' dir='ltr'>reli-</span> 
     </span>
     <span class='ocr_line' id='line_1_18' title="bbox 87 1164 1477 1232; baseline -0.006 -17"><span class='ocrx_word' id='word_1_118' title='bbox 87 1171 209 1232; x_wconf 85' lang='lat' dir='ltr'>quias</span> <span class='ocrx_word' id='word_1_119' title='bbox 242 1169 534 1231; x_wconf 84' lang='lat' dir='ltr'>quorumdam</span> <span class='ocrx_word' id='word_1_120' title='bbox 568 1170 643 1230; x_wconf 88' lang='lat' dir='ltr'>qui</span> <span class='ocrx_word' id='word_1_121' title='bbox 677 1169 782 1214; x_wconf 90' lang='lat' dir='ltr'>dicti</span> <span class='ocrx_word' id='word_1_122' title='bbox 819 1177 921 1213; x_wconf 90' lang='lat' dir='ltr'>sunt</span> <span class='ocrx_word' id='word_1_123' title='bbox 953 1166 1288 1227; x_wconf 76' lang='lat' dir='ltr'>Apollinaristae.</span> <span class='ocrx_word' id='word_1_124' title='bbox 1328 1164 1477 1224; x_wconf 83' lang='lat' dir='ltr'>Aliqui</span> 
     </span>
     <span class='ocr_line' id='line_1_19' title="bbox 90 1235 1479 1302; baseline -0.006 -16"><span class='ocrx_word' id='word_1_125' title='bbox 90 1242 206 1286; x_wconf 91' lang='lat' dir='ltr'>enim</span> <span class='ocrx_word' id='word_1_126' title='bbox 220 1242 413 1302; x_wconf 83' lang='lat' dir='ltr'>ipsorum</span> <span class='ocrx_word' id='word_1_127' title='bbox 428 1240 630 1285; x_wconf 82' lang='lat' dir='ltr'>dixerunt</span> <span class='ocrx_word' id='word_1_128' title='bbox 645 1240 884 1293; x_wconf 81' lang='lat' dir='ltr'>hominem,</span> <span class='ocrx_word' id='word_1_129' title='bbox 907 1254 1038 1299; x_wconf 87' lang='lat' dir='ltr'>quem</span> <span class='ocrx_word' id='word_1_130' title='bbox 1056 1237 1243 1296; x_wconf 83' lang='lat' dir='ltr'>suscepit</span> <span class='ocrx_word' id='word_1_131' title='bbox 1263 1235 1479 1294; x_wconf 81' lang='lat' dir='ltr'>Sapientia</span> 
     </span>
     <span class='ocr_line' id='line_1_20' title="bbox 90 1305 1481 1373; baseline -0.006 -16"><span class='ocrx_word' id='word_1_132' title='bbox 90 1312 194 1368; x_wconf 79' lang='lat' dir='ltr'>Dei,</span> <span class='ocrx_word' id='word_1_133' title='bbox 219 1314 292 1371; x_wconf 88' lang='lat' dir='ltr'>(et</span> <span class='ocrx_word' id='word_1_134' title='bbox 324 1312 370 1356; x_wconf 89' lang='lat' dir='ltr'>in</span> <span class='ocrx_word' id='word_1_135' title='bbox 393 1328 481 1373; x_wconf 89' lang='lat' dir='ltr'>quo</span> <span class='ocrx_word' id='word_1_136' title='bbox 515 1311 719 1372; x_wconf 75' lang='lat' dir='ltr'>expressit</span> <span class='ocrx_word' id='word_1_137' title='bbox 748 1324 974 1370; x_wconf 81' lang='lat' dir='ltr'>personam</span> <span class='ocrx_word' id='word_1_138' title='bbox 1006 1324 1154 1362; x_wconf 74' lang='lat' dir='ltr'>suam,</span> <span class='ocrx_word' id='word_1_139' title='bbox 1184 1323 1271 1351; x_wconf 91' lang='lat' dir='ltr'>non</span> <span class='ocrx_word' id='word_1_140' title='bbox 1303 1307 1413 1350; x_wconf 87' lang='lat' dir='ltr'>sicut</span> <span class='ocrx_word' id='word_1_141' title='bbox 1434 1305 1481 1348; x_wconf 90' lang='lat' dir='ltr'>in</span> 
     </span>
     <span class='ocr_line' id='line_1_21' title="bbox 92 1376 1482 1438; baseline -0.006 -10"><span class='ocrx_word' id='word_1_142' title='bbox 92 1385 257 1428; x_wconf 79' lang='lat' dir='ltr'>caeteris</span> <span class='ocrx_word' id='word_1_143' title='bbox 268 1383 537 1438; x_wconf 72' lang='lat' dir='ltr'>hominibus,</span> <span class='ocrx_word' id='word_1_144' title='bbox 551 1382 627 1427; x_wconf 88' lang='lat' dir='ltr'>sed</span> <span class='ocrx_word' id='word_1_145' title='bbox 643 1383 753 1426; x_wconf 87' lang='lat' dir='ltr'>sicut</span> <span class='ocrx_word' id='word_1_146' title='bbox 772 1381 939 1425; x_wconf 85' lang='lat' dir='ltr'>dictum</span> <span class='ocrx_word' id='word_1_147' title='bbox 960 1389 1024 1423; x_wconf 87' lang='lat' dir='ltr'>est</span> <span class='ocrx_word' id='word_1_148' title='bbox 1045 1379 1090 1422; x_wconf 89' lang='lat' dir='ltr'>in</span> <span class='ocrx_word' id='word_1_149' title='bbox 1106 1377 1297 1422; x_wconf 84' lang='lat' dir='ltr'>Psalmo:</span> <span class='ocrx_word' id='word_1_150' title='bbox 1317 1396 1335 1418; x_wconf 87' lang='lat'>«</span> <span class='ocrx_word' id='word_1_151' title='bbox 1350 1376 1482 1421; x_wconf 70' lang='lat' dir='ltr'>Unxit</span> 
     </span>
     <span class='ocr_line' id='line_1_22' title="bbox 94 1448 1482 1512; baseline -0.004 -15"><span class='ocrx_word' id='word_1_152' title='bbox 94 1473 116 1497; x_wconf 84' lang='lat'>»</span> <span class='ocrx_word' id='word_1_153' title='bbox 150 1465 194 1500; x_wconf 87' lang='lat' dir='ltr'>te</span> <span class='ocrx_word' id='word_1_154' title='bbox 214 1459 351 1512; x_wconf 81' lang='lat' dir='ltr'>Deus,</span> <span class='ocrx_word' id='word_1_155' title='bbox 374 1459 488 1500; x_wconf 90' lang='lat' dir='ltr'>Deus</span> <span class='ocrx_word' id='word_1_156' title='bbox 513 1464 611 1499; x_wconf 86' lang='lat' dir='ltr'>tuus</span> <span class='ocrx_word' id='word_1_157' title='bbox 645 1453 741 1498; x_wconf 91' lang='lat' dir='ltr'>oleo</span> <span class='ocrx_word' id='word_1_158' title='bbox 769 1451 1043 1497; x_wconf 75' lang='lat' dir='ltr'>exultationis</span> <span class='ocrx_word' id='word_1_159' title='bbox 1081 1466 1167 1510; x_wconf 81' lang='lat' dir='ltr'>prae</span> <span class='ocrx_word' id='word_1_160' title='bbox 1200 1448 1482 1509; x_wconf 78' lang='lat' dir='ltr'>participibus</span> 
     </span>
     <span class='ocr_line' id='line_1_23' title="bbox 95 1522 1483 1585; baseline -0.004 -17"><span class='ocrx_word' id='word_1_161' title='bbox 95 1545 116 1568; x_wconf 89' lang='lat'>»</span> <span class='ocrx_word' id='word_1_162' title='bbox 151 1527 235 1571; x_wconf 90' lang='lat' dir='ltr'>tuis</span> <span class='ocrx_word' id='word_1_163' title='bbox 249 1529 281 1582; x_wconf 79' lang='lat'>²,</span> <span class='ocrx_word' id='word_1_164' title='bbox 310 1545 330 1567; x_wconf 90' lang='lat'>»</span> <span class='ocrx_word' id='word_1_165' title='bbox 355 1526 400 1570; x_wconf 91' lang='lat' dir='ltr'>id</span> <span class='ocrx_word' id='word_1_166' title='bbox 432 1536 521 1579; x_wconf 80' lang='lat' dir='ltr'>est⁷</span> <span class='ocrx_word' id='word_1_167' title='bbox 548 1524 732 1585; x_wconf 86' lang='lat' dir='ltr'>amplius</span> <span class='ocrx_word' id='word_1_168' title='bbox 756 1539 886 1584; x_wconf 82' lang='lat' dir='ltr'>quam</span> <span class='ocrx_word' id='word_1_169' title='bbox 913 1522 1143 1582; x_wconf 83' lang='lat' dir='ltr'>participes</span> <span class='ocrx_word' id='word_1_170' title='bbox 1170 1530 1267 1565; x_wconf 88' lang='lat' dir='ltr'>tuos</span> <span class='ocrx_word' id='word_1_171' title='bbox 1290 1539 1298 1564; x_wconf 90' lang='grc'>;</span> <span class='ocrx_word' id='word_1_172' title='bbox 1321 1535 1377 1563; x_wconf 89' lang='lat' dir='ltr'>ne</span> <span class='ocrx_word' id='word_1_173' title='bbox 1398 1535 1483 1579; x_wconf 86' lang='lat' dir='ltr'>pu-</span> 
     </span>
     <span class='ocr_line' id='line_1_24' title="bbox 93 1592 1484 1655; baseline -0.006 -13"><span class='ocrx_word' id='word_1_174' title='bbox 93 1607 211 1642; x_wconf 84' lang='lat' dir='ltr'>tetur</span> <span class='ocrx_word' id='word_1_175' title='bbox 232 1598 290 1642; x_wconf 91' lang='lat' dir='ltr'>sic</span> <span class='ocrx_word' id='word_1_176' title='bbox 311 1606 470 1642; x_wconf 87' lang='lat' dir='ltr'>unctus</span> <span class='ocrx_word' id='word_1_177' title='bbox 492 1596 688 1642; x_wconf 87' lang='lat' dir='ltr'>Christus</span> <span class='ocrx_word' id='word_1_178' title='bbox 710 1593 932 1655; x_wconf 86' lang='lat' dir='ltr'>quomodo</span> <span class='ocrx_word' id='word_1_179' title='bbox 955 1592 1099 1637; x_wconf 87' lang='lat' dir='ltr'>caeteri</span> <span class='ocrx_word' id='word_1_180' title='bbox 1121 1592 1341 1646; x_wconf 81' lang='lat' dir='ltr'>homines,</span> <span class='ocrx_word' id='word_1_181' title='bbox 1371 1605 1484 1650; x_wconf 86' lang='lat' dir='ltr'>quo-</span> 
     </span>
     <span class='ocr_line' id='line_1_25' title="bbox 93 1662 1485 1728; baseline -0.006 -15"><span class='ocrx_word' id='word_1_182' title='bbox 93 1668 226 1713; x_wconf 90' lang='lat' dir='ltr'>modo</span> <span class='ocrx_word' id='word_1_183' title='bbox 241 1668 385 1713; x_wconf 83' lang='lat' dir='ltr'>caeteri</span> <span class='ocrx_word' id='word_1_184' title='bbox 399 1667 520 1728; x_wconf 80' lang='lat' dir='ltr'>justi,</span> <span class='ocrx_word' id='word_1_185' title='bbox 543 1665 766 1727; x_wconf 83' lang='lat' dir='ltr'>quomodo</span> <span class='ocrx_word' id='word_1_186' title='bbox 781 1664 1056 1717; x_wconf 55' lang='lat' dir='ltr'>purim-chae,</span> <span class='ocrx_word' id='word_1_187' title='bbox 1081 1662 1324 1722; x_wconf 82' lang='lat' dir='ltr'>Prophetae,</span> <span class='ocrx_word' id='word_1_188' title='bbox 1350 1663 1485 1720; x_wconf 84' lang='lat' dir='ltr'>Apos-</span> 
     </span>
     <span class='ocr_line' id='line_1_26' title="bbox 94 1732 1485 1798; baseline -0.008 -14"><span class='ocrx_word' id='word_1_189' title='bbox 94 1739 194 1794; x_wconf 86' lang='lat' dir='ltr'>toli,</span> <span class='ocrx_word' id='word_1_190' title='bbox 228 1748 272 1783; x_wconf 92' lang='lat' dir='ltr'>et</span> <span class='ocrx_word' id='word_1_191' title='bbox 299 1742 511 1796; x_wconf 80' lang='lat' dir='ltr'>Martyres</span> <span class='ocrx_word' id='word_1_192' title='bbox 527 1773 537 1793; x_wconf 85' lang='lat'>‚</span> <span class='ocrx_word' id='word_1_193' title='bbox 571 1747 613 1781; x_wconf 88' lang='lat' dir='ltr'>et</span> <span class='ocrx_word' id='word_1_194' title='bbox 648 1734 866 1798; x_wconf 79' lang='lat' dir='ltr'>quidquid</span> <span class='ocrx_word' id='word_1_195' title='bbox 900 1749 1106 1792; x_wconf 80' lang='lat' dir='ltr'>magnum</span> <span class='ocrx_word' id='word_1_196' title='bbox 1147 1742 1210 1776; x_wconf 86' lang='lat' dir='ltr'>est</span> <span class='ocrx_word' id='word_1_197' title='bbox 1248 1732 1294 1775; x_wconf 88' lang='lat' dir='ltr'>in</span> <span class='ocrx_word' id='word_1_198' title='bbox 1329 1746 1485 1790; x_wconf 83' lang='lat' dir='ltr'>genere</span> 
     </span>
    </p>
   </div>
   <div class='ocr_carea' id='block_1_7' title="bbox 67 1802 1486 1869">
    <p class='ocr_par' dir='ltr' id='par_1_8' title="bbox 67 1802 1486 1869">
     <span class='ocr_line' id='line_1_27' title="bbox 67 1802 1486 1869; baseline -0.007 -14"><span class='ocrx_word' id='word_1_199' title='bbox 67 1847 68 1851; x_wconf 66' lang='lat'>,</span> <span class='ocrx_word' id='word_1_200' title='bbox 96 1811 304 1856; x_wconf 86' lang='lat' dir='ltr'>humano.</span> <span class='ocrx_word' id='word_1_201' title='bbox 349 1807 718 1869; x_wconf 87' lang='lat' dir='ltr'>Quandoquidem</span> <span class='ocrx_word' id='word_1_202' title='bbox 751 1805 860 1850; x_wconf 83' lang='lat' dir='ltr'>nihil</span> <span class='ocrx_word' id='word_1_203' title='bbox 904 1806 1042 1866; x_wconf 89' lang='lat' dir='ltr'>majus</span> <span class='ocrx_word' id='word_1_204' title='bbox 1073 1803 1215 1848; x_wconf 86' lang='lat' dir='ltr'>extitit</span> <span class='ocrx_word' id='word_1_205' title='bbox 1252 1802 1299 1846; x_wconf 90' lang='lat' dir='ltr'>in</span> <span class='ocrx_word' id='word_1_206' title='bbox 1332 1817 1486 1860; x_wconf 84' lang='lat' dir='ltr'>genere</span> 
     </span>
    </p>
   </div>
   <div class='ocr_carea' id='block_1_8' title="bbox 94 1872 1491 2227">
    <p class='ocr_par' dir='ltr' id='par_1_9' title="bbox 94 1872 1491 2227">
     <span class='ocr_line' id='line_1_28' title="bbox 94 1872 1487 1942; baseline -0.009 -15"><span class='ocrx_word' id='word_1_207' title='bbox 94 1882 290 1927; x_wconf 87' lang='lat' dir='ltr'>hnmano</span> <span class='ocrx_word' id='word_1_208' title='bbox 317 1896 450 1942; x_wconf 88' lang='lat' dir='ltr'>quam</span> <span class='ocrx_word' id='word_1_209' title='bbox 478 1883 666 1924; x_wconf 71' lang='lat' dir='ltr'>,Ioannes</span> <span class='ocrx_word' id='word_1_210' title='bbox 684 1878 872 1939; x_wconf 77' lang='lat' dir='ltr'>Baptista</span> <span class='ocrx_word' id='word_1_211' title='bbox 889 1912 899 1931; x_wconf 59' lang='lat'><em>7</em></span> <span class='ocrx_word' id='word_1_212' title='bbox 925 1892 1006 1920; x_wconf 90' lang='lat' dir='ltr'>nec</span> <span class='ocrx_word' id='word_1_213' title='bbox 1030 1876 1077 1918; x_wconf 91' lang='lat' dir='ltr'>in</span> <span class='ocrx_word' id='word_1_214' title='bbox 1112 1874 1222 1918; x_wconf 88' lang='lat' dir='ltr'>natis</span> <span class='ocrx_word' id='word_1_215' title='bbox 1251 1872 1487 1918; x_wconf 83' lang='lat' dir='ltr'>mulierum</span> 
     </span>
     <span class='ocr_line' id='line_1_29' title="bbox 97 1945 1487 2011; baseline -0.008 -14"><span class='ocrx_word' id='word_1_216' title='bbox 97 1953 315 1997; x_wconf 83' lang='lat' dir='ltr'>exurrexit</span> <span class='ocrx_word' id='word_1_217' title='bbox 337 1954 368 1995; x_wconf 79' lang='lat'>3.</span> <span class='ocrx_word' id='word_1_218' title='bbox 416 1952 458 1996; x_wconf 90' lang='lat' dir='ltr'>Si</span> <span class='ocrx_word' id='word_1_219' title='bbox 493 1950 651 2011; x_wconf 63' lang='lat' dir='ltr'>quaeris</span> <span class='ocrx_word' id='word_1_220' title='bbox 697 1948 999 1993; x_wconf 81' lang='lat' dir='ltr'>excellentiam</span> <span class='ocrx_word' id='word_1_221' title='bbox 1040 1945 1229 1990; x_wconf 89' lang='lat' dir='ltr'>hominis</span> <span class='ocrx_word' id='word_1_222' title='bbox 1246 1981 1256 2000; x_wconf 82' lang='lat'>‚</span> <span class='ocrx_word' id='word_1_223' title='bbox 1298 1947 1487 1988; x_wconf 85' lang='lat' dir='ltr'>Joannes</span> 
     </span>
     <span class='ocr_line' id='line_1_30' title="bbox 99 2014 1488 2084; baseline -0.009 -15"><span class='ocrx_word' id='word_1_224' title='bbox 99 2024 290 2084; x_wconf 85' lang='lat' dir='ltr'>Baptista</span> <span class='ocrx_word' id='word_1_225' title='bbox 312 2031 390 2067; x_wconf 89' lang='lat' dir='ltr'>est.</span> <span class='ocrx_word' id='word_1_226' title='bbox 413 2022 495 2067; x_wconf 89' lang='lat' dir='ltr'>Cui</span> <span class='ocrx_word' id='word_1_227' title='bbox 512 2031 657 2066; x_wconf 84' lang='lat' dir='ltr'>autem</span> <span class='ocrx_word' id='word_1_228' title='bbox 689 2023 878 2063; x_wconf 88' lang='lat' dir='ltr'>Joannes</span> <span class='ocrx_word' id='word_1_229' title='bbox 905 2035 948 2062; x_wconf 90' lang='lat' dir='ltr'>se</span> <span class='ocrx_word' id='word_1_230' title='bbox 980 2017 1176 2062; x_wconf 84' lang='lat' dir='ltr'>dicitnon</span> <span class='ocrx_word' id='word_1_231' title='bbox 1199 2031 1288 2060; x_wconf 89' lang='lat' dir='ltr'>esse</span> <span class='ocrx_word' id='word_1_232' title='bbox 1306 2014 1488 2073; x_wconf 84' lang='lat' dir='ltr'>dignum</span> 
     </span>
     <span class='ocr_line' id='line_1_31' title="bbox 98 2085 1490 2154; baseline -0.007 -15"><span class='ocrx_word' id='word_1_233' title='bbox 98 2095 327 2154; x_wconf 81' lang='lat' dir='ltr'>corrigiam</span> <span class='ocrx_word' id='word_1_234' title='bbox 349 2091 630 2138; x_wconf 87' lang='lat' dir='ltr'>calceamenti</span> <span class='ocrx_word' id='word_1_235' title='bbox 651 2090 860 2145; x_wconf 79' lang='lat' dir='ltr'>solvere⁴,</span> <span class='ocrx_word' id='word_1_236' title='bbox 877 2088 985 2149; x_wconf 84' lang='lat' dir='ltr'>quid</span> <span class='ocrx_word' id='word_1_237' title='bbox 1006 2097 1097 2131; x_wconf 87' lang='lat' dir='ltr'>erat</span> <span class='ocrx_word' id='word_1_238' title='bbox 1118 2086 1192 2130; x_wconf 91' lang='lat' dir='ltr'>ille</span> <span class='ocrx_word' id='word_1_239' title='bbox 1214 2086 1293 2130; x_wconf 88' lang='lat' dir='ltr'>nisi</span> <span class='ocrx_word' id='word_1_240' title='bbox 1306 2085 1490 2144; x_wconf 87' lang='lat' dir='ltr'>amplius</span> 
     </span>
     <span class='ocr_line' id='line_1_32' title="bbox 98 2156 1491 2227; baseline -0.008 -17"><span class='ocrx_word' id='word_1_241' title='bbox 98 2181 233 2227; x_wconf 86' lang='lat' dir='ltr'>quam</span> <span class='ocrx_word' id='word_1_242' title='bbox 264 2164 415 2217; x_wconf 82' lang='lat' dir='ltr'>caeteri</span> <span class='ocrx_word' id='word_1_243' title='bbox 444 2162 672 2207; x_wconf 74' lang='lat' dir='ltr'>homines?</span> <span class='ocrx_word' id='word_1_244' title='bbox 705 2160 849 2205; x_wconf 89' lang='lat' dir='ltr'>Etiam</span> <span class='ocrx_word' id='word_1_245' title='bbox 891 2159 937 2202; x_wconf 91' lang='lat' dir='ltr'>in</span> <span class='ocrx_word' id='word_1_246' title='bbox 971 2159 1063 2218; x_wconf 89' lang='lat' dir='ltr'>ipso</span> <span class='ocrx_word' id='word_1_247' title='bbox 1094 2157 1271 2202; x_wconf 88' lang='lat' dir='ltr'>homine</span> <span class='ocrx_word' id='word_1_248' title='bbox 1303 2156 1491 2216; x_wconf 89' lang='lat' dir='ltr'>amplius</span> 
     </span>
    </p>
   </div>
   <div class='ocr_carea' id='block_1_9' title="bbox 55 2227 1493 2298">
    <p class='ocr_par' dir='ltr' id='par_1_10' title="bbox 55 2227 1493 2298">
     <span class='ocr_line' id='line_1_33' title="bbox 55 2227 1493 2298; baseline -0.008 -17"><span class='ocrx_word' id='word_1_249' title='bbox 55 2238 58 2240; x_wconf 49' lang='grc'><strong>“</strong></span> <span class='ocrx_word' id='word_1_250' title='bbox 99 2252 231 2298; x_wconf 87' lang='lat' dir='ltr'>quam</span> <span class='ocrx_word' id='word_1_251' title='bbox 248 2235 392 2280; x_wconf 81' lang='lat' dir='ltr'>caeteri</span> <span class='ocrx_word' id='word_1_252' title='bbox 404 2234 616 2279; x_wconf 88' lang='lat' dir='ltr'>homines.</span> <span class='ocrx_word' id='word_1_253' title='bbox 634 2235 744 2277; x_wconf 89' lang='lat' dir='ltr'>Nam</span> <span class='ocrx_word' id='word_1_254' title='bbox 757 2231 997 2275; x_wconf 85' lang='lat' dir='ltr'>secundum</span> <span class='ocrx_word' id='word_1_255' title='bbox 1017 2233 1173 2282; x_wconf 68' lang='lat' dir='ltr'>Deum,</span> <span class='ocrx_word' id='word_1_256' title='bbox 1190 2237 1233 2272; x_wconf 90' lang='lat' dir='ltr'>et</span> <span class='ocrx_word' id='word_1_257' title='bbox 1249 2227 1493 2272; x_wconf 89' lang='lat' dir='ltr'>secundum</span> 
     </span>
    </p>
   </div>
   <div class='ocr_carea' id='block_1_10' title="bbox 101 2299 1497 2649">
    <p class='ocr_par' dir='ltr' id='par_1_11' title="bbox 101 2299 1497 2649">
     <span class='ocr_line' id='line_1_34' title="bbox 101 2299 1494 2361; baseline -0.009 -9"><span class='ocrx_word' id='word_1_258' title='bbox 101 2307 371 2352; x_wconf 88' lang='lat' dir='ltr'>divinitatem</span> <span class='ocrx_word' id='word_1_259' title='bbox 386 2341 397 2361; x_wconf 85' lang='lat'>‚</span> <span class='ocrx_word' id='word_1_260' title='bbox 423 2313 466 2349; x_wconf 90' lang='lat' dir='ltr'>et</span> <span class='ocrx_word' id='word_1_261' title='bbox 487 2303 728 2348; x_wconf 88' lang='lat' dir='ltr'>secundum</span> <span class='ocrx_word' id='word_1_262' title='bbox 750 2301 794 2346; x_wconf 90' lang='lat' dir='ltr'>id</span> <span class='ocrx_word' id='word_1_263' title='bbox 825 2299 947 2361; x_wconf 89' lang='lat' dir='ltr'>quod</span> <span class='ocrx_word' id='word_1_264' title='bbox 971 2301 1015 2343; x_wconf 89' lang='lat' dir='ltr'>in</span> <span class='ocrx_word' id='word_1_265' title='bbox 1038 2299 1252 2360; x_wconf 87' lang='lat' dir='ltr'>principio</span> <span class='ocrx_word' id='word_1_266' title='bbox 1275 2307 1366 2342; x_wconf 83' lang='lat' dir='ltr'>erat</span> <span class='ocrx_word' id='word_1_267' title='bbox 1386 2300 1494 2341; x_wconf 87' lang='lat' dir='ltr'>Ver-</span> 
     </span>
     <span class='ocr_line' id='line_1_35' title="bbox 103 2369 1491 2434; baseline -0.009 -10"><span class='ocrx_word' id='word_1_268' title='bbox 103 2380 234 2433; x_wconf 81' lang='lat' dir='ltr'>bum,</span> <span class='ocrx_word' id='word_1_269' title='bbox 258 2388 302 2423; x_wconf 85' lang='lat' dir='ltr'>et</span> <span class='ocrx_word' id='word_1_270' title='bbox 322 2377 519 2422; x_wconf 88' lang='lat' dir='ltr'>Verbum</span> <span class='ocrx_word' id='word_1_271' title='bbox 532 2385 625 2420; x_wconf 87' lang='lat' dir='ltr'>erat</span> <span class='ocrx_word' id='word_1_272' title='bbox 642 2373 760 2434; x_wconf 89' lang='lat' dir='ltr'>apud</span> <span class='ocrx_word' id='word_1_273' title='bbox 782 2377 936 2427; x_wconf 91' lang='lat' dir='ltr'>Deum</span> <span class='ocrx_word' id='word_1_274' title='bbox 963 2380 1006 2415; x_wconf 88' lang='lat' dir='ltr'>et</span> <span class='ocrx_word' id='word_1_275' title='bbox 1027 2375 1141 2415; x_wconf 81' lang='lat' dir='ltr'>Deus</span> <span class='ocrx_word' id='word_1_276' title='bbox 1164 2379 1256 2414; x_wconf 87' lang='lat' dir='ltr'>erat</span> <span class='ocrx_word' id='word_1_277' title='bbox 1277 2369 1491 2423; x_wconf 83' lang='lat' dir='ltr'>Verbum,</span> 
     </span>
     <span class='ocr_line' id='line_1_36' title="bbox 105 2438 1496 2511; baseline -0.009 -16"><span class='ocrx_word' id='word_1_278' title='bbox 105 2465 234 2511; x_wconf 88' lang='lat' dir='ltr'>super</span> <span class='ocrx_word' id='word_1_279' title='bbox 254 2464 429 2495; x_wconf 86' lang='lat' dir='ltr'>omnem</span> <span class='ocrx_word' id='word_1_280' title='bbox 447 2456 688 2493; x_wconf 87' lang='lat' dir='ltr'>creaturam</span> <span class='ocrx_word' id='word_1_281' title='bbox 705 2443 885 2505; x_wconf 79' lang='lat' dir='ltr'>aequalis</span> <span class='ocrx_word' id='word_1_282' title='bbox 907 2452 969 2487; x_wconf 86' lang='lat' dir='ltr'>est</span> <span class='ocrx_word' id='word_1_283' title='bbox 994 2442 1141 2487; x_wconf 88' lang='lat' dir='ltr'>Patri:</span> <span class='ocrx_word' id='word_1_284' title='bbox 1162 2441 1237 2485; x_wconf 88' lang='lat' dir='ltr'>sed</span> <span class='ocrx_word' id='word_1_285' title='bbox 1259 2440 1425 2499; x_wconf 84' lang='lat' dir='ltr'>aoimus</span> <span class='ocrx_word' id='word_1_286' title='bbox 1441 2438 1496 2484; x_wconf 90' lang='lat' dir='ltr'>de</span> 
     </span>
     <span class='ocr_line' id='line_1_37' title="bbox 105 2502 1497 2579; baseline -0.009 -13"><span class='ocrx_word' id='word_1_287' title='bbox 105 2521 297 2567; x_wconf 83' lang='lat' dir='ltr'>homine</span> <span class='ocrx_word' id='word_1_288' title='bbox 316 2522 447 2564; x_wconf 83' lang='lat' dir='ltr'>Forte</span> <span class='ocrx_word' id='word_1_289' title='bbox 462 2526 590 2579; x_wconf 88' lang='lat' dir='ltr'>putet</span> <span class='ocrx_word' id='word_1_290' title='bbox 605 2516 819 2577; x_wconf 86' lang='lat' dir='ltr'>quispiam</span> <span class='ocrx_word' id='word_1_291' title='bbox 830 2523 1039 2569; x_wconf 79' lang='lat' dir='ltr'>vestrum,</span> <span class='ocrx_word' id='word_1_292' title='bbox 1060 2511 1227 2568; x_wconf 86' lang='lat' dir='ltr'>fratres,</span> <span class='ocrx_word' id='word_1_293' title='bbox 1245 2502 1348 2573; x_wconf 76' lang='lat' dir='ltr'>quia</span> <span class='ocrx_word' id='word_1_294' title='bbox 1364 2512 1497 2556; x_wconf 91' lang='lat' dir='ltr'>homo</span> 
     </span>
     <span class='ocr_line' id='line_1_38' title="bbox 156 2595 1469 2649; baseline -0.009 -9.731"><span class='ocrx_word' id='word_1_295' title='bbox 156 2605 303 2649; x_wconf 87' lang='lat' dir='ltr'>¹.Ephes</span> <span class='ocrx_word' id='word_1_296' title='bbox 325 2616 371 2646; x_wconf 77' lang='lat' dir='ltr'>vi,</span> <span class='ocrx_word' id='word_1_297' title='bbox 398 2613 449 2637; x_wconf 83' lang='lat'>12.</span> <span class='ocrx_word' id='word_1_298' title='bbox 466 2620 508 2627; x_wconf 88' lang='lat'>—-</span> <span class='ocrx_word' id='word_1_299' title='bbox 531 2601 652 2635; x_wconf 86' lang='lat' dir='ltr'>².Psal</span> <span class='ocrx_word' id='word_1_300' title='bbox 673 2599 806 2643; x_wconf 76' lang='lat' dir='ltr'>mv‚8.</span> <span class='ocrx_word' id='word_1_301' title='bbox 827 2616 868 2622; x_wconf 92' lang='lat'>—-</span> <span class='ocrx_word' id='word_1_302' title='bbox 893 2597 1033 2631; x_wconf 81' lang='lat' dir='ltr'>³Matth</span> <span class='ocrx_word' id='word_1_303' title='bbox 1048 2595 1369 2640; x_wconf 74' lang='lat' dir='ltr'>x1‚11.--4Marc.</span> <span class='ocrx_word' id='word_1_304' title='bbox 1394 2607 1417 2638; x_wconf 78' lang='grc' dir='ltr'>ι,</span> <span class='ocrx_word' id='word_1_305' title='bbox 1438 2606 1469 2637; x_wconf 87' lang='lat'>7.</span> 
     </span>
    </p>
   </div>
  </div>
 </body>
</html>
