1833 3284
342 274 426 312 522
783 281 814 308 s.
852 282 1081 311 Aucus'ruu
1115 282 1298 310 EPISCOPI

342 367 364 390 n
388 364 465 408 per
487 346 582 392 lans
615 348 706 409 ejus
736 347 780 390 in
802 362 876 390 ore
907 348 1049 391 me0¹.
1078 365 1099 388 »
1136 346 1248 391 Dicit
1275 346 1500 400 Christus,
1537 344 1653 390 dicat
1690 354 1734 390 et

339 418 638 474 Christianus3
664 418 763 478 quia
783 417 1110 462 etChristianus
1126 416 1171 460 in
1194 432 1376 476 corpore
1393 416 1552 461 Christi
1575 424 1666 472 est3
1691 425 1735 463 et

339 498 568 549 propterea
586 489 781 536 Christus
803 489 936 532 homo
952 524 963 543 ,
1003 498 1052 533 ut
1075 497 1219 547 posset
1240 504 1329 532 esse
1349 488 1618 533 Christianus
1639 490 1736 532 An·-

340 558 484 618 gelus,
504 559 581 619 qui
599 559 674 613 ait,
704 577 724 600 «
745 558 1004 602 Benedicam
1023 559 1272 603 Dominum.
1303 577 1322 600 »
1349 559 1526 619 quando
1553 578 1574 601 «
1596 558 1735 602 bene-

341 648 362 671 »
403 628 545 674 dicam
586 629 852 674 Dominum?
883 648 901 670 »
940 629 1128 683 Quando
1163 629 1243 673 tibi
1280 629 1527 676 benefacit?
1557 628 1736 689 quando

338 698 567 744 abundant
586 700 834 744 saecularia?
852 699 1031 760 quando
1064 700 1257 744 multum
1279 699 1477 743 abundat
1499 698 1733 755 frumenti,

337 771 451 827 olei,
468 772 585 826 vini,
611 771 704 815 auri
723 806 733 825 ,
759 772 948 830 argenti,
974 772 1292 831 mancipiorum
1308 808 1319 825 ,
1345 786 1553 831 pecorum
1568 806 1579 826 ,
1601 770 1739 815 salus-

337 857 424 903 que
459 841 539 887 ista
578 841 771 887 mortalis
804 842 1078 887 invulnerata
1101 851 1144 887 et
1177 844 1429 902 incorrupta
1452 842 1661 902 persistit,
1688 858 1738 888 ea

337 931 438 976 quae
478 923 718 960 nascuntur
753 923 955 959 crescunt
987 914 1161 970 omnia,
1200 914 1311 958 nihil
1342 915 1573 960 immatura
1597 919 1738 959 merte

336 985 625 1040 subtrahitur,
651 983 833 1029 felicitas
855 994 945 1030 tota
974 985 1172 1029 abundat
1189 986 1234 1029 in
1248 985 1397 1039 domo,
1422 985 1756 1029 circumfluunt

337 1056 507 1112 omnia,
528 1065 634 1101 tunc
656 1055 886 1101 benedices
908 1057 1175 1101 Dominum?
1187 1059 1284 1102 Non
1307 1077 1317 1101 ;
1342 1056 1418 1100 sed
1433 1056 1479 1100 in
1493 1055 1612 1100 omni
1626 1065 1739 1100 tem-
1801 1077 1805 1082 ·

336 1144 458 1189 pore.
486 1131 602 1187 Ergo
623 1137 666 1173 et
688 1137 816 1183 tunc,
837 1138 881 1173 et
905 1127 1084 1189 quando
1116 1129 1194 1173 ista
1227 1128 1470 1177 secundum
1492 1137 1666 1188 tempus
1694 1136 1739 1174 et

334 1199 580 1248 secundum
602 1198 773 1258 flagella
791 1200 965 1245 Domini
988 1200 1066 1244 Dei
1090 1199 1227 1244 nostri
1244 1200 1501 1253 turbantur,
1528 1198 1740 1244 auferun—

336 1280 433 1326 tur,
457 1271 602 1316 minus
620 1280 862 1316 nascuntur
879 1306 889 1326 ‚
911 1272 1003 1332 jam
1034 1281 1137 1316 nata
1165 1270 1438 1316 dilabuntur.
1462 1271 1597 1315 Fiunt
1621 1271 1739 1315 enim

335 1343 431 1388 haec
449 1378 460 1399 ,
483 1352 529 1387 et
558 1343 658 1389 inde
687 1344 883 1404 sequitur
912 1344 1119 1403 penuria,
1146 1352 1336 1402 egestas,
1371 1342 1518 1398 labor,
1545 1341 1673 1387 dolor
1695 1351 1739 1386 et

335 1414 534 1459 tentatio.
548 1412 633 1459 Sed
646 1423 695 1458 tu
708 1414 785 1475 qui
796 1415 995 1469 cantasti,
1008 1414 1295 1459 «Benedicam
1309 1414 1546 1458 Dominum
1557 1414 1603 1459 in
1616 1415 1740 1458 omni

339 1503 360 1527 »
382 1494 603 1544 tempore,
628 1500 798 1545 semper
819 1484 912 1530 laus
930 1485 1023 1545 ejus
1044 1485 1091 1529 in
1113 1500 1188 1529 ore
1204 1500 1302 1529 meo
1319 1520 1330 1540 ,
1358 1503 1378 1526 η
1396 1494 1440 1529 et
1457 1485 1636 1545 quando
1657 1484 1738 1530 ista

337 1554 435 1610 dat,
456 1555 666 1614 benedic3
691 1565 734 1600 et
748 1556 928 1617 quando
946 1555 1026 1601 ista
1040 1555 1174 1611 tollit,
1200 1555 1401 1600 benedic.
1420 1556 1532 1609 Quia
1551 1555 1626 1602 illa
1642 1555 1734 1610 dat,

337 1626 411 1671 ille
434 1626 547 1671 tollit
575 1646 583 1671 ε
604 1626 679 1672 sed
698 1643 742 1672 se
764 1628 907 1687 ipsum
931 1643 955 1672 a
976 1626 1267 1677 benedicente
1283 1642 1327 1671 se
1350 1643 1441 1671 non
1462 1626 1592 1671 tollit.

396 1699 472 1742 IV.
499 1698 605 1751 Quis
628 1707 692 1743 est
728 1707 876 1742 autem
905 1698 982 1758 qui
1012 1696 1235 1742 benedicit
1276 1697 1512 1745 Dominum
1534 1697 1581 1741 in
1617 1697 1738 1742 omni

336 1776 558 1827 tempore,
599 1767 680 1813 nisi
715 1768 892 1813 humilis
931 1768 1092 1813 corch
1116 1772 1259 1828 Ipsam
1297 1770 1414 1812 enim
1441 1767 1738 1813 humilitatem

337 1838 489 1883 docuit
512 1839 722 1883 Dominus
747 1848 893 1884 noster
917 1840 963 1883 in
984 1855 1166 1899 corpore
1183 1848 1227 1883 et
1249 1840 1461 1898 sanguine
1484 1855 1589 1885 suo:
1633 1839 1737 1900 quia

337 1926 439 1955 cum
462 1910 741 1955 commendat
757 1927 914 1971 corpus
931 1921 974 1956 et
990 1912 1247 1970 sanguinem
1271 1927 1402 1955 suum
1414 1947 1425 1966 ,
1442 1911 1736 1955 humilitatem

336 1996 458 2026 suam
494 1981 797 2038 commendat,
832 1983 878 2026 in
914 1998 965 2027 eo
989 1981 1110 2042 quod
1132 1982 1176 2026 in
1200 1982 1291 2042 ipsa
1313 1982 1491 2026 historia
1526 1982 1737 2042 scriptum

336 2062 423 2108 est,
442 2053 489 2096 in
506 2052 582 2098 illo
600 2053 724 2113 quasi
746 2052 894 2097 furore
913 2053 1052 2098 David
1067 2089 1078 2108 ,
1100 2052 1221 2113 quod
1240 2053 1617 2112 praetermisimus,
1639 2072 1659 2095 α
1680 2055 1738 2097 Et

338 2141 359 2164 ³)
385 2122 529 2168 salivae
551 2123 846 2168 decurrebant
866 2139 996 2183 super
1032 2124 1213 2168 barbam
1232 2125 1364 2184 ejus².
1395 2141 1415 2164 »
1434 2126 1547 2169 Cum
1568 2123 1737 2182 legere-

336 2202 409 2238 tur
426 2193 675 2253 Apostolus,
691 2194 871 2238 audistis
893 2194 1003 2254 ipsas
1025 2193 1195 2248 salivas,
1214 2193 1289 2238 sed
1303 2193 1583 2238 decurrentes
1606 2208 1737 2253 super

335 2264 533 2309 barbam.
561 2265 672 2310 Dicit
691 2264 846 2325 aliquis
860 2301 870 2320 ,
893 2285 913 2307 «
938 2268 1054 2319 Quas
1076 2263 1228 2311 salivas
1245 2264 1490 2309 audivimus
1511 2284 1519 2309 :
1542 2267 1736 2310 »Nonne

335 2335 469 2381 modo
491 2335 630 2381 lectus
652 2346 717 2380 est
746 2336 1002 2396 Apostolus,
1037 2352 1137 2381 cum
1169 2335 1356 2390 diceret,
1387 2355 1406 2378 «
1436 2335 1579 2380 Judaei
1613 2336 1735 2395 signa

335 2416 493 2466 petunt
513 2442 523 2461 ,
544 2415 587 2450 et
611 2407 751 2452 Graeci
772 2407 1029 2467 sapientiam
1053 2410 1285 2466 quaerunt?
1302 2406 1436 2451 Modo
1457 2406 1623 2451 lectum
1636 2415 1700 2450 est
1719 2425 1731 2452 ε

338 2496 360 2520 ι(
384 2480 469 2521 Nos
491 2487 637 2521 autem
667 2477 979 2537 praedicamus,
1004 2478 1171 2538 inquit,
1198 2479 1419 2523 Christum
1442 2478 1699 2522 crucifixum
1717 2512 1729 2532 ,

337 2567 357 2590 »
376 2550 393 2607 (
416 2557 521 2593 tunc
541 2549 657 2593 enim
680 2549 1029 2609 tympanizabat,
1050 2550 1236 2607 >Juraeis
1258 2548 1438 2609 quidem
1456 2548 1727 2604 scandalum,

381 2633 474 2665 'Psat
496 2642 653 2675 x‹x11=,‘.>..
676 2650 717 2656 —
737 2641 749 2657 2
782 2645 792 2665 ι
818 2637 894 2675 neg.
926 2645 971 2675 xi,
990 2634 1040 2666 13.
