1833 3284
421 261 661 289 annalium
696 263 737 289 tn
774 261 978 290 PsALMUM
1010 263 1069 289 vi.
1358 253 1437 291 157

52 328 142 388 ipsa
174 342 250 371 sua
278 327 561 372 conversione
593 325 892 371 difficultatem
918 326 1205 386 laboremque
1234 328 1440 372 sentiret?

52 402 159 444 Nam
190 397 383 458 perfecta
417 407 563 442 nostra
595 399 816 443 conversio
848 407 1046 456 paratum
1080 398 1246 443 invenit
1277 402 1438 454 Deum,

51 469 162 513 sicut
183 470 401 529 Propheta
423 468 556 515 dicit:
582 487 602 511 «
629 472 854 530 Tanquam
882 468 1127 513 diluculum
1146 479 1347 528 paratum
1371 470 1442 514 in-

54 558 75 582 »
109 540 332 593 veniemus
356 541 506 601 eum&
534 557 555 582 »
582 541 799 593 Quoniam
820 550 865 583 ut
888 555 989 584 eum
1012 539 1325 596 amitteremus,
1352 556 1439 585 non

51 615 141 667 ejus
163 611 357 656 absentia
379 610 456 670 qui
484 610 652 671 ubique
679 610 823 666 adest,
849 609 925 655 sed
947 619 1093 655 nostra
1122 609 1228 654 fecit
1260 611 1439 655 aversio.

55 700 76 724 «
111 684 164 726 In
183 681 268 726 hoc
289 679 459 726 mundo
480 690 587 736 erat,
614 680 774 741 inquit,
800 690 844 724 et
861 680 1052 727 mundus
1069 695 1144 740 per
1172 696 1273 725 eum
1299 681 1444 726 factus

52 770 74 794 >›
109 761 194 807 est,
220 761 264 796 et
285 750 476 796 mundus
508 766 611 795 eum
645 767 736 796 non
758 750 965 809 cognovit
976 755 1008 794 ².
1047 768 1068 791 >›
1102 751 1145 796 Si
1168 766 1269 808 ergo
1290 751 1337 794 in
1358 752 1443 796 hoc

49 821 218 868 mundo
240 833 357 867 erat:
381 831 426 866 et
446 821 640 866 mundus
662 837 765 865 eum
795 836 886 865 non
920 820 1150 877 cognovit,
1177 830 1324 865 nostra
1356 821 1442 864 im-

48 892 267 938 munditia
283 908 375 938 non
389 891 476 937 fert
497 897 587 948 ejtis
603 900 841 949 aspectum.
858 894 973 936 Dum
989 899 1136 934 autem
1156 906 1234 934 nos
1256 906 1442 935 conver-

49 963 200 1020 timus,
217 963 362 1018 idest,
382 963 626 1007 mutatione
643 961 800 1007 veteris
821 961 923 1006 vitae
944 959 1224 1018 resculpimus
1244 961 1443 1020 spiritum

49 1043 273 1079 nostrum:
299 1031 460 1077 durum
481 1032 690 1076 sentimus
715 1041 759 1077 et
786 1031 1052 1075 laboriosum
1080 1030 1137 1074 ad
1163 1031 1443 1075 serenitatem

50 1113 94 1148 et
120 1102 482 1163 tranquillitatem
504 1102 664 1147 divinae
685 1101 790 1145 lucis
812 1117 835 1145 a
854 1110 1127 1144 terrenarum
1150 1099 1443 1159 cupiditatum

50 1173 234 1232 caligine
256 1173 513 1232 retorqueri.
534 1175 592 1216 Et
618 1173 665 1215 in
688 1171 764 1216 tali
784 1171 1043 1225 difficultate
1065 1170 1271 1226 dicimus,
1293 1191 1314 1213 ‹<
1330 1174 1444 1216 Con-

51 1263 73 1287 »
108 1252 299 1299 vertere,
322 1243 528 1298 Domine,
552 1260 572 1283 »
589 1241 635 1286 id
648 1251 740 1297 est,
761 1241 917 1301 adjuva
939 1258 1040 1297 nos,
1062 1250 1113 1285 ut
1131 1241 1378 1300 perficiatur
1399 1242 1443 1286 in

49 1314 178 1360 nobis
209 1312 455 1367 conversio,
481 1327 581 1373 quae
614 1320 657 1356 te
679 1321 879 1372 paratum
913 1312 1103 1367 invenit,
1136 1321 1178 1356 et
1202 1311 1444 1357 fruendum

51 1394 96 1429 te
118 1384 387 1442 praebentem
412 1382 694 1437 dilectoribus
717 1382 817 1426 tuis.
843 1384 900 1426 Et
922 1382 1018 1427 ideo
1046 1392 1279 1443 postquam
1309 1383 1438 1437 dixit,

51 1475 75 1500 ,α
93 1457 376 1509 Convertere,
388 1452 617 1508 Domine,»
631 1451 813 1507 addidit,
824 1471 843 1494 «
855 1456 912 1496 Et
926 1468 1028 1496 erue
1043 1453 1230 1497 animam
1244 1468 1385 1496 meam
1400 1471 1439 1497 ε»

50 1536 261 1587 tanquam
278 1525 563 1569 inhaerentem
589 1523 946 1583 perplexitatibus
967 1523 1097 1582 hujus
1114 1522 1281 1578 saeculi,
1298 1532 1341 1567 ct
1357 1522 1441 1582 spi-

50 1613 125 1641 nas
147 1596 333 1657 qusdam
365 1594 699 1640 dilacerantium
730 1592 1040 1638 desideriorum
1069 1595 1115 1638 in
1145 1596 1236 1655 ipsa
1268 1610 1444 1640 conver-

50 1668 170 1713 sione
185 1666 440 1726 patientem.
471 1682 488 1705 «
520 1664 695 1710 Salvum
718 1679 788 1707 me
810 1663 901 1719 sac,
926 1664 1092 1724 inquit,
1117 1674 1296 1725 propter
1317 1665 1443 1709 misc-

53 1757 74 1781 »
109 1736 343 1783 ricordiam
363 1736 528 1780 tuam³.
558 1752 577 1776 »
605 1733 815 1792 Intelligit
847 1750 935 1778 non
969 1751 1149 1779 suorum
1183 1736 1442 1780 meritorum

29 1821 31 1824 ’
51 1824 141 1853 esse
154 1806 277 1869 quod
290 1815 489 1863 sanatur,
510 1803 867 1865 quandoquidem
883 1805 1082 1864 peccanti
1101 1815 1144 1849 et
1159 1805 1311 1850 datum
1329 1822 1442 1866 prcc-

51 1889 228 1940 ceptum
244 1876 548 1938 praetereunti,
568 1877 680 1936 justa
704 1875 921 1920 damnatio
950 1875 1210 1921 debebatur.
1235 1879 1345 1922 Sana
1371 1893 1442 1920 me

52 1966 174 2010 ergo,
200 1950 366 2010 inquit,
392 1964 481 1993 non
513 1957 691 2007 propter
721 1947 926 1992 meritum
958 1963 1129 2004 meum,
1156 1948 1231 1993 sed
1263 1958 1441 2008 propter

51 2020 390 2066 misericordiam
413 2028 549 2063 tuam.

110 2095 171 2137 VI
179 2127 187 2136 .
220 2111 240 2135 ‹<
266 2091 485 2145 Quoniam
502 2106 592 2134 non
614 2099 676 2134 est
696 2089 742 2134 in
763 2100 903 2135 morte
925 2090 1002 2151 qui
1027 2106 1193 2136 memor
1217 2090 1270 2136 sit
1285 2091 1391 2136 tui4.
1416 2109 1437 2133 »

51 2161 263 2220 Intelligit
290 2176 467 2222 quoque
499 2176 617 2205 nunc
650 2175 740 2204 esse
773 2170 945 2220 tempus
977 2151 1267 2206 conversionis
1298 2181 1306 2206 :
1338 2162 1441 2222 quia

51 2250 153 2279 cum
173 2233 253 2278 ista
273 2233 362 2279 vita
382 2231 620 2285 transierit,
646 2247 736 2276 non
759 2240 890 2276 restat
911 2232 991 2276 nisi
1016 2233 1243 2277 retributio
1260 2233 1441 2278 merito-

6 2327 8 2329 >
51 2319 166 2348 rum.
196 2323 217 2346 «
240 2306 293 2347 In
321 2300 493 2347 inferno
515 2311 662 2346 autem
693 2301 790 2362 quis
811 2302 1091 2346 confitebitur
1114 2303 1249 2347 tibi⁵P
1274 2321 1294 2343 »
1320 2305 1440 2348 Con-

52 2374 188 2420 fessus
206 2374 331 2419 estin
349 2371 521 2417 inferno
542 2373 616 2417 ille
636 2372 776 2428 dives,
798 2372 852 2417 de
871 2389 960 2434 quo
983 2374 1193 2418 Dominus
1215 2374 1341 2429 dicit,
1363 2374 1439 2435 qui

52 2450 263 2492 Lazarum
284 2443 395 2491 vidit
415 2444 462 2488 in
482 2444 646 2504 requie,
665 2459 709 2488 se
734 2453 881 2488 autem
910 2444 956 2487 in
982 2445 1205 2489 tormentis
1229 2445 1435 2490 dolebat:

100 2550 111 2567 ¹
133 2546 215 2577 Osee
231 2553 277 2584 vi,
291 2540 323 2583 3,
339 2541 432 2584 juxta
449 2550 518 2572 Lxx.
539 2556 582 2562 --
596 2546 608 2564 ²
623 2541 716 2572 Joan.
737 2551 762 2581 1,
781 2551 832 2573 xo.
856 2557 898 2563 --
912 2538 925 2564 3
943 2540 1020 2572 Psal.
1060 2553 1082 2582 1,
1098 2541 1129 2574 5.
1151 2558 1193 2565 —-
1215 2539 1232 2572 4
1245 2541 1326 2574 Ibid.
1347 2541 1380 2574 6.
1395 2559 1437 2565 -

53 2599 68 2624 5
85 2601 166 2634 lbid.
