1833 3284
347 183 429 223 298
783 195 816 221 s.
853 190 1085 221 Auens-nm
1116 193 1300 221 Emscom

344 269 525 315 xerunt,
552 267 596 303 et
622 272 712 303 non
733 257 955 303 viderunt.
984 261 1130 319 Usque
1152 258 1207 302 ad
1236 272 1411 303 carnem
1439 257 1589 304 oculos
1610 294 1622 315 ‚
1646 274 1737 305 non

344 346 484 392 usque
507 329 562 374 ad
579 330 775 374 Verbum
792 345 867 375 cor
887 330 1156 374 habuerunt.
1186 348 1207 372 «
1230 330 1481 374 Diviserunt
1503 330 1584 374 sibi
1604 331 1736 376 vesti-

346 420 368 444 »
394 410 539 446 menta
557 416 668 446 mea.
688 420 708 443 »
729 402 996 446 Vestimenta
1015 417 1107 457 sua,
1128 411 1395 446 sacramenta
1413 402 1561 462 ipsius.
1579 404 1739 447 Atten-

344 473 434 518 ditc
450 508 461 528 ‚
482 472 652 517 fratres.
673 473 942 517 Vestimenta
959 473 1115 533 ipsius,
1135 481 1402 517 sacramenta
1425 472 1556 533 ipsius
1582 482 1741 533 potue-

343 553 449 589 runt
471 544 607 589 dividi
636 559 712 604 per
736 545 920 589 haereses
943 563 952 589 ε
982 543 1058 589 sed
1083 553 1175 589 erat
1197 544 1259 588 ibi
1289 544 1598 589 vestimentum
1618 544 1741 605 quod

343 631 474 660 nemo
504 614 663 659 divisit.
701 633 721 657 «
751 618 809 659 Et
844 629 974 675 super
1005 615 1313 660 vestimentum
1351 630 1499 660 meum
1529 615 1744 662 miserunt

345 705 367 730 »
405 695 582 731 sortem.
624 689 730 731 Erat
762 686 823 731 ibi
855 687 1002 732 tunica
1017 722 1028 743 ‚
1066 686 1172 732 dicit
1212 686 1511 746 Evangelista‚
1556 686 1739 747 desuper

345 776 366 799 »
402 760 563 801 texta2.
592 775 613 798 »
650 759 767 816 Ergo
793 757 848 801 de
871 757 1008 813 coelo,
1044 772 1146 816 ergo
1169 773 1192 802 a
1215 760 1358 812 Patre,
1388 773 1492 817 ergo
1521 773 1545 801 a
1582 758 1743 818 Spiritu

341 830 623 882 sancto.Quae
636 836 700 872 est
712 829 792 872 ista
807 828 972 884 tunica,
989 828 1071 873 nisi
1085 829 1288 883 charitas,
1306 843 1439 889 quam
1456 844 1586 874 nemo
1602 838 1744 889 potest

342 898 563 944 dividere?
588 902 696 953 Quae
719 908 783 944 est
803 900 884 944 ista
911 901 1083 956 tunica,
1109 901 1191 944 nisi
1219 900 1389 945 unitas?
1416 903 1469 945 In
1496 901 1631 960 ipsam
1653 916 1743 946 sors

342 972 557 1027 mittitur,
595 986 725 1016 nemo
763 970 882 1017 illam
913 971 1084 1017 dividit.
1129 975 1405 1017 Sacramenta
1438 971 1518 1015 sihi
1549 972 1744 1017 haeretici

342 1039 538 1087 dividere
573 1051 836 1103 potuerunt,
868 1043 1124 1088 charitatem
1157 1059 1248 1088 non
1280 1042 1536 1087 diviserunt.
1565 1045 1622 1087 Et
1640 1044 1744 1103 quia

343 1112 538 1158 dividere
562 1129 652 1158 non
684 1122 952 1174 potuerunt,
987 1123 1288 1158 recesserunt:
1314 1113 1388 1158 illa
1421 1122 1568 1158 autem
1597 1122 1744 1158 manet

342 1184 526 1241 integra.
547 1186 670 1229 Sorte
684 1184 864 1228 obvenit
877 1184 1158 1245 quibusdam.
1178 1185 1263 1238 Qui
1276 1184 1550 1240 habethanc,
1568 1199 1745 1229 securus

343 1265 421 1300 est.
443 1258 581 1301 Nemo
604 1255 730 1299 illum
753 1265 901 1301 movet
933 1256 988 1300 de
1012 1256 1205 1301 Ecclesia
1234 1255 1449 1300 catholica
1473 1275 1482 1301 :
1513 1265 1557 1300 et
1582 1256 1614 1299 si
1643 1254 1745 1300 foris

342 1325 462 1378 illam
481 1326 660 1388 incipiat
674 1327 837 1371 habere
851 1362 861 1382 ‚
879 1327 1203 1383 intromittitur,
1221 1326 1447 1388 quomodo
1461 1342 1606 1371 ramus
1618 1326 1745 1372 olivae

339 1412 363 1441 a
385 1397 634 1442 columba?
1251 1409 1260 1414 ·

400 1470 500 1513 ΧΧ.
531 1487 551 1511 «
580 1471 645 1512 Tu
668 1477 832 1524 autem,
858 1468 1068 1524 Domine,
1108 1483 1164 1513 ne
1202 1468 1334 1527 longe
1357 1466 1508 1512 seceris
1537 1468 1747 1513 auxilium

344 1555 365 1580 ³)
387 1548 515 1583 tuum
530 1541 562 1583 3.
592 1558 612 1581 »
638 1542 696 1585 Et
721 1540 887 1585 factum
911 1549 975 1585 est
999 1560 1008 1586 :
1032 1549 1131 1601 post
1152 1540 1352 1585 triduum
1371 1541 1622 1585 resurrexit.
1653 1559 1673 1584 «
1694 1543 1746 1585 In

345 1627 367 1651 »
397 1609 699 1655 defensionem
718 1627 859 1655 meam
882 1612 1038 1671 aspice.
1069 1630 1089 1653 »

401 1684 525 1726 XXI.
538 1701 557 1724 «
575 1685 693 1727 Erue
706 1698 729 1727 a
742 1681 907 1727 framea
925 1684 1115 1728 animam
1128 1684 1299 1727 meam4
1318 1703 1327 1729 ι
1348 1702 1368 1725 »
1386 1683 1432 1728 id
1450 1692 1529 1738 est,
1551 1691 1743 1728 amorte.

343 1755 527 1797 Framea
549 1753 666 1798 enim
688 1753 856 1812 gladius
879 1764 966 1810 est,
983 1763 1026 1798 et
1040 1769 1118 1814 per
1141 1753 1333 1812 gladium
1352 1763 1539 1799 mortem
1562 1753 1747 1813 intelligi

342 1824 499 1869 voluit.
526 1827 615 1869 «Et
632 1825 687 1869 de
700 1841 834 1869 manu
851 1825 970 1870 canis
987 1825 1164 1870 unicam
1183 1840 1340 1869 meam.
1364 1825 1569 1870 Animam
1583 1839 1743 1881 meam,

346 1913 368 1937 »
395 1897 569 1940 unicam
592 1899 760 1940 meam⁵
779 1933 790 1952 ,
818 1915 839 1938 »
865 1906 998 1956 caput
1027 1905 1071 1940 et
1098 1912 1271 1957 corpus.
1297 1915 1317 1938 «
1356 1896 1539 1941 Unicam
1562 1914 1582 1937 »
1609 1894 1745 1951 dixit,

344 1966 599 2011 Ecclesiam.
627 1986 647 2009 «
671 1970 734 2011 Dc
759 1983 918 2023 manu,
942 1986 962 2009 »
988 1966 1033 2011 id
1067 1977 1152 2023 est,
1178 1967 1233 2011 de
1254 1975 1469 2027 potestate
1498 1966 1630 2014 caniS.
1660 1966 1747 2020 Qui

343 2046 447 2082 sunt
468 2040 623 2082 canes?
640 2039 725 2092 Qui
754 2039 913 2083 canino
930 2053 1051 2083 more
1071 2037 1248 2092 latrant,
1267 2054 1347 2082 nec
1363 2036 1620 2096 intelligunt
1636 2053 1746 2081 con-

346 2117 409 2153 tra
432 2124 557 2169 quos.
582 2108 699 2154 Nihil
711 2109 793 2154 illis
812 2111 883 2163 fit,
905 2119 948 2154 et
961 2109 1137 2154 latrant.
1154 2109 1272 2164 Quid
1289 2109 1395 2154 fecit
1413 2109 1511 2154 cani
1535 2109 1746 2153 transiens

342 2179 457 2223 viam
479 2182 627 2224 suam?
652 2183 816 2225 Tamen
844 2180 917 2224 ille
947 2179 1090 2225 latrat.
1118 2181 1204 2234 Qui
1237 2179 1400 2224 latrant
1429 2180 1553 2225 caecis
1577 2179 1741 2235 oculis,

346 2265 434 2294 non
457 2249 752 2294 discernentes
771 2260 922 2296 contra
944 2267 1054 2312 quos
1079 2261 1154 2296 aut
1169 2267 1248 2311 pro
1271 2252 1453 2311 quibus,
1476 2267 1603 2296 canes
1622 2259 1740 2295 sunt.

404 2323 550 2364 XXII.
585 2340 606 2363 «
629 2321 805 2366 Salvum
828 2338 896 2382 mc
914 2321 986 2366 fac
1015 2321 1069 2367 de
1100 2338 1173 2367 ore
1196 2322 1374 2367 leonis⁰.
1404 2341 1424 2365 »
1451 2326 1540 2368 Leo
1570 2321 1744 2381 rugiens

345 2390 479 2434 nostis
507 2391 604 2451 quis
637 2392 716 2447 sit,
751 2393 1009 2437 circumiens
1047 2402 1091 2437 et
1122 2409 1321 2454 quaerens
1352 2408 1485 2454 quem
1516 2394 1740 2438 devoret7.

396 2493 404 2508 ¹
424 2489 587 2519 Joan.x1‹
601 2513 609 2529 ,
635 2487 689 2520 23.
710 2505 752 2512 —
772 2495 785 2511 2
803 2491 882 2522 Gen.
900 2500 958 2521 vin
972 2515 980 2531 ,
1001 2500 1050 2521 11.
1069 2506 1110 2512 —
1131 2487 1326 2530 31‘sal.xn‚
1344 2498 1398 2522 20.
1421 2506 1462 2512 —
1481 2488 1497 2519 4
1516 2489 1597 2521 thid.
1615 2497 1675 2521 21.
1701 2504 1742 2509 —-

360 2539 373 2563 5
390 2541 471 2574 thid.
492 2559 533 2566 —-
551 2540 566 2565 6
584 2542 665 2576 lbid.
686 2552 740 2576 22.
762 2561 803 2566 —
822 2551 836 2576 7
864 2555 875 2577 ι
896 2546 982 2576 Petr.
1003 2555 1037 2585 v,
1056 2544 1088 2576 8.
