1833 3284
351 247 591 274 ENAuuATio
624 249 637 273 1
671 249 714 273 ir<
749 246 949 274 PsALirmr
984 245 1087 270 xxx.
1334 232 1417 269 385

39 312 167 356 xisset
194 312 392 357 inimicus
419 332 427 356 :
455 315 761 372 Torqueantur
789 312 928 355 donec
961 317 1136 368 negent.
1178 326 1196 349 α
1234 310 1290 351 Ε1
1318 308 1421 352 anni

40 401 61 423 »
86 383 170 427 mei
184 382 230 425 in
244 382 489 441 gemitibus.
505 401 526 424 »
541 386 751 441 Tempora
766 397 864 436 quae
883 395 961 438 ago
978 379 1023 422 in
1041 379 1125 422 hoc
1140 377 1315 432 saeculo,
1332 394 1423 423 non

36 453 144 497 mihi
165 461 304 500 morte
330 452 604 507 auferuntur,
632 452 707 496 sed
724 460 902 496 manent
918 485 928 505 ‚
954 459 1085 510 atque
1118 450 1164 492 in
1192 449 1423 507 gemitibus

36 532 153 567 sunt.
184 542 204 565 «
226 523 475 567 Infirmatus
497 532 560 567 est
587 523 632 567 in
654 532 842 582 egestate
863 521 985 579 vigor
1006 535 1142 563 meus.
1171 538 1191 560 »
1211 522 1330 578 Egco
1353 536 1423 563 sa-

37 594 173 637 nitate
193 594 324 653 hujus
347 593 537 653 corporis
552 628 562 648 ,
589 609 669 637 nec
694 593 886 652 parcitur
907 590 1170 636 cruciatibus
1190 609 1199 633 ;
1225 606 1331 649 egeo
1352 606 1422 634 re—

38 663 254 709 solutione
283 664 474 723 corporis
491 699 502 718 ‚
528 673 571 708 et
592 664 783 724 parcitur
799 663 929 707 morti
955 682 963 706 :
990 670 1033 705 et
1065 660 1111 704 in
1135 661 1216 704 hac
1239 670 1424 718 egestate

37 735 256 779 infirmata
277 735 523 780 est.fiducia
534 751 645 779 mea.
666 754 687 776 «
704 737 761 778 Et
776 750 868 779 ossa
881 749 976 777 mea
993 731 1254 777 conturbata
1272 741 1420 776 sunt.»

37 808 95 850 Et
110 806 290 849 firmitas
310 821 406 850 mea
427 806 688 850 conturbata
705 814 783 848 est.

95 879 200 921 XII.
231 896 250 919 «
273 879 411 936 Super
434 892 584 921 omnes
612 871 808 920 inimicos
833 890 953 919 meos
981 873 1120 918 factus
1142 888 1239 917 sum
1264 889 1426 933 oppro-

40 964 62 987 »
82 946 273 990 brium¹.
302 964 321 987 »
348 946 519 990 Inimici
540 946 625 989 mei
645 954 747 989 sunt
764 961 913 989 omnes
935 944 1089 1004 iniqui,
1115 953 1158 987 et
1182 952 1326 987 tamen
1346 960 1427 1003 pro

37 1016 271 1061 sceleribus
291 1016 378 1061 suis
399 1032 539 1077 usque
556 1016 611 1060 ad
639 1015 955 1061 confessionem
979 1024 1240 1075 torquentur
1265 1035 1273 1059 :
1295 1030 1427 1074 supe-

39 1088 128 1131 ravi
158 1103 261 1146 ergo
289 1088 575 1148 opprobrium
608 1103 787 1142 eorum,
828 1087 951 1146 cujus
985 1085 1300 1130 consessionem
1337 1101 1429 1129 11011

38 1173 153 1202 mors
175 1158 370 1219 sequitur
389 1194 400 1212 ‚
426 1157 501 1202 sed
517 1158 733 1203 cruciatus
749 1157 1008 1217 insequitur.
1035 1176 1054 1198 «
1079 1160 1136 1200 Et
1155 1156 1305 1199 vicinis
1321 1156 1428 1200 meis

41 1246 62 1270 1)
85 1228 284 1272 111111111111.
315 1247 336 1270 «
355 1228 548 1273 Nimium
569 1229 653 1273 hoc
674 1228 815 1271 visum
839 1236 901 1270 est
923 1228 1005 1282 eis,
1032 1227 1108 1286 qui
1127 1228 1218 1286 jam
1245 1226 1427 1286 propin-

38 1299 236 1359 quabant
257 1314 515 1356 cognoscere
538 1308 580 1343 te
602 1307 645 1342 et
673 1308 821 1341 tenere
844 1296 973 1341 fidem
998 1312 1130 1357 quam
1158 1305 1300 1341 teneo.
1329 1316 1348 1338 «
1373 1299 1431 1341 Et

42 1384 62 1408 »
90 1367 219 1411 timor
238 1367 352 1412 notis
373 1368 495 1412 meis.
515 1385 535 1408 »
553 1370 610 1412 Et
626 1367 726 1426 ipsis
739 1367 852 1411 notis
867 1366 972 1409 meis
995 1364 1192 1424 exemplo
1207 1365 1430 1410 horribilis

39 1436 333 1482 tribulationis
367 1453 477 1482 meae
505 1437 707 1482 timorem
738 1436 912 1480 incussi.
946 1455 965 1477 u
990 1436 1076 1489 Qui
1109 1435 1319 1479 videbant
1334 1452 1427 1492 1116,

41 1527 62 1550 »
83 1506 198 1553 foras
218 1507 449 1568 fugiebant
470 1524 494 1551 a
516 1523 600 1552 me.
627 1525 647 1548 »
673 1507 892 1560 Quoniam
925 1522 1015 1550 non
1040 1504 1342 1563 intelligebant
1359 1507 1428 1550 in·-

42 1580 242 1624 teriorem
269 1589 313 1624 et
333 1579 594 1623 invisibilem
613 1594 736 1639 spem
760 1593 902 1622 meam
918 1613 928 1632 ‚
954 1578 999 1621 in
1029 1577 1239 1621 exteriora
1261 1587 1304 1621 et
1324 1578 1429 1622 visi-

39 1649 143 1694 bilia
165 1648 376 1710 fugerunt
389 1666 413 1694 a
434 1665 520 1694 me.

96 1723 222 1765 XIII.
254 1741 274 1763 «
294 1720 468 1765 Oblitus
489 1735 602 1775 sum,
628 1729 837 1779 tanquam
860 1728 1058 1762 mortuus
1080 1733 1102 1760 a
1126 1716 1257 1761 corde
1270 1721 1302 1760 2.
1332 1736 1351 1758 »
1371 1721 1429 1763 Et

39 1791 166 1836 obliti
189 1801 291 1836 sunt
311 1807 382 1836 me
397 1827 408 1847 ‚
439 1801 650 1851 tanquam
678 1798 877 1834 mortuus
907 1789 988 1832 51111
1011 1805 1033 1832 a
1057 1789 1187 1833 corde
1216 1789 1424 1848 ipsorum.

45 1882 65 1906 «
91 1866 250 1908 Factus
272 1877 369 1906 sum
397 1871 608 1922 tanquam
643 1876 717 1904 vas
744 1859 981 1918 perditum.
1012 1877 1031 1899 »
1057 1859 1184 1903 Visus
1206 1875 1301 1902 sum
1325 1860 1433 1904 mihi

40 1933 213 1994 periisse
226 1933 377 1977 usibus
399 1931 574 1976 Domini
586 1930 735 1974 vivens
758 1931 803 1973 in
824 1930 907 1973 hoc
925 1928 1085 1973 saeculo
1101 1964 1112 1984 ‚
1145 1940 1188 1973 et
1210 1929 1431 1973 neminem

39 2003 336 2059 lucrifaciens,
356 2018 458 2048 cum
480 2017 629 2047 omnes
650 2002 855 2044 timerent
873 2001 1095 2058 aggregari
1117 2001 1240 2044 mihi.

98 2078 218 2121 XIV.
250 2094 270 2118 «
294 2074 513 2128 Quoniam
535 2071 682 2116 audivi
707 2070 1073 2130 vituperationem
1095 2069 1336 2114 multorum
1360 2086 1432 2114 ac-

44 2166 64 2189 »
85 2146 323 2192 colentium
346 2145 393 2189 in
413 2143 598 2188 circuitu
612 2144 644 2185 3.
673 2159 693 2182 »
719 2140 935 2194 Quoniam
965 2140 1111 2183 audivi
1133 2139 1430 2199 vituperantes

42 2233 112 2262 me
128 2215 289 2261 multos
302 2216 348 2259 in
360 2212 706 2275 peregrinatione
722 2212 852 2271 hujus
866 2219 992 2253 terrae
1003 2210 1129 2269 juxta
1140 2225 1225 2264 me,
1245 2225 1432 2270 sequen-

44 2298 106 2332 tes
127 2287 357 2332 circuitum
391 2295 636 2344 temporum
652 2317 663 2338 ‚
684 2291 727 2326 et
749 2297 922 2325 mecum
948 2280 993 2323 in
1016 2280 1199 2340 patriam
1223 2289 1432 2324 aeternam

45 2358 184 2403 redire
205 2365 465 2402 recusantes.
485 2374 505 2398 (ι
524 2358 639 2399 Dum
662 2360 1030 2411 congregarentur
1041 2350 1122 2410 ipsi
1136 2350 1263 2394 simul
1282 2352 1432 2395 adver-

48 2447 69 2472 »
93 2444 190 2474 sum
210 2443 280 2472 me
295 2463 307 2483 ‚
328 2436 379 2471 ut
399 2426 643 2485 acciperent
659 2422 847 2467 animam
865 2436 1005 2464 meam
1027 2419 1239 2465 consiliati
1261 2430 1378 2465 sunt.
1408 2440 1427 2461 »

46 2502 104 2544 Ut
123 2497 387 2543 consentiret
422 2496 481 2539 eis
500 2495 643 2539 anima
665 2508 781 2546 mea,
807 2507 907 2551 quae
939 2499 1079 2536 morte
1101 2499 1246 2550 posset
1266 2489 1321 2534 de
1348 2507 1430 2551 po-

96 2591 104 2607 ¹
121 2583 204 2616 Psal.
223 2593 302 2624 xxx,
324 2591 374 2615 12.
395 2598 435 2603 —
455 2587 468 2603 ²
486 2578 569 2612 Ibid.
593 2577 642 2610 13.
660 2594 701 2599 -
717 2574 731 2599 3
750 2575 829 2607 lbid.
856 2573 906 2616 14.

210 2647 332 2677 cxlv.
1199 2628 1251 2667 25
