1833 3284
344 219 426 258 422
770 235 802 258 ε.
842 233 1069 260 Arors‘rim
1105 234 1285 260 misceri

338 314 441 349 nus,
462 296 537 342 sed
559 298 661 358 quia
690 306 735 342 tu
761 299 999 342 misericors
1022 313 1081 342 cs.
1107 298 1203 343 Noli
1230 314 1298 343 me
1318 298 1469 343 audire
1486 296 1728 342 secundum

333 368 613 429 judiciariam
655 370 927 414 severitatem
944 405 954 424 ,
991 368 1066 414 sed
1104 369 1347 415 secundum
1382 367 1728 413 misericordissi-

333 455 449 484 mam
479 440 734 484 bonitatem.
761 460 777 481 «
808 440 983 486 Salvum
1010 456 1079 485 me
1102 439 1231 485 facin
1253 451 1327 486 tua
1361 439 1667 484 misericordia.
1705 457 1725 481 »

400 514 476 556 IV.
499 532 520 555 «
541 513 742 567 Domine,
764 529 852 557 non
876 512 1138 566 confundar,
1159 514 1366 573 quoniam
1384 511 1581 557 invocavi
1604 513 1686 556 te¹.
1705 529 1726 554 »

336 586 543 642 Magnam
566 599 741 628 causam
764 582 894 639 dixit,
924 603 943 625 «
971 586 1067 628 Non
1089 583 1357 639 confundar,
1380 584 1587 644 quoniam
1605 583 1731 628 invo-

338 671 359 695 n
395 654 488 698 cavi
520 664 578 698 te.
608 673 628 695 »
654 655 728 699 Vis
752 664 801 698 ut
823 653 1123 699 confundatur
1145 655 1221 716 qui
1244 654 1462 699 invocavit
1487 655 1562 698 te?
1586 653 1659 697 Vis
1681 661 1731 698 ut

334 724 527 780 dicatur,
556 725 640 769 Ubi
663 734 727 769 est
749 725 803 769 de
834 741 925 786 quo
946 725 1254 785 praesumpsit?
1283 725 1388 779 Quis
1422 734 1568 769 autem
1600 724 1729 769 etiam

334 795 529 854 ipsorum
553 795 787 855 impiorum
813 811 902 840 non
926 796 1100 841 invocat
1125 797 1296 840 Deum?
1318 795 1408 842 Nisi
1431 810 1532 854 ergo
1556 794 1731 855 proprio

334 867 467 911 modo
489 866 683 927 quodam
709 866 893 923 diceret,
924 887 944 909 «
978 867 1182 912 Invocavi
1213 876 1280 922 te,
1313 887 1332 908 n
1364 867 1441 928 qui
1475 882 1564 910 non
1598 865 1732 926 possit

332 938 579 982 communis
602 954 691 983 esse
714 954 816 983 cum
839 938 1009 994 multis⁷
1040 939 1164 984 nullo
1198 938 1331 984 modo
1362 938 1416 983 de
1447 939 1530 984 hac
1557 938 1732 983 invoca-

334 1009 452 1053 tione
490 1019 657 1053 tantam
695 1009 943 1054 mercedem
984 1009 1165 1054 auderet
1202 1010 1386 1069 exigere.
1432 1008 1733 1069 Responderet

333 1080 449 1124 enim
481 1079 543 1124 illi
567 1084 680 1124 Deus
700 1080 894 1141 quodam
924 1081 1056 1126 modo
1090 1081 1136 1125 in
1158 1081 1442 1140 cogitatione,
1467 1090 1510 1125 et
1538 1079 1726 1126 diceret:

334 1151 452 1204 Quid
475 1168 497 1195 a
521 1167 590 1194 me
612 1152 737 1211 petis,
760 1160 809 1196 ut
824 1168 913 1196 non
935 1152 1250 1197 confundaris?
1273 1153 1449 1206 Quare?
1468 1151 1578 1205 Quia
1602 1151 1729 1196 invo-

332 1223 435 1266 casti
454 1225 553 1266 me?
570 1225 725 1268 Nonne
743 1223 940 1283 quotidie
958 1223 1173 1278 homines,
1192 1231 1241 1266 ut
1256 1222 1468 1282 impleant
1483 1221 1594 1267 forte
1610 1221 1732 1266 adul-

333 1293 439 1338 teria
461 1310 561 1354 quae
584 1294 917 1353 concupiscunt,
935 1294 1142 1339 invocant
1166 1296 1263 1338 me?
1282 1310 1428 1338 nonne
1443 1293 1640 1354 quotidie
1656 1294 1733 1338 ho-

332 1365 485 1419 mines,
508 1374 557 1408 ut
581 1366 820 1409 moriantur
842 1365 903 1409 illi
922 1383 944 1410 a
968 1366 1130 1426 quibus
1148 1375 1380 1425 expectant
1404 1365 1727 1421 haereditatem,

330 1437 536 1481 invocant
561 1440 660 1481 me?
678 1453 825 1481 nonne
847 1437 1045 1498 quotidie
1068 1439 1268 1482 homines
1291 1438 1366 1498 qui
1388 1436 1591 1482 fraudem
1613 1437 1732 1496 cogi-

333 1517 443 1563 tant,
461 1517 511 1551 ut
528 1523 620 1551 eam
640 1524 847 1568 prospero
864 1509 981 1553 exitu
999 1508 1262 1568 compleant,
1280 1509 1485 1553 invocant
1502 1510 1597 1553 me?
1614 1509 1732 1562 Quid

332 1594 433 1637 ergo
456 1588 519 1622 est
541 1579 662 1639 quod
683 1595 762 1638 pro
786 1595 940 1638 magna
965 1578 1165 1623 mercede
1188 1579 1337 1638 exigis,
1355 1588 1405 1623 ut
1427 1578 1563 1624 dicas:
1588 1598 1608 1620 «
1632 1582 1731 1625 Non

335 1670 355 1692 »
390 1649 658 1705 confundar,
684 1651 894 1710 quoniam
926 1650 1126 1695 invocavi
1148 1652 1222 1694 te?
1256 1669 1275 1691 »
1305 1653 1515 1695 Invocant
1549 1649 1730 1710 quidem

332 1720 410 1776 illi,
432 1720 507 1765 sed
525 1737 613 1765 non
636 1721 841 1765 invocant
864 1731 920 1765 te.
950 1725 1132 1766 Invocas
1156 1725 1311 1777 Deum,
1338 1720 1517 1782 quando
1535 1721 1579 1765 in
1598 1730 1639 1765 te
1659 1737 1730 1766 vo-

331 1808 401 1835 cas
422 1795 575 1835 Deum.
608 1794 702 1835 Hoc
724 1801 787 1835 est
811 1793 928 1835 enim
952 1792 1077 1835 illum
1108 1793 1332 1846 invocare,
1363 1790 1488 1836 illum
1518 1792 1562 1835 in
1586 1800 1628 1835 te
1651 1808 1730 1836 vo-

331 1877 451 1917 care,
483 1861 677 1922 quodam
702 1861 834 1906 modo
862 1878 960 1906 eum
991 1863 1035 1906 in
1070 1861 1249 1906 domum
1271 1861 1414 1906 cordis
1440 1862 1503 1906 tui
1527 1862 1726 1906 invitare.

332 1935 429 1978 Non
459 1943 605 1976 autem
642 1932 823 1977 auderes
845 1942 1015 1977 lantum
1038 1931 1395 1993 patremfamilias
1419 1933 1616 1988 invitare,
1648 1933 1729 1977 nisi

331 2021 475 2049 nosses
494 2006 531 2048 ei
547 2004 847 2049 habitaculum
872 2021 1132 2064 praeparare.
1154 2005 1197 2049 Si
1220 2004 1336 2048 enim
1358 2004 1435 2048 tibi
1455 2004 1570 2049 dicat
1588 2008 1723 2050 Deus:

329 2080 443 2121 Ecce
461 2077 672 2121 invocasti
695 2092 780 2131 me,
806 2077 934 2122 venio
958 2076 1013 2121 ad
1036 2086 1094 2132 te,
1121 2093 1210 2137 quo
1227 2076 1434 2121 intrabo?
1458 2080 1611 2120 Tantas
1633 2093 1727 2121 sor-

329 2147 405 2192 des
428 2148 706 2192 conscientiae
730 2158 817 2192 tuae
840 2147 1096 2191 sustinebo?
1121 2148 1162 2191 Si
1194 2162 1368 2191 servum
1397 2163 1543 2192 meum
1567 2148 1612 2191 in
1643 2146 1727 2192 do-

330 2235 452 2263 mum
475 2229 594 2263 tuam
617 2219 841 2273 invitares,
864 2235 1012 2262 nonne
1031 2218 1149 2278 prius
1168 2233 1263 2262 eam
1285 2205 1501 2262 'mundare
1522 2220 1728 2263 curares?

330 2293 510 2334 Invocas
542 2305 609 2333 me
631 2290 676 2333 in
698 2306 774 2333 cor
797 2299 945 2344 tuum,
973 2299 1015 2333 et
1048 2288 1228 2348 plenum
1251 2298 1315 2332 est
1338 2289 1511 2349 rapinis.
1539 2292 1638 2344 Quo
1658 2289 1727 2334 in-

330 2369 512 2404 vocatur
535 2363 647 2403 Deus
670 2359 850 2419 plenum
885 2370 948 2404 est
971 2358 1273 2419 blasphemiis,
1304 2358 1485 2418 plenum
1513 2368 1578 2403 est
1598 2359 1725 2405 adul-

331 2432 469 2485 teriis,
498 2432 677 2490 plenum
700 2439 763 2475 est
786 2430 1034 2485 fraudibus,
1056 2429 1238 2489 plenum
1260 2438 1324 2473 est
1347 2429 1468 2474 malis
1490 2431 1723 2490 concupis-

330 2504 502 2559 centiis,
526 2513 569 2547 et
590 2505 763 2548 invocas
792 2503 886 2548 me!
915 2506 976 2548 De
998 2502 1158 2547 talibus
1181 2502 1371 2563 denique
1403 2502 1510 2562 quid
1541 2502 1601 2548 ait
1633 2502 1720 2548 alio

380 2596 387 2611 ¹
412 2588 490 2621 psal.
512 2600 587 2629 xxx,
615 2589 665 2620 18⁷.
