1833 3284
447 231 688 260 ENARRATio
722 235 765 260 IN
801 232 1003 260 PSALMUM
1036 235 1130 259 vui.
1395 224 1475 261 195

97 317 118 340 »
152 300 296 343 maris.
317 317 337 340 »
359 301 519 344 Pecora
543 299 657 343 enim
678 299 835 358 campi5
855 297 1240 356 congruentissime
1256 288 1479 358 accipiun-

93 378 166 414 tur
187 369 386 414 homines
407 370 453 413 in
477 370 616 414 carnis
637 369 860 429 voluptate
883 368 1118 428 gaudentes
1138 390 1149 426 3
1174 369 1251 412 ubi
1278 369 1389 412 nihil
1411 385 1480 413 ar-

94 435 250 494 duum,
267 439 376 484 nihil
387 439 652 484 laboriosum
668 438 921 484 ascendunt.
938 441 1128 498 Campus
1143 448 1207 482 est
1221 439 1334 482 enim
1350 440 1480 483 etiam

93 509 181 555 lata
202 511 287 566 via,
313 527 413 571 quae
434 510 556 555 ducit
578 510 633 555 ad
656 510 906 554 interitum1
929 529 938 554 :
964 518 1007 553 et
1028 509 1072 552 in
1095 525 1249 568 campo
1270 509 1382 553 Abel
1404 526 1481 554 oc-

94 581 294 626 ciditur-².
317 585 461 636 Quare
482 581 770 626 metuendum
800 590 884 636 est,
914 597 970 625 ne
997 580 1182 641 quisque
1217 579 1482 626 descendens

94 667 119 696 a
141 653 364 697 montibus
377 653 558 713 justitiae
576 653 652 697 Dei
674 673 684 709 3
708 671 729 695 «
750 651 923 696 Justitia
945 652 1077 706 enim,
1094 650 1253 711 inquit,
1270 660 1345 695 tua
1362 650 1484 695 velut

97 739 118 763 n
153 732 323 767 montes
342 723 445 767 Dei³
463 759 474 779 ,
509 741 529 765 »
554 722 806 767 latitudines
829 732 873 766 et
894 721 1121 766 facilitates
1141 721 1377 781 voluptatis
1389 737 1484 765 car-

94 791 204 844 nalis
225 792 384 851 eligens
406 809 430 836 a
454 792 631 838 diabolo
652 792 910 838 trucidetur.
933 792 1043 836 Vide
1066 808 1185 836 nunc
1207 792 1337 836 etiam
1354 792 1483 837 volu-

95 862 333 918 cres-coeli,
364 863 595 923 superbos,
623 863 678 907 de
711 863 869 923 quibus
901 862 1061 907 dicitur
1089 882 1099 907 ι
1128 882 1148 905 «
1174 866 1420 907 Posuerunt
1439 863 1485 907 in

98 950 120 973 »
154 932 315 976 coelum
338 949 384 977 os
401 935 570 978 suum4.
594 952 614 975 η
636 933 746 977 Vide
769 949 899 994 quam
921 933 967 976 in
989 933 1126 977 altum
1149 944 1282 978 vento
1304 943 1484 993 porten-

95 1010 189 1057 tur,
220 1003 297 1063 qui
315 1002 485 1048 dicunt
512 1023 522 1048 :
559 1023 579 1046 «
612 1003 823 1061 Linguam
856 1013 1047 1047 nostram
1082 1004 1481 1062 magnificabimus,

98 1089 120 1113 »
153 1071 269 1117 labia
286 1082 432 1118 nostra
450 1074 568 1133 apud
586 1090 664 1118 nos
681 1083 797 1129 sunt,
819 1074 915 1134 quis
932 1083 1079 1118 noster
1096 1074 1308 1118 Dominus
1325 1077 1411 1118 est⁵
1427 1076 1444 1118 Ξ)
1463 1093 1480 1114 »

98 1145 276 1188 Intuere
298 1145 428 1189 etiam
445 1145 582 1205 pisces
603 1145 748 1201 maris⁷
769 1146 853 1189 hoc
872 1154 950 1199 cst,
975 1145 1164 1189 curiosos
1182 1166 1192 1202 3
1212 1146 1289 1206 qui
1312 1161 1485 1204 peram-

95 1212 255 1258 bulant
275 1215 446 1259 semitas
468 1215 612 1270 maris,
632 1214 679 1258 id
701 1224 779 1269 est,
800 1215 1028 1275 inquirunt
1051 1215 1095 1258 in
1118 1213 1340 1274 profundo
1357 1216 1486 1275 hujus

91 1283 245 1328 saeculi
268 1284 522 1345 temporalia
541 1304 550 1330 ε
572 1301 671 1346 quae
694 1295 900 1346 tanquam
920 1285 1085 1329 semitae
1103 1286 1147 1329 in
1164 1286 1272 1329 mari
1295 1295 1380 1329 tam
1400 1286 1486 1330 cito

97 1365 363 1401 evanescunt
384 1365 427 1400 et
446 1357 691 1409 intereunt,
712 1372 844 1417 quam
867 1372 1014 1400 rursus
1044 1373 1157 1416 aqua
1180 1356 1483 1411 confunditur,

96 1436 329 1488 postquam
363 1429 688 1473 transeuntibus
721 1428 870 1473 locum
903 1427 1072 1472 dederit
1099 1427 1166 1472 vel
1202 1429 1386 1473 navibus
1417 1427 1487 1473 vel

97 1498 449 1559 quibuscumque
463 1498 792 1543 ambulantibus
805 1508 879 1543 aut
894 1499 1165 1543 natantibus.
1185 1502 1282 1544 Non
1296 1499 1412 1543 enim
1429 1499 1488 1543 ait

98 1577 287 1624 tantum,
307 1588 328 1611 «
343 1569 584 1614 Ambulant
601 1569 773 1614 semitas
790 1570 940 1627 maris3
958 1591 974 1611 »
994 1568 1084 1623 scd,
1101 1588 1120 1611 «
1140 1569 1450 1613 Perambulant
1465 1588 1484 1611 »

96 1638 221 1694 dixit,
234 1640 466 1684 ostendens
479 1641 869 1700 pertinacissimum
885 1639 1079 1684 studium
1090 1640 1235 1684 inania
1248 1649 1290 1683 et
1304 1650 1485 1699 praeter-

98 1709 280 1754 fluentia
306 1710 590 1771 requirentia.
620 1714 724 1756 Haec
753 1720 900 1755 autem
921 1711 1055 1754 trium
1077 1726 1235 1770 genera
1257 1710 1484 1766 vitiorum,

98 1780 145 1824 id
175 1790 260 1836 est,
279 1780 480 1841 voluptas
505 1782 667 1838 carnis,
689 1792 732 1826 et
753 1782 978 1842 superbia,
1005 1790 1048 1825 et
1069 1781 1316 1836 curiositas,
1342 1782 1488 1826 omnia

98 1860 275 1911 peccata
303 1851 590 1897 concludunt.
617 1855 726 1906 Quae
752 1853 860 1897 mihi
888 1852 1094 1896 videntur
1125 1868 1149 1896 a
1170 1854 1337 1896 Joanne
1360 1868 1489 1912 apos-

99 1920 190 1966 tolo
212 1933 486 1978 enumerata,
509 1938 611 1967 cum
642 1923 748 1967 dicit
778 1943 787 1967 :
818 1942 838 1965 «
862 1922 1006 1967 Nolite
1037 1921 1218 1981 diligere
1246 1922 1487 1978 mundum,

102 2009 124 2032 »
159 1992 368 2051 quoniam
399 1993 543 2037 omnia
572 2009 672 2053 quae
704 1993 752 2036 in
783 1991 950 2036 mundo
980 2001 1103 2046 sunt,
1138 1993 1488 2051 concupiscentia

103 2079 124 2103 »
153 2063 298 2106 ‘carnis
321 2071 405 2118 est,
431 2072 474 2107 et
495 2063 845 2123 concupiscentia
867 2062 1118 2117 oculorum⁷
1144 2071 1188 2106 et
1209 2063 1387 2108 ambitio
1410 2079 1492 2108 sae-

103 2149 124 2173 »
159 2131 288 2176 culi6.
317 2149 338 2173 »
372 2135 454 2176 Per
480 2132 628 2177 oculos
662 2133 779 2176 enim
805 2132 989 2176 maxime
1011 2132 1234 2176 curiositas
1263 2133 1486 2191 praevalet.

100 2201 286 2261 Reliqua
309 2217 411 2247 vero
433 2219 522 2263 quo
544 2203 814 2263 pertineant,
834 2202 1113 2246 manifestum
1138 2212 1217 2247 est.
1235 2206 1292 2247 Et
1314 2203 1386 2248 illa
1404 2207 1493 2249 Do-

101 2273 250 2317 minici
275 2273 462 2317 hominis
485 2275 668 2318 tentatio
689 2274 902 2334 tripertita
931 2283 995 2318 est
1016 2293 1024 2318 :
1049 2289 1127 2333 per
1149 2274 1293 2317 cibum
1311 2309 1321 2327 ‚
1342 2275 1387 2318 id
1405 2284 1490 2331 est,

101 2358 180 2403 per
202 2344 597 2403 concupiscentiam
618 2344 779 2400 carnis,
800 2344 876 2388 ubi
897 2344 1168 2402 suggeritur:
1196 2363 1214 2385 «
1237 2344 1313 2388 Dic
1333 2345 1493 2404 lapidi-

105 2431 126 2454 »
162 2413 243 2458 bus
265 2414 356 2458 istis
378 2423 427 2458 ut
445 2430 578 2474 panes
600 2415 732 2458 fiant⁷
754 2434 763 2459 ε
786 2433 806 2455 υ
828 2429 905 2474 per
924 2415 1098 2457 inanem
1117 2414 1388 2474 jactantiam,
1412 2416 1491 2459 ubi

151 2516 161 2532 ¹
186 2509 301 2542 Matth.
328 2520 388 2551 vn,
413 2510 463 2541 13.
487 2527 530 2532 ν-
556 2516 569 2531 ²
596 2511 674 2542 Gen.
695 2520 743 2550 ιν,
763 2509 792 2540 3.
822 2526 864 2531 -—
886 2506 899 2530 3
922 2507 1000 2540 Psal.
1021 2520 1117 2550 xxxv,
1137 2516 1165 2541 7.
1185 2526 1226 2531 -
1241 2508 1257 2535 4
1275 2510 1321 2541 Id.
1341 2521 1436 2553 mom,
1456 2514 1487 2544 9.

106 2581 148 2589 -
165 2563 298 2608 ⁵111.x1‚
315 2565 347 2598 5.
367 2582 409 2588 -
423 2563 438 2587 6
461 2577 473 2597 1
496 2567 639 2607 Joan.11‚
658 2564 710 2605 15,
733 2565 783 2596 16.
809 2582 849 2588 —
873 2572 886 2597 7
906 2564 1086 2605 Matth.1v‚
1103 2565 1134 2596 3.

1211 2620 1273 2659 13.
