1833 3284
396 250 641 281 ENARRATIO
672 254 705 281 11
737 255 784 281 IN
814 251 1018 282 PsALMUM
1049 254 1176 281 XVIII.
1391 240 1477 280 267

95 340 114 364 »
149 319 251 364 exiit
266 334 398 364 sonus
411 334 561 363 eorum
572 354 583 374 ,
600 319 703 364 etin
718 320 825 364 fines
839 320 954 365 orbis
966 321 1227 364 terraeverba
1240 332 1392 365 eorum
1405 320 1434 362 ¹.
1457 338 1474 359 »

90 393 304 446 Quorum,
324 390 407 434 nisi
423 389 653 435 coelorum.
673 393 871 444 Quorum
895 405 1020 449 ergo,
1042 389 1122 433 nisi
1138 388 1479 448 Apostolorum?

89 462 177 521 Ipsi
190 470 393 506 enarrant
404 461 528 506 nobis
542 460 722 520 gloriam
732 461 824 516 Dei,
837 461 1021 522 positam
1032 460 1076 504 in
1086 459 1259 504 Christo
1271 462 1295 503 J
1299 475 1389 515 esu,
1401 475 1479 519 per

90 534 271 593 gratiam
288 535 333 578 in
347 533 641 578 remissionem
660 543 954 593 peccatorum.
980 552 999 575 «
1019 532 1179 576 Omnes
1193 532 1311 575 enim
1325 547 1480 591 pecca—

91 622 112 646 »
127 613 302 661 verunt,
313 613 356 648 et
368 613 495 663 egent
509 604 641 663 gloria
652 604 744 658 Dei,
756 603 978 664 justificati
994 602 1122 662 gratis
1135 617 1212 661 per
1225 602 1479 660 sanguinem

91 693 111 717 »
128 675 301 735 ipsius2.
325 693 345 716 »
368 675 478 728 Quia
502 675 630 733 gratis
647 711 658 730 ,
684 674 782 718 ideo
804 674 952 732 gratia.
974 676 1072 719 Non
1101 682 1165 717 est
1184 673 1299 716 enim
1317 672 1450 731 gratia
1464 708 1475 728 ,

88 747 123 791 si
145 762 233 791 non
257 748 457 805 gratuita.
484 746 594 800 Quia
612 746 722 790 nihil
745 747 849 790 boni
871 755 972 790 ante
993 744 1257 800 feceramus,
1275 744 1394 789 unde
1413 753 1479 789 ta-

87 817 145 866 lia
167 818 282 863 dona
301 833 568 862 mereremur
583 837 590 863 :
604 819 739 877 magis
751 818 852 878 quia
866 833 955 861 non
979 817 1106 875 gratis
1128 815 1361 860 inferretur
1374 831 1480 875 sup-

87 888 267 949 plicium
284 925 295 945 ,
315 889 416 933 ideo
439 890 568 948 gratis
589 889 832 949 praestitum
846 897 909 932 est
931 888 1209 932 beneficium.
1235 887 1351 932 Nihil
1366 903 1480 947 prae-

88 970 274 1005 cesserat
293 961 340 1004 in
360 960 522 1004 meritis
545 961 701 1005 nostris
716 996 726 1015 ,
752 960 833 1004 nisi
855 959 972 1004 uncle
988 959 1186 1003 damnari
1202 958 1475 1003 deberemus.

87 1030 168 1075 Ille
195 1040 341 1075 autem
374 1047 463 1075 non
486 1039 665 1091 propter
695 1040 890 1075 nostram
919 1029 1133 1090 justitiam
1152 1065 1162 1083 ,
1194 1028 1267 1073 sed
1302 1038 1509 1089 propter·

88 1117 212 1146 suam
233 1101 567 1146 misericordiam
582 1101 720 1149 salvos
742 1117 819 1145 nos
835 1100 940 1153 fecit
962 1116 1039 1160 per
1059 1100 1278 1144 lavacrum
1301 1115 1482 1159 regene-

89 1173 309 1217 rationisss.
333 1176 436 1217 Haec
455 1182 533 1228 est,
553 1173 751 1233 inquam,
771 1165 903 1230 gloria
922 1173 996 1216 Dei
1014 1193 1024 1229 3
1044 1173 1158 1216 hanc
1180 1171 1279 1215 coeli
1305 1186 1481 1214 enarra-

87 1253 261 1289 verunt.
309 1247 414 1289 Haec
446 1253 536 1299 est,
577 1244 785 1304 inquam,
823 1243 956 1301 gloria
985 1244 1084 1298 Dei,
1115 1258 1205 1287 non
1236 1252 1326 1287 tua.
1362 1242 1482 1288 Nihil

87 1315 203 1360 enim
238 1316 342 1360 boni
370 1315 529 1371 fecisti,
553 1326 597 1361 et
624 1324 771 1359 tamen
794 1324 965 1359 tantum
994 1315 1162 1359 bonum
1191 1314 1409 1373 accepisti.
1438 1314 1481 1359 Si

86 1402 190 1446 ergo
207 1385 396 1447 pertines
414 1385 469 1430 ad
482 1386 662 1445 gloriam
686 1401 818 1447 quam
838 1385 936 1430 coeli
952 1394 1280 1439 enarraverunt,
1302 1384 1372 1430 dic
1390 1388 1480 1429 Do-

85 1458 206 1503 mino
235 1461 325 1502 Deo
347 1467 424 1502 tuo
447 1477 456 1502 :
489 1475 505 1498 «
527 1460 642 1501 Deus
664 1472 787 1501 meus
812 1456 1103 1501 misericordia
1126 1456 1217 1517 ejus
1244 1455 1482 1516 praeveniet

89 1547 110 1570 »
145 1544 216 1572 me
231 1529 262 1583 4,
292 1549 309 1571 »
339 1529 557 1573 Praevenit
576 1528 692 1572 enim
716 1537 758 1571 te
783 1547 790 1572 :
817 1528 969 1588 utique
987 1528 1219 1587 praevenit,
1247 1527 1348 1587 quia
1371 1527 1482 1572 nihil

85 1599 131 1643 in
170 1607 213 1643 te
255 1599 361 1643 boni
392 1599 573 1643 invenit.
611 1598 863 1643 Praevenisti
903 1598 1167 1658 supplicium
1198 1600 1290 1659 ejus
1327 1614 1481 1658 super—

86 1669 250 1715 biendo
270 1689 279 1715 ε
298 1669 378 1714 >ille
395 1670 604 1730 praevenit
636 1669 899 1730 supplicium
921 1680 1048 1714 tuum
1071 1679 1247 1730 peccata
1271 1669 1477 1715 delendo.

89 1745 316 1803 Tanquam
347 1742 462 1786 enim
496 1757 548 1786 ex
574 1751 801 1802 peccatore
823 1742 1086 1802 justificatus
1103 1777 1113 1797 ,
1144 1757 1196 1785 ex
1222 1741 1357 1801 impio
1384 1742 1482 1801 pius

52 1833 54 1836 ·
86 1812 251 1869 faetus,
291 1828 342 1857 ex
369 1812 576 1857 damnato
609 1813 655 1856 in
684 1827 867 1870 regnum
901 1822 1172 1872 assumptus,
1201 1811 1272 1857 dic
1296 1813 1482 1858 Domino

87 1886 274 1928 Deotuo
300 1903 309 1928 :
348 1901 366 1924 «
393 1886 491 1928 Non
513 1883 640 1928 nobis
655 1919 666 1938 ,
687 1883 871 1928 Domine
890 1919 901 1939 ,
927 1899 1017 1927 non
1038 1883 1164 1927 nobis
1178 1919 1194 1938 ,
1219 1882 1295 1927 sed
1314 1883 1481 1928 nomini

91 1939 223 1999 »⁴tuo
252 1954 308 1999 da
344 1953 569 2012 gloriam5.
599 1974 617 1995 »
653 1955 881 2009 Dicamus,
927 1957 1059 1999 «Non
1092 1954 1232 1998 nobis.
1264 1973 1281 1995 »
1315 1954 1483 2007 Quibus

87 2025 204 2070 enim
233 2025 267 2069 si
288 2025 410 2085 quasi
433 2025 591 2069 nobis?
614 2026 836 2080 Dicamus,
872 2025 1054 2085 inquam
1072 2060 1082 2080 ,
1117 2044 1133 2065 «
1154 2028 1252 2070 Non
1275 2025 1429 2070 nobis:
1459 2045 1477 2068 »

87 2094 189 2156 quia
213 2095 249 2139 si
275 2095 335 2139 ita
362 2094 526 2139 faceret
557 2095 669 2140 sicut
701 2095 846 2149 nobis,
888 2095 1062 2139 nonnisi
1089 2110 1243 2154 poenas
1266 2095 1483 2155 infligeret

87 2165 229 2211 nobis.
260 2185 281 2209 «
300 2169 399 2211 Non
419 2166 571 2218 nobis,
593 2165 668 2210 sed
692 2167 860 2211 nomini
881 2183 959 2211 suo
984 2166 1057 2211 det
1080 2166 1261 2226 gloriam
1284 2186 1293 2211 :
1322 2185 1341 2208 >›
1379 2167 1481 2228 quia

87 2253 178 2282 non
210 2237 451 2282 secundum
475 2238 724 2299 iniquitates
748 2247 915 2283 nostras
940 2237 1044 2283 fecit
1065 2238 1235 2282 nobisss.
1256 2241 1355 2283 Non
1377 2253 1480 2297 ergo

88 2308 236 2364 nobis,
279 2308 484 2363 Domine,
519 2324 610 2353 non
646 2309 785 2353 nobis.
827 2309 1044 2368 Repetitio
1085 2309 1359 2353 confirmatio
1398 2318 1475 2352 est.

93 2397 113 2421 «
136 2382 235 2425 Non
252 2379 376 2424 nohis
391 2414 402 2434 ,
425 2380 608 2424 Domine
624 2415 635 2435 ,
656 2379 731 2424 sed
753 2381 921 2424 nomini
942 2389 1020 2424 tuo
1042 2379 1097 2425 da
1117 2379 1314 2439 gloriam.
1345 2399 1362 2421 »
1386 2382 1479 2424 Hoc

84 2449 149 2494 illi
176 2458 388 2495 noverant
407 2449 531 2505 coeli,
556 2451 634 2511 qui
650 2460 964 2496 enarraverunt
987 2451 1168 2511 gloriam
1192 2451 1285 2495 Dei.

135 2554 144 2570 ¹
164 2546 245 2580 Psal.
260 2558 353 2589 xvm,
368 2545 400 2589 4.
420 2565 461 2570 -
477 2555 490 2571 ²
504 2550 596 2580 Rom.
615 2559 661 2589 111,
680 2549 734 2582 23.
751 2565 793 2571 —-
814 2547 826 2571 3
851 2549 911 2580 Tit..
934 2559 983 2590 111,
1001 2547 1033 2580 5.
1052 2565 1092 2571 —
1111 2546 1127 2578 4
1142 2547 1223 2580 Psal.
1248 2559 1338 2589 Lvni,
1363 2559 1413 2580 11.
1429 2564 1471 2569 —

87 2601 102 2624 ⁵
119 2602 269 2645 Id.cx1n‚
288 2605 324 2635 H.
350 2615 378 2634 1.
411 2620 440 2626 -—
457 2601 473 2626 6
491 2603 538 2636 Id.
558 2614 617 2642 cn,
636 2614 687 2636 ιο.
