1833 3284
397 155 478 190 :372
828 160 859 185 s.
899 161 1126 185 :uersum
1163 159 1340 186 Episcopi

394 237 576 280 1X).).2''7·.1⁴l.‘.·‚‚
599 227 641 270 id
658 236 714 269 est
725 261 734 279 ,
747 225 999 284 alienigenae
1014 240 1167 284 capere
1182 224 1391 285 populum
1404 222 1548 277 lsrael,
1564 223 1665 282 quia
1680 237 1780 281 pet·—

391 306 601 340 caverunt
620 296 662 339 in
684 299 820 339 Deum
835 297 862 338 ¹.
890 296 956 339 Ad
984 296 1286 354 probationem
1309 304 1454 338 autem
1473 293 1703 353 permissus
1718 299 1782 334 est

389 367 590 411 diabolus
614 368 655 411 in
675 366 760 411 Job
782 385 790 410 :
809 366 1016 426 probatus
1030 375 1092 409 est
1106 365 1232 420 Job‘2,
1258 365 1465 410 confusus
1487 373 1550 408 est
1564 361 1775 406 diabolus.

390 437 458 483 Ad
469 453 672 483 eoronam
683 453 784 482 vero
794 437 986 497 permissi
998 453 1045 480 su
1052 446 1100 480 nt
1110 452 1282 496 persecu
1289 447 1400 481 tores
1410 437 1453 480 in
1462 438 1673 492 Martyres
1687 453 1695 478 :
1707 449 1781 478 oc—

389 509 463 554 cisi
481 519 582 553 sunt
605 512 832 566 Martyres,
859 508 980 568 quasi
1003 507 1152 551 vicisse
1173 524 1216 551 sc
1239 507 1434 551 arbitrati
1455 515 1557 550 sunt
1579 520 1780 565 persecu-

392 591 502 626 tores
526 601 533 625 :
560 579 621 624 illi
641 580 684 624 in
703 578 934 623 manifesto
956 577 1065 623 falso
1090 579 1430 639 triumpharunt,
1457 577 1517 622 illi
1540 577 1583 621 in
1606 575 1779 621 occulto

387 667 487 696 vere
520 650 714 695 coronati
753 658 868 694 sunt.
909 652 1026 708 Ergo
1052 649 1096 692 in
1119 665 1250 709 quem
1278 649 1558 710 permittitur,
1595 645 1778 691 occultae

385 721 717 781 dispensationis
738 720 1099 781 estprovidentiae
1115 721 1188 765 Dei
1208 730 1282 765 :ut
1304 730 1449 765 autem
1471 718 1576 764 velit
1599 733 1777 772 nocere,

386 792 520 852 ‚ipsius
542 791 730 836 hominis
753 800 837 847 est,
859 807 947 835 non
969 791 1084 835 enim
1110 792 1320 836 continuo
1337 805 1466 852 quem
1487 788 1581 833 vult
1604 787 1776 833 occidit.

448 866 546 906 Vll.
567 862 820 923 Itaqueipse
834 861 1042 906 Dominus
1059 860 1192 922 judex
1212 862 1412 907 vivorum
1427 871 1467 906 et
1486 870 1777 913 mortuorum,

386 943 502 978 stans
526 942 626 977 ante
659 932 880 976 hominem
903 932 1094 992 judicem
1109 968 1119 987 ,
1146 933 1345 993 prsebens
1368 932 1495 977 nobis
1524 930 1781 975 humilitatis

385 1014 427 1048 et
443 1004 664 1064 patientiae
682 1002 999 1048 documentum
1013 1038 1023 1058 ,
1046 1019 1134 1047 non
1148 1003 1302 1057 victus,
1323 1003 1398 1047 sed
1411 1001 1537 1046 militi
1556 999 1782 1061 pugnandi

384 1075 631 1136 exemplum
651 1075 967 1129 demonstrans,
994 1073 1336 1135 minantijudiei,
1355 1074 1539 1118 tumenti
1561 1072 1778 1131 superbia,

385 1157 428 1192 et
463 1147 626 1191 dicenti
660 1167 669 1192 ι
715 1167 734 1189 «
761 1146 905 1192 Nescis
938 1146 1039 1207 quia
1068 1155 1326 1206 potestatem
1358 1146 1498 1189 habeo
1533 1142 1781 1188 dimittendi

389 1238 408 1260 »
447 1228 489 1263 ct
512 1217 739 1262 occidendi
766 1220 832 1261 te?
858 1236 876 1257 >1
901 1217 1082 1261 abstulit
1102 1226 1256 1277 typum
1280 1217 1485 1268 inflantis,
1514 1225 1558 1259 et
1573 1224 1782 1276 tanquam

386 1288 574 1334 reddens
589 1289 766 1332 exsuffla
776 1288 935 1332 tionem
952 1304 1037 1348 qua
1052 1287 1395 1332 detumesceret:
1424 1308 1443 1330 «
1462 1290 1558 1332 Non
1576 1286 1757 1331 haberes
1768 1321 1779 1341 ,

389 1380 409 1402 »
436 1360 591 1421 inquit,
606 1360 650 1403 in
671 1374 739 1403 me
762 1368 1038 1419 potestatem,
1064 1359 1145 1402 nisi
1166 1358 1266 1403 data
1290 1359 1367 1403 tibi
1389 1369 1499 1404 esset
1511 1359 1736 1419 desuper3.
1758 1377 1778 1400 »

387 1436 444 1477 Et
460 1432 562 1486 Job,
579 1433 765 1490 (nempe
779 1428 980 1474 diabolus
994 1429 1155 1474 occidit
1175 1429 1286 1475 filios
1303 1430 1452 1490 ipsius,
1469 1429 1666 1475 diabolus
1681 1429 1783 1474 tulit

386 1517 562 1549 omnem
577 1501 864 1545 substantiam
878 1500 1026 1560 ipsius,
1041 1503 1058 1559 )
1072 1510 1114 1544 et
1129 1500 1201 1545 ille
1219 1501 1352 1561 quid?
1375 1522 1393 1543 «
1410 1502 1620 1546 Dominus
1642 1501 1778 1556 dedit,

388 1592 407 1615 »
431 1573 643 1617 Dominus
662 1571 857 1625 abstulit,
880 1572 1189 1616 sieutDomino
1203 1570 1365 1631 placuit
1379 1572 1436 1615 ita
1450 1570 1611 1616 factum
1631 1581 1709 1627 est,
1727 1573 1782 1617 sit

386 1665 405 1686 »
432 1660 594 1689 nomen
607 1643 781 1688 Domini
798 1643 1126 1687 benedictum.
1149 1663 1168 1685 »
1187 1646 1284 1688 Non
1299 1644 1540 1704 triumphet
1559 1644 1776 1700 inimicus,

386 1715 489 1776 quia
512 1715 601 1774 ipse
632 1712 733 1758 secit
759 1733 767 1757 z
795 1714 894 1758 novi
921 1729 1024 1772 ego,
1062 1714 1230 1774 inquit,
1266 1730 1288 1758 a
1323 1731 1412 1774 quo
1434 1715 1486 1758 sit
1514 1715 1745 1774 permissus
1769 1734 1777 1759 :

386 1785 564 1831 diabolo
580 1784 799 1828 tribuatur
817 1783 1004 1828 nocendi
1020 1784 1237 1834 voluntas,
1258 1786 1442 1829 Domino
1455 1801 1553 1829 mco
1566 1785 1782 1845 probandi

388 1867 591 1919 potestas.
612 1859 663 1899 In
678 1855 769 1915 ipso
785 1855 965 1899 vulnere
982 1856 1173 1915 corporis
1187 1855 1354 1900 accedit
1369 1872 1475 1901 uxor
1493 1855 1654 1912 relicta,
1672 1858 1783 1902 sicut

388 1934 495 1985 Eva,
515 1928 700 1989 adjutrix
720 1926 900 1982 diaboli,
919 1943 1007 1972 non
1026 1927 1285 1972 consolatrix
1305 1928 1469 1985 mariti,
1491 1938 1645 1984 tentat,
1660 1939 1701 1974 ct
1720 1929 1782 1974 di-

387 2001 446 2045 cit
468 2001 582 2044 inter
605 1998 761 2043 multas
785 1999 1102 2058 increpationes
1127 2018 1134 2043 :
1166 2019 1186 2041 «
1214 1999 1289 2043 Die
1318 1998 1496 2060 aliquod
1526 2000 1706 2044 verbum
1736 2001 1781 2044 in

392 2092 412 2114 »
442 2076 580 2117 Deum
597 2106 607 2126 ,
634 2080 678 2114 et
700 2072 911 2114 moi·ere'⁰.
937 2088 956 2110 >›
979 2072 1035 2114 Et
1052 2069 1124 2113 ille
1151 2069 1290 2113 Adam
1315 2071 1359 2113 in
1381 2078 1570 2115 stercore
1594 2071 1777 2126 cautior,

389 2160 522 2206 quam
538 2141 679 2187 Adam
695 2141 738 2185 in
761 2139 976 2201 paradiso.
1004 2143 1110 2185 Nam
1131 2140 1271 2185 Adam
1291 2141 1335 2185 in
1350 2142 1549 2201 paradiso
1566 2143 1782 2188 consensit

390 2214 607 2268 mulieri0,
621 2221 670 2256 ut
683 2211 737 2256 de
751 2210 948 2271 paradiso
966 2211 1238 2256 emitteretur
1254 2232 1262 2256 ε
1278 2212 1416 2257 Adam
1433 2214 1476 2257 in
1498 2223 1686 2259 stercore
1699 2229 1782 2258 res-

389 2286 484 2347 puit
506 2284 731 2328 mulierem
745 2318 755 2338 ,
782 2292 831 2326 ut
853 2283 908 2326 ad
930 2281 1175 2342 paradisum
1199 2283 1517 2328 admitteretur.
1537 2284 1656 2338 Quid
1677 2300 1780 2345 ergo

389 2356 462 2401 ille
480 2353 621 2400 Adam
644 2354 690 2398 in
709 2362 895 2398 stercore
917 2353 1162 2412 parturiens
1185 2354 1555 2399 immortalitatem
1575 2355 1779 2400 intrinse—

437 2455 444 2470 ¹
469 2452 573 2485 Ju-lic.
594 2463 625 2493 x,
646 2462 678 2493 7,
703 2456 736 2483 et
753 2461 822 2491 xm,
845 2462 875 2487 ι,
896 2455 961 2482 etc.
983 2467 1023 2473 —
1041 2450 1131 2482 ²Job.
1152 2463 1173 2492 1,
1194 2460 1242 2483 12.
1264 2466 1305 2474 -α
1330 2449 1543 2494 3Joan.x1x,
1570 2463 1632 2494 ιο,
1665 2464 1716 2486 ιι.
1737 2471 1779 2477 —-

392 2509 408 2536 4
437 2509 513 2542 Job.
534 2520 564 2549 1,
589 2517 642 2540 21.
665 2525 705 2530 —
724 2505 916 2549 ⁵1‹1.11‚9.
950 2523 991 2528 --
1012 2504 1155 2538 “Genes
1174 2519 1221 2548 ιιι,
1242 2506 1273 2549 ’1.

797 2556 804 2566 t
