1833 3284
374 203 456 244 464
805 214 840 244 s.
876 214 1106 245 Aucusnm
1141 217 1322 245 EPISCOP1

374 300 394 323 n
430 281 731 339 probationem
748 317 759 338 ,
780 283 982 343 probatio
998 298 1102 328 vero
1115 298 1235 342 spem
1247 318 1257 338 ‚
1278 298 1373 343 spes
1387 291 1534 327 autem
1552 298 1642 328 non
1659 299 1761 330 con-

373 371 392 393 »
429 351 596 407 fundit,
618 353 720 414 quia
743 355 927 420 charitas
948 355 1024 399 Dei
1047 354 1206 399 diffusa
1228 364 1292 399 est
1314 355 1359 398 in
1381 354 1587 400 cordibus
1604 356 1761 401 nostris

372 443 392 466 »
428 440 505 484 per
528 425 733 485 Spiritum
755 436 954 471 sanctum
977 427 1053 487 qui
1070 425 1195 471 datus
1219 442 1262 471 es
1283 427 1409 472 nobis
1426 429 1456 471 ².
1486 445 1506 469 n

427 497 590 540 XXVI.
629 497 697 541 Sic
728 507 792 541 est
826 513 930 557 ergo
960 506 1127 541 rectum
1156 513 1245 552 cor,
1279 496 1447 542 fratres.
1488 498 1761 559 Cuicumque

368 565 535 627 aliquid
556 567 712 612 accidit
731 567 869 613 dicat:
887 589 906 611 «
923 569 1134 614 Dominus
1155 568 1292 623 dedit,
1308 569 1518 613 Dominus
1535 569 1756 614 abstulit.»

368 640 480 682 Ecce
502 649 669 683 rectum
690 655 764 684 cor
785 659 793 684 z
820 659 839 681 «
860 640 980 685 Sicut
999 640 1183 684 Domino
1197 638 1377 699 placuit,
1404 641 1461 684 ita
1476 638 1642 684 factum
1663 650 1727 685 est
1748 659 1757 686 ε

369 726 390 749 »
425 709 479 753 sit
508 725 670 754 nomen
694 711 865 755 Domini
884 710 1165 755 benedictum
1177 714 1210 753 ².
1241 730 1258 750 ν)
1296 711 1400 764 Quis
1423 710 1633 756 abstulit?
1654 710 1762 771 quid

366 779 578 824 abstulit?
614 781 685 825 cui
721 780 932 825 abstulit?
954 780 1132 842 quando
1162 781 1368 825 abstulit?
1400 781 1463 827 Sit
1490 797 1651 830 nomen
1673 785 1762 826 Do-

365 850 472 894 mini
494 851 790 896 benedictum.
818 855 875 897 Et
896 868 986 896 non
1008 851 1137 907 dixit,
1164 852 1374 896 Dominus
1397 851 1533 907 dedit,
1559 851 1760 897 diabolus

365 921 557 966 abstulit.
592 922 797 967 Intendat
818 939 921 982 ergo
944 923 1139 968 Charitas
1162 925 1336 978 Vestra,
1363 939 1418 967 ne
1440 922 1553 968 forte
1576 922 1754 968 dicatis:

366 995 471 1036 Haec
506 993 615 1037 mihi
646 993 846 1038 diabolus
874 993 992 1038 fecit.
1023 997 1202 1038 Prorsus
1233 994 1287 1038 ad
1318 998 1456 1039 Deum
1485 1004 1612 1038 tuum
1647 993 1760 1038 refer

366 1063 590 1122 flagellum
609 1073 756 1119 tuum,
786 1065 888 1125 quia
910 1080 990 1108 nec
1012 1063 1213 1109 diabolus
1236 1064 1317 1108 tibi
1337 1064 1504 1125 aliquid
1527 1063 1652 1120 facit,
1678 1064 1760 1109 nisi

364 1135 438 1179 ille
456 1136 678 1195 permittat
695 1137 772 1197 qui
794 1136 980 1196 desuper
1002 1137 1134 1181 habet
1156 1146 1415 1196 potestatem
1433 1173 1443 1191 ,
1470 1146 1544 1181 aut
1573 1136 1628 1181 ad
1660 1152 1760 1197 poe-

365 1221 490 1261 nam,
518 1216 593 1251 aut
621 1208 677 1251 ad
698 1206 972 1267 disciplinam
1000 1227 1008 1252 :
1034 1206 1089 1251 ad
1112 1223 1288 1266 poenam
1316 1207 1462 1267 impii,
1489 1206 1543 1251 ad
1567 1207 1760 1267 discipli-

365 1293 467 1321 nam
481 1277 571 1321 filii.
602 1298 621 1320 «
640 1278 855 1337 Flagellat
868 1288 1015 1323 autem
1032 1293 1207 1322 omnem
1220 1278 1360 1322 filium
1378 1293 1509 1338 quem
1524 1278 1676 1338 recipit
1687 1280 1719 1321 3.
1735 1296 1756 1320 »

364 1350 427 1393 Ne
461 1357 504 1392 te
532 1349 623 1393 sine
652 1348 825 1408 flagello
848 1365 990 1409 speres
1008 1349 1235 1404 futurum,
1261 1350 1341 1393 nisi
1365 1348 1477 1394 forte
1500 1350 1662 1408 cogitas
1683 1366 1759 1393 ex-

365 1419 594 1463 haeredari.
608 1418 1004 1478 Flagellatomnem
1019 1420 1157 1464 filium
1166 1435 1295 1480 quem
1312 1420 1480 1480 recipit.
1496 1423 1642 1464 Ita-ne
1660 1436 1757 1466 om-

365 1492 492 1535 nem?
516 1490 600 1535 Ubi
629 1500 671 1534 te
693 1490 869 1535 volebas
892 1490 1187 1536 abscondere?
1204 1492 1391 1535 Omnem
1417 1510 1425 1535 :
1452 1500 1496 1535 et
1512 1491 1660 1535 nullus
1682 1507 1758 1536 ex-

363 1571 540 1621 ceptus,
573 1561 720 1606 nullus
756 1563 846 1608 sine
879 1561 1050 1620 flagello
1074 1562 1168 1605 erit.
1196 1560 1343 1615 Quid?
1370 1560 1425 1605 ad
1454 1577 1627 1606 omnem
1643 1564 1659 1606 Ρ
1682 1563 1758 1607 Vis

363 1633 513 1677 audire
545 1650 679 1694 quam
701 1637 906 1678 omnem?
936 1635 1080 1678 Etiam
1112 1634 1273 1678 Unicus
1306 1633 1397 1677 sine
1426 1642 1630 1693 peccato,
1664 1649 1757 1679 non

364 1714 511 1748 tamen
531 1705 622 1749 sine
647 1705 834 1764 flagello.
863 1704 986 1749 Unde
1017 1706 1107 1764 ipse
1137 1704 1299 1749 Unicus
1321 1713 1497 1764 portans
1528 1705 1758 1749 infirmita-
1815 1695 1818 1698 ⁴

366 1785 450 1819 tem
470 1784 590 1819 tuam
607 1811 618 1830 ,
641 1785 684 1819 et
705 1776 988 1835 praefigurans
1006 1775 1052 1818 in
1073 1791 1117 1819 se
1134 1790 1362 1834 personam
1376 1784 1497 1818 tuam
1516 1810 1527 1829 ,
1547 1784 1758 1835 tanquam

363 1855 495 1905 caput
519 1855 688 1904 gestans
711 1861 939 1905 personam
963 1846 1091 1889 etiam
1125 1845 1317 1905 corporis
1345 1846 1437 1900 sui,
1469 1860 1569 1889 cum
1593 1862 1756 1906 appro-

363 1918 596 1978 pinquaret
618 1918 829 1977 passioni,
855 1934 905 1961 ex
928 1917 1102 1962 homine
1122 1933 1253 1978 quem
1277 1917 1456 1976 gerebat
1478 1918 1757 1963 contristatus

364 1991 468 2043 est4,
490 1998 537 2032 ut
550 1998 592 2032 te
613 1988 855 2033 laetificaret
872 2010 882 2046 3
900 1988 1180 2033 contristatus
1201 1998 1285 2043 est,
1308 1998 1357 2032 ut
1378 1998 1420 2032 te
1440 1988 1752 2033 consolaretur.

365 2061 513 2104 Potuit
541 2061 657 2104 enim
681 2061 834 2120 utique
856 2060 946 2104 sine
969 2060 1138 2104 tristitia
1169 2075 1258 2104 esse
1278 2060 1510 2115 Dominus,
1537 2060 1677 2104 iturus
1700 2059 1757 2105 ad

361 2131 621 2190 passionem.
647 2132 688 2176 Si
718 2132 861 2191 potuit
882 2130 1003 2175 miles
1020 2167 1030 2186 ,
1058 2147 1145 2175 non
1175 2131 1319 2190 potuit
1345 2131 1612 2191 imperator?
1636 2134 1757 2184 Quo-

364 2201 495 2247 modo
518 2203 661 2262 potuit
684 2202 838 2247 miles?
858 2202 1048 2246 Attende
1070 2201 1254 2246 Paulum
1283 2202 1552 2247 exultantem
1574 2204 1756 2263 propin-

363 2283 574 2334 quantem
592 2274 777 2334 passioni
800 2293 808 2318 :
833 2294 849 2313 «
870 2277 963 2333 Ego
982 2283 1127 2317 autem
1142 2275 1255 2333 jam,
1280 2274 1448 2334 inquit,
1474 2273 1691 2330 immolor,
1713 2283 1758 2318 et

367 2364 386 2386 »
427 2354 596 2405 tempus
619 2344 894 2389 resolutionis
912 2361 1020 2388 mere
1042 2345 1187 2388 instat.
1215 2348 1385 2389 Bonum
1408 2355 1627 2389 certamen
1660 2361 1756 2390 cer-

369 2438 385 2458 »
423 2418 534 2471 tavi,
575 2416 708 2461 fidem
742 2417 907 2461 servavi
935 2436 943 2460 ε
979 2417 1032 2460 dc
1065 2426 1223 2460 czetero
1247 2426 1440 2476 superest
1466 2417 1583 2470 mihi
1596 2433 1756 2461 corona

369 2508 386 2529 »
418 2488 596 2547 justitiae
616 2523 627 2543 ,
663 2504 797 2548 quam
819 2488 927 2532 mihi
950 2488 1160 2532 Dominus
1182 2486 1336 2533 reddet
1363 2488 1409 2532 in
1430 2487 1504 2532 illa
1526 2487 1596 2531 die
1611 2489 1755 2548 justus

413 2587 418 2601 ¹
440 2582 529 2611 nom.
552 2591 582 2620 v,
610 2578 643 2622 4,
664 2580 694 2612 5.
716 2597 757 2602 -
777 2587 790 2602 ²
807 2580 880 2611 Job.
903 2591 925 2621 ι,
945 2588 998 2611 21.
1020 2596 1061 2602 -
1081 2576 1284 2620 3chr.x11‚
1307 2579 1339 2611 6.
1361 2596 1403 2602 -—
1421 2577 1436 2609 4
1455 2578 1568 2611 Mauh.
1589 2590 1675 2621 xxvn,
1697 2579 1750 2612 38.
