1833 3284
334 188 417 226 232
770 197 803 225 S.
843 198 1073 226 Accns'rmr
1106 199 1286 226 EPISCOPI

330 280 428 323 gere
443 264 694 323 cupiebant.
707 265 819 308 Cum
832 273 1079 323 peccatores
1095 265 1296 323 sagittare
1314 264 1506 308 volentes
1525 283 1545 305 «
1562 267 1719 307 Rectos

332 355 352 376 »
388 333 544 388 corde,
584 332 627 377 id
667 342 756 388 est,
791 333 867 394 qui
904 334 1077 378 Christo
1115 333 1419 388 crediderant,
1456 333 1502 377 in
1536 334 1719 378 obseura

331 425 350 446 »
386 404 513 458 luna,
533 423 552 444 »
580 403 624 447 id
645 413 708 447 est
727 440 737 459 ,
761 404 923 464 repleta
945 405 1247 464 peecatoribus
1264 408 1508 464 Synagoga,
1534 420 1623 448 non
1646 404 1722 447 ab-

327 477 456 521 surde
474 474 744 533 intelligitur.
758 475 837 521 Cui
855 476 1057 534 congruit
1071 485 1113 520 et
1127 477 1246 536 quod
1265 476 1426 520 dieitur
1442 495 1452 520 ;
1473 495 1492 518 α
1510 475 1721 520 Dominus

330 566 350 588 »
388 547 432 589 in
456 545 620 605 templo
643 556 792 590 saneto
812 562 916 601 suo,
945 546 1155 591 Dominus
1182 547 1227 590 in
1256 546 1370 591 coelo
1399 545 1520 590 sedes
1550 547 1671 606 ejus?
1696 563 1717 587 »

324 617 370 662 id
391 626 474 671 cst,
501 617 695 660 Verbum
720 618 764 660 in
788 617 988 671 homine,
1011 617 1082 661 vel
1103 618 1193 677 ipse
1211 618 1346 662 Filius
1368 617 1555 663 hominis
1577 617 1653 677 qui
1675 617 1721 660 in

328 687 450 733 coelis
466 697 543 732 est.
576 707 594 729 α
613 686 740 731 Oculi
757 689 848 748 ejus
862 689 905 731 in
918 703 1155 747 pauperem
1170 688 1408 748 respiciunt
1427 708 1434 732 :
1455 706 1475 728 »
1497 696 1574 731 aut
1590 703 1721 747 quem

327 758 516 816 suscepit
543 757 784 801 secundum
809 761 948 802 Deum
966 793 977 812 ,
1009 768 1084 810 aut
1115 769 1295 818 propter
1318 774 1450 818 quem
1478 773 1626 818 passus
1659 766 1723 801 est

327 830 571 874 secundum
601 830 840 874 hominem.
879 849 899 872 «
925 829 1151 889 Palpebrae
1181 831 1276 890 'e'jus
1305 831 1574 887 interrogant
1610 828 1722 873 filios

330 920 350 941 »
387 900 632 948 hominum.
670 919 690 940 ³)
726 901 1009 960 Opertionem
1045 910 1177 961 atque
1207 900 1536 962 adapertionem
1572 900 1722 944 oculo-

327 987 423 1018 rum
443 1007 453 1025 ‚
480 970 600 1031 quod
623 972 799 1015 nomine
827 971 1137 1031 palpebrarum
1163 971 1391 1032 probabile
1416 980 1480 1015 est
1505 971 1718 1030 positum,

326 1050 513 1085 mortem
538 1041 987 1102 resurrectionemque
1013 1043 1106 1103 ejus
1140 1042 1335 1101 accipere
1363 1057 1613 1102 possumus,
1644 1042 1723 1085 ubi

327 1113 531 1172 probavit
553 1112 663 1157 fi'lios
691 1113 921 1157 hominum
953 1111 1194 1174 Discipulos
1214 1128 1336 1167 suos,
1368 1121 1412 1156 et
1444 1112 1616 1156 territos
1647 1127 1723 1156 sua

326 1183 523 1243 passione
537 1193 580 1227 et
595 1184 910 1228 resurrectione
927 1182 1184 1228 laetificatos.
1216 1203 1237 1226 «
1258 1183 1471 1228 Dominus
1485 1183 1724 1241 interrogat

330 1272 351 1295 »
381 1256 548 1314 justum
567 1263 610 1298 et
623 1254 822 1314 impium,
852 1274 871 1295 »
886 1256 975 1316 jam
994 1254 1048 1299 de
1066 1254 1180 1299 coelo
1201 1254 1449 1313 gubernans
1463 1253 1718 1298 Ecclesiam.

331 1344 352 1368 υ
388 1325 473 1379 Qui
507 1335 653 1370 autem
688 1325 831 1385 diligit
860 1326 1160 1386 iniquitatem,
1185 1325 1280 1371 odit
1309 1326 1497 1370 animam
1528 1340 1666 1370 suam.
1698 1343 1719 1367 »

327 1400 472 1451 Quare
511 1398 594 1441 hoc
624 1397 683 1441 ita
713 1398 787 1452 sit,
822 1398 1133 1458 consequentia
1162 1396 1323 1441 docent
1345 1433 1356 1453 ⁷
1393 1416 1413 1439 «
1449 1396 1576 1441 Pluet
1605 1396 1722 1440 enim

331 1487 350 1509 »
387 1483 516 1528 super
542 1477 790 1528 peccatores
812 1467 1013 1528 laqueos,
1042 1486 1062 1509 1>
1088 1467 1331 1512 secundum
1354 1468 1621 1528 superiorem
1644 1483 1723 1511 ex-

326 1538 591 1598 positionem
608 1537 911 1599 aecipiendum
926 1574 937 1594 ‚
958 1548 1001 1583 et
1015 1538 1161 1584 omnia
1178 1548 1334 1584 caetera
1352 1554 1492 1599 usque
1516 1537 1572 1583 ad
1589 1538 1723 1582 finem

328 1607 503 1653 Psalmi.

333 1743 432 1760 Μινὶἱ
436 1742 1432 1761 ΜΜΛἏΊΝΜΜΜΑἏΜΜΜΜΜΝῚΛΜΜΜ
1437 1743 1506 1760 Nm
1510 1743 1578 1759 WV!
1583 1742 1721 1759 W‘!

831 1854 1220 1903 ENARRATIO

761 1994 823 2031 IN
867 1993 1178 2034 PSALMUM
1221 1994 1300 2033 xl.

555 2129 606 2170 In
629 2127 784 2182 finem,
809 2141 889 2186 pro
910 2134 1088 2182 octavo,
1114 2125 1307 2171 Psalmus
1329 2125 1509 2171 David¹.

391 2252 425 2293 Ι.
452 2251 666 2294 ΟεΤΛνυΜ
689 2249 803 2295 diem
816 2248 971 2311 judicii
986 2264 1109 2309 posse
1130 2248 1334 2308 intelligi,
1352 2250 1398 2293 in
1416 2250 1534 2293 sexto
1553 2247 1725 2293 Psalmo

332 2319 499 2366 dictum
523 2331 601 2366 est.
624 2325 771 2366 Potest
795 2331 839 2365 et
866 2341 886 2364 «
911 2325 994 2366 Pro
1013 2330 1182 2376 octavo⁷
1210 2339 1231 2361 »
1251 2319 1435 2379 intelligi
1459 2335 1537 2379 pro
1560 2329 1725 2363 aeterno

331 2391 493 2436 saeculo
523 2413 532 2437 2
558 2393 661 2453 quia
683 2402 780 2453 post
802 2394 885 2437 hoe
908 2402 1079 2453 tempus
1111 2391 1232 2452 quod
1259 2401 1425 2452 septem
1449 2390 1605 2435 diebus
1626 2389 1723 2435 vol-

334 2463 472 2517 vitur,
498 2464 674 2508 dabitur
696 2464 869 2508 sanetis.

386 2566 391 2580 ¹
416 2559 494 2591 Psal.
514 2571 554 2599 xi,
576 2571 601 2590 1.
