1833 3284
331 201 414 241 424
761 215 793 239 s.
831 212 1060 240 Aucns'ruu
1093 212 1274 239 Emscom

329 279 423 338 pit?
442 280 536 323 Non
555 278 617 321 vis
636 286 684 320 ut
702 286 1007 322 contemnatur
1025 275 1080 320 ab
1102 275 1168 319 his
1190 276 1265 336 qui
1283 290 1362 335 pro
1380 290 1536 333 magno
1554 276 1718 320 habent

333 350 453 393 istam
475 349 626 402 vitam,
644 347 714 391 ille
728 348 802 408 qui
828 356 1025 390 mortuus
1043 348 1137 390 est?
1154 348 1250 390 Non
1269 347 1330 390 vis
1348 355 1397 390 ut
1413 354 1719 390 contemnatur

331 420 385 463 ab
408 420 466 462 cis
490 419 565 479 qui
589 419 710 479 quasi
738 417 1028 462 damnationis
1054 425 1239 460 mortem
1270 416 1410 461 erucis
1440 426 1611 476 turpem
1633 432 1719 476 pu-

331 499 447 545 tant,
478 490 550 534 ille
579 490 655 550 qui
684 489 913 533 crucifixus
938 490 1033 532 est?
1054 490 1152 532 Non
1184 488 1246 532 vis
1280 497 1330 532 ut
1362 496 1668 532 contemnatur
1697 504 1721 532 a

331 560 561 615 divitibus,
587 559 660 604 ille
689 560 765 620 qui
788 574 1024 619 pauperem
1048 558 1182 603 vitam
1205 559 1329 617 gessit
1346 559 1392 602 in
1413 557 1603 614 mundo,
1620 573 1721 603 cum

331 641 440 676 esset
473 641 640 676 creator
673 629 857 675 mundi?
879 630 1035 674 Omnia
1070 630 1149 674 ista
1184 646 1283 690 quse
1318 639 1466 673 amant
1497 629 1718 684 homines,

331 703 432 762 quia
451 701 591 746 noluit
610 701 680 745 illa
704 701 864 745 habere
881 700 1094 755 Christus,
1116 711 1161 744 ut
1179 716 1266 744 non
1292 699 1496 744 habendo
1517 698 1721 744 ostende-

333 782 397 816 ret
418 772 761 826 contemnenda,
781 787 869 816 non
891 771 992 832 quia
1015 770 1061 814 in
1079 779 1290 830 potestate
1308 786 1397 815 non
1411 770 1568 814 habuit
1585 770 1723 829 possi-

333 843 475 888 dcnda
493 865 502 902 3
524 859 673 888 omncs
694 843 769 903 qui
789 851 934 886 amant
952 843 1060 897 haec,
1082 851 1372 886 contemnunt
1389 840 1529 886 illum.
1553 844 1610 886 Et
1629 841 1723 901 qui-

333 930 524 975 cumque
552 914 739 958 voluerit
765 929 986 959 servorum
1020 915 1112 974 ejus
1142 913 1264 973 sequi
1291 913 1468 970 vestigia
1497 913 1651 972 ipsius,
1678 922 1726 956 ut

334 983 529 1028 ambulet
550 986 697 1045 etipse
721 986 765 1029 in
788 1001 836 1029 ea
860 983 1122 1039 humilitate,
1142 984 1186 1027 in
1204 1000 1289 1044 qua
1313 983 1465 1028 didicit
1484 982 1726 1027 ambulasse

333 1056 570 1100 Dominum
587 1072 732 1112 suum,
757 1055 1055 1101 contemnitur
1077 1055 1121 1098 in
1143 1055 1315 1100 Christo
1338 1054 1460 1115 quasi
1478 1055 1727 1098 membrum

336 1127 497 1171 Christi
520 1147 528 1172 ;
555 1136 598 1171 et
629 1142 729 1172 cum
763 1135 959 1187 caputet
991 1126 1186 1170 membra
1217 1135 1584 1181 contemnuntur,
1610 1135 1727 1171 totus

336 1198 424 1257 ipsc
449 1198 645 1242 Christus
678 1198 995 1253 contemnitur,
1022 1197 1124 1258 quia
1147 1206 1264 1242 totus
1286 1198 1376 1257 ipse
1394 1199 1536 1258 justus
1569 1206 1633 1241 est
1660 1213 1729 1241 ca-

337 1277 480 1327 putet
507 1285 677 1328 corpus.
706 1272 762 1313 Et
791 1285 963 1312 neccsse
993 1277 1056 1312 est
1085 1278 1133 1312 ut
1165 1278 1471 1312 contemnatur
1496 1277 1611 1312 totus
1635 1268 1725 1327 ipse

335 1339 532 1383 Christus
558 1355 580 1382 a
608 1339 805 1399 superbis
834 1348 877 1383 et
899 1339 1062 1398 impiis,
1093 1348 1142 1382 ut
1175 1340 1251 1382 fiat
1281 1338 1363 1383 illis
1397 1338 1517 1399 quod
1540 1338 1722 1393 dicitur,

341 1428 360 1451 κ
395 1411 518 1453 Muta
540 1410 787 1453 efficiantur
809 1408 921 1453 labia
943 1408 1112 1464 dolosa,
1134 1425 1232 1469 quae
1254 1408 1500 1469 loquuntur
1522 1409 1727 1454 adversus

339 1500 357 1521 »
387 1482 556 1540 justum
575 1481 850 1541 iniquitatem
869 1481 913 1524 in
931 1481 1133 1541 superbia
1152 1490 1195 1525 et
1210 1490 1479 1541 contemptu.
1502 1500 1521 1523 )>
1541 1480 1728 1535 Quando

337 1552 583 1595 ellicicntur
613 1562 734 1596 muta
767 1551 881 1596 labia
919 1552 1029 1596 ista?
1059 1555 1109 1596 In
1137 1552 1220 1596 hoc
1248 1551 1441 1596 saeculo?
1472 1555 1724 1612 Nunquam.

337 1621 544 1675 Quotidie
578 1621 769 1666 clamant
801 1632 951 1667 contra
982 1623 1272 1677 Christianos,
1298 1623 1483 1667 maxime
1511 1622 1726 1673 humiles3

339 1694 536 1754 quotidie
558 1694 1280 1754 blasphemant,quotidielatrant:
1300 1694 1631 1753 augentlinguis
1645 1695 1731 1739 suis

338 1781 512 1825 poenas,
538 1765 696 1825 quibus
720 1765 838 1825 apud
860 1765 1020 1809 inferos
1044 1766 1210 1820 sitiant,
1237 1776 1280 1810 et
1302 1782 1426 1826 aquae
1456 1765 1614 1809 stillam
1637 1766 1729 1809 sine

337 1852 463 1879 causa
491 1835 777 1879 desidcrcnt¹.
805 1838 902 1880 Non
925 1852 1027 1895 ergo
1053 1852 1169 1880 nnnc
1194 1846 1313 1880 muta
1336 1835 1587 1880 efficiuntur
1612 1835 1728 1881 labia

336 1908 534 1951 istorum.
565 1906 648 1951 Scd
673 1906 879 1967 quando?
902 1907 1088 1961 Quando
1122 1906 1353 1952 traducent
1382 1923 1453 1951 eos
1477 1923 1527 1951 ex
1550 1906 1728 1951 adverso

339 1978 586 2037 iniquitates
607 1994 773 2031 corum,
790 1978 901 2022 sicut
924 1977 1083 2022 dicitur
1103 1978 1144 2021 in
1165 1977 1278 2022 libro
1296 1978 1546 2038 Sapientiae:
1570 1997 1587 2017 «
1607 1981 1729 2022 Tune

345 2070 360 2088 ι»
397 2048 578 2091 stabunt
595 2049 699 2107 justi
728 2048 771 2091 in
796 2064 953 2107 magna
975 2048 1216 2092 constantia
1242 2047 1446 2092 adversus
1469 2063 1560 2102 eos,
1589 2049 1664 2108 qui
1687 2064 1730 2091 sc

399 2126 754 2175 angustaverunt.
774 2120 896 2162 Tunc
910 2117 1057 2161 dicent
1073 2116 1134 2161 illi
1153 2137 1160 2161 :
1181 2118 1235 2161 l-li
1249 2128 1350 2162 sunt
1367 2134 1476 2178 quos
1493 2117 1730 2178 aliquando

340 2207 359 2228 »
396 2188 631 2232 habuimus
651 2189 694 2231 in
714 2189 845 2232 risum
865 2198 908 2232 ct
924 2189 968 2231 in
986 2187 1314 2232 similitudinem
1332 2189 1598 2249 improperii.
1617 2191 1730 2242 Quo-

399 2260 530 2303 modo
553 2260 792 2319 computati
815 2269 917 2304 sunt
942 2260 1055 2303 inter
1084 2259 1194 2304 filios
1218 2260 1316 2315 Dei⁷
1347 2269 1389 2304 et
1417 2262 1530 2304 inter
1560 2269 1730 2304 sanctos

342 2347 362 2370 »
398 2346 486 2374 sors
509 2329 683 2374 iliorum
709 2333 802 2374 est?
826 2333 912 2375 Nos
941 2330 1313 2385 insensati‚vitam
1337 2330 1509 2375 illorum
1540 2331 1730 2374 aestima-

341 2419 360 2440 »
398 2400 552 2444 bamus
572 2400 823 2445 insaniam2.
845 2420 864 2442 »
885 2404 1007 2445 Tunc
1021 2401 1266 2445 efficientur
1285 2400 1399 2446 labia
1418 2417 1569 2446 eorum
1589 2411 1725 2457 muta,

336 2471 411 2530 qui
435 2469 678 2531 loquuntur
701 2471 904 2516 adversus
932 2473 1099 2532 justum
1128 2471 1425 2532 iniquitatem,
1457 2471 1500 2515 in
1524 2472 1726 2531 superbia

341 2137 350 2157 )

353 2137 360 2158 υ

341 2277 351 2299 >

353 2278 361 2299 υ

388 2562 392 2576 ¹
423 2556 496 2585 Luc.
516 2566 582 2593 xvi,
599 2555 651 2597 '²⁷¹⁴-
674 2571 714 2577 ·——
736 2563 748 2577 ²
769 2558 841 2597 Sap.
865 2566 894 2595 r,
916 2556 981 2588 1-5.
