1833 3284
379 304 462 343 534
807 317 839 345 s.
877 317 1107 347 Aucusnm
1139 320 1335 348 EPISCOPI.

435 383 532 424 XV.
568 380 666 425 Noli
683 397 785 440 ergo
807 382 865 426 sic
894 382 1150 441 intelligere.
1178 387 1235 428 Et
1256 383 1480 444 quomodo
1502 383 1767 443 intelligam?

374 455 426 496 In
445 452 570 496 bonis
588 453 867 512 spiritalibus.
899 454 982 498 Sed
1007 454 1082 498 ubi
1104 457 1237 499 sunt?
1259 458 1356 500 Non
1376 455 1581 500 videntur
1602 453 1764 509 oculis,

373 523 449 567 scd
466 523 612 567 corde.
640 526 737 568 Non
761 523 885 568 video
903 525 992 583 ipsa
1011 524 1141 568 bona.
1165 524 1294 570 Videt
1324 525 1397 570 illa
1417 527 1494 587 qui
1511 535 1641 570 amat.
1664 527 1768 570 Jus-

374 596 513 640 titiam
537 612 627 640 non
646 596 788 641 video.
815 599 913 641 Non
939 596 1057 640 enim
1076 612 1232 640 aurum
1255 605 1319 641 est
1333 632 1344 652 ‚
1369 612 1459 642 non
1475 598 1591 642 enim
1611 611 1769 654 argen-

373 676 469 712 tum
492 676 570 711 cst.
600 667 641 712 Si
663 683 818 711 aurum
842 677 971 722 essct,
998 667 1166 712 videres
1188 687 1197 713 ;
1220 669 1321 729 quia
1342 667 1448 713 fides
1471 677 1560 724 est,
1592 683 1681 712 non
1704 667 1770 711 vi·-

374 738 464 783 des.
493 742 549 782 Et
572 739 605 782 si
628 755 718 783 non
740 738 859 783 vides
887 738 1018 783 fidem
1035 774 1046 794 ‚
1072 755 1207 800 quare
1235 755 1350 784 amas
1372 755 1546 784 servum
1568 737 1770 784 fidelem?

375 813 599 869 Interroga
630 819 670 854 te
693 810 833 870 ipsum
851 845 862 865 ‚
895 809 1071 872 qualem
1095 826 1267 855 servum
1289 809 1444 869 diligis.
1477 814 1608 855 Forte
1635 809 1770 855 habes

374 896 547 926 servum
579 880 846 936 formosum,
887 891 1178 937 staturosum,
1210 882 1323 926 bene
1355 882 1670 942 compositum3
1695 880 1769 926 sed

375 952 517 996 surcm
530 987 540 1007 ‚
560 968 749 1012 nequam
766 988 775 1007 ,
796 952 1130 997 fraudulentum
1155 973 1164 998 :
1189 953 1324 997 habes
1339 963 1486 998 autem
1505 952 1638 998 alium
1657 951 1771 997 forte

376 1039 561 1084 parvum
585 1033 749 1068 statura
769 1059 780 1079 ,
806 1023 1050 1068 deformem
1072 1023 1182 1069 facie
1197 1060 1208 1078 ‚
1234 1023 1380 1069 colore
1398 1034 1538 1083 tetro3
1562 1023 1638 1070 sed
1658 1023 1771 1069 fide-

374 1094 460 1139 lem
475 1131 485 1150 ‚
506 1111 688 1155 parcum
702 1131 713 1150 ‚
746 1095 941 1140 sobrium
969 1115 978 1140 :
1001 1096 1194 1152 attende,
1220 1112 1325 1156 rogo
1343 1105 1408 1152 te,
1434 1112 1567 1157 quem
1589 1096 1772 1140 istorum

374 1164 564 1210 duorum
587 1165 756 1225 diligis?
787 1166 830 1211 Si
864 1165 1013 1211 oculos
1037 1166 1177 1211 carnis
1200 1167 1438 1226 interrogas
1453 1202 1465 1222 ‚
1488 1167 1623 1212 vincit
1653 1165 1773 1227 apud

373 1248 417 1283 te
436 1237 619 1297 pulcher
639 1237 826 1298 injustus
843 1259 854 1296 3
875 1237 908 1281 si
928 1237 1078 1283 oculos
1099 1238 1261 1294 cordis,
1286 1239 1422 1283 vincit
1440 1237 1647 1283 deformis
1668 1237 1773 1283 fide-

372 1309 439 1354 lis.
467 1308 597 1353 Vides
620 1325 745 1367 ergo,
777 1309 901 1369 quod
934 1310 995 1353 vis
1026 1319 1074 1354 ut
1105 1310 1308 1354 exhibeat
1339 1310 1416 1355 tibi
1441 1309 1564 1366 alter,
1598 1310 1643 1354 id
1674 1318 1768 1364 est,

373 1378 506 1423 fidem
529 1399 537 1423 ;
563 1379 719 1422 exhibe
742 1378 805 1422 illi
837 1389 880 1423 et
903 1388 967 1423 tu.
995 1382 1139 1433 Quare
1158 1380 1318 1437 gaudes
1339 1379 1396 1425 ad
1415 1396 1517 1424 eum
1539 1380 1615 1441 qui
1639 1379 1771 1423 fidem

373 1450 453 1494 tibi
476 1449 673 1503 exhibet,
700 1458 743 1493 et
763 1448 915 1494 laudas
939 1465 1041 1493 eum
1065 1450 1120 1494 de
1143 1450 1209 1495 his
1232 1451 1357 1495 bonis
1380 1467 1480 1512 quae
1501 1467 1590 1496 non
1619 1449 1773 1494 viden-

373 1529 446 1564 tur
468 1520 548 1564 nisi
567 1518 696 1564 oculo
718 1520 892 1564 cordis?
913 1522 1025 1565 Cum
1055 1520 1245 1580 repletus
1263 1520 1396 1566 fueris
1419 1520 1683 1580 spiritalibus
1701 1519 1773 1564 di-

373 1591 504 1645 vitiis,
525 1606 693 1650 pauper
706 1591 814 1635 eris?
832 1593 889 1634 Et
903 1590 976 1634 ille
994 1591 1112 1636 dives
1130 1592 1230 1636 ideo
1244 1590 1343 1647 fuit,
1360 1593 1461 1653 quia
1474 1591 1667 1636 hahebat
1681 1590 1773 1637 lec-

373 1673 468 1708 tum
491 1663 761 1714 cburneum3
787 1672 830 1707 et
852 1672 901 1706 tu
922 1679 1090 1723 pauper
1112 1679 1177 1719 es,
1203 1665 1326 1725 cujus
1348 1663 1605 1708 cubiculum
1628 1662 1773 1708 cordis

373 1734 555 1795 plenum
590 1743 654 1778 est
683 1734 810 1778 tantis
840 1735 1019 1792 gemmis
1047 1735 1284 1790 virtutum,
1312 1735 1519 1796 justitiae,
1549 1734 1769 1791 veritatis,

374 1805 598 1850 charitatis
616 1841 626 1859 ,
652 1804 754 1848 fidei
770 1841 781 1859 ‚
807 1806 1028 1864 patientiae
1047 1815 1090 1850 et
1111 1805 1379 1850 tolerantiae!
1406 1804 1584 1864 Explica
1601 1804 1772 1850 divitias

373 1885 469 1920 tuas
485 1911 496 1931 ,
517 1875 551 1919 si
568 1876 702 1919 habes
718 1874 810 1919 illas
828 1911 839 1930 7
860 1885 904 1919 et
925 1892 1130 1934 compara
1152 1875 1314 1920 divitiis
1331 1876 1534 1920 divitum.
1561 1879 1619 1920 At
1636 1875 1709 1920 ille
1727 1876 1773 1920 in

373 1956 569 1991 mercatu
598 1946 763 1989 invenit
797 1945 935 1990 mulas
964 1945 1198 2005 pretiosas,
1229 1956 1273 1990 et
1300 1947 1405 1990 cmit
1438 1949 1536 1990 cas?
1568 1947 1610 1991 Si
1638 1946 1772 1990 fidem

374 2018 588 2062 invenires
606 2016 822 2071 venalem,
844 2027 1060 2077 quantum
1079 2033 1158 2076 pro
1182 2017 1253 2061 illa
1269 2017 1408 2072 dares,
1427 2033 1559 2078 quam
1583 2026 1624 2061 te
1633 2016 1772 2062 voluit

374 2092 490 2134 Deus
508 2089 638 2146 gratis
660 2088 838 2144 habere,
864 2098 907 2132 et
926 2089 1120 2147 ingratus
1137 2090 1206 2132 es?
1228 2092 1370 2146 Egent
1388 2104 1490 2147 ergo
1512 2087 1575 2132 illi
1597 2088 1768 2144 divites,

374 2168 503 2217 egent
525 2179 532 2203 :
559 2168 602 2202 ct
625 2159 745 2219 quod
764 2168 828 2202 est
851 2159 1022 2217 gravius
1039 2194 1049 2213 ,
1071 2175 1184 2218 pane
1202 2168 1345 2217 egent.
1371 2162 1434 2204 Ne
1458 2158 1568 2203 forte
1590 2160 1768 2218 putetis,

375 2230 476 2290 quia
513 2246 618 2273 auro
648 2239 778 2286 egent
817 2239 858 2273 et
887 2241 1067 2289 argento
1087 2266 1096 2281 ,
1125 2245 1377 2290 quanquam
1407 2239 1450 2273 ct
1481 2231 1561 2273 hoc
1597 2239 1766 2287 egeant.

377 2304 598 2354 Quantum
626 2301 778 2344 habuit
801 2301 997 2360 quidam,
1020 2310 1062 2344 ct
1089 2302 1194 2361 quid
1218 2317 1318 2345 cum
1339 2301 1540 2345 satiavit?
1561 2300 1628 2345 Sic
1651 2316 1770 2345 mor-

375 2383 476 2417 tuus
509 2382 572 2416 est
600 2388 749 2430 egens,
777 2374 879 2432 quia
904 2373 1027 2432 plura
1046 2372 1221 2417 volebat
1242 2374 1466 2433 acquirere
1488 2389 1620 2433 quam
1645 2382 1770 2417 tene-

374 2444 463 2488 bat.
487 2447 629 2502 Egent
647 2454 689 2487 ct
709 2460 833 2502 ptine.
853 2448 997 2497 Quare
1019 2454 1148 2502 egent
1169 2455 1211 2488 ct
1231 2447 1374 2503 panc?
1395 2444 1434 2489 Si
1458 2460 1545 2488 non
1564 2444 1770 2503 intelligis

375 2530 568 2574 panem„
594 2513 665 2557 illc
689 2513 817 2568 dixit,
861 2535 880 2556 α
904 2518 994 2573 Ego
1022 2531 1115 2558 suin
1146 2516 1268 2574 panis
1290 2516 1413 2559 vivus
1431 2551 1441 2569 ,
1477 2515 1551 2574 qui
1575 2514 1629 2558 de
1653 2514 1768 2559 coelo

382 2608 397 2625 »
434 2584 662 2628 descondist
692 2605 698 2628 :
726 2605 743 2625 »
771 2595 840 2639 ct,
871 2587 1019 2629 «Beati
1045 2586 1121 2645 qui
1140 2587 1361 2640 esuriunt,
1387 2595 1430 2629 et
1461 2585 1766 2645 sitiuntjusti-

428 2676 434 2690 ¹
460 2672 548 2701 Juiiri.
572 2682 613 2706 w:
637 2669 691 2708 [4¹-
