1833 3284
432 276 674 306 ENARRA‘rIo
707 279 752 306 ΙΝ
786 276 989 306 PsALMUM
1022 276 1113 302 ΧΠ.
1379 261 1463 307 247

138 346 214 388 IV.
244 362 266 386 «
292 346 348 389 Ut
367 359 458 389 non
488 343 695 403 loquatur
727 358 774 388 os
799 357 948 387 meum
980 356 1110 400 opera
1142 339 1414 384 hominum1.
1439 357 1460 381 »

79 416 137 459 Ut
159 413 279 459 aliud
300 430 389 459 non
405 413 613 474 procedat
633 429 684 458 ex
699 429 774 459 ore
789 429 908 468 meo,
927 427 1059 473 quam
1080 410 1125 455 id
1146 409 1267 471 quod
1278 409 1468 470 pertinet

77 484 135 530 ad
151 484 331 544 gloriam
344 495 388 530 et
408 484 585 530 laudem
602 495 724 529 tuam
745 505 754 532 :
772 501 863 530 non
880 485 936 529 ad
946 499 1079 544 opera
1091 483 1316 527 hominum
1329 517 1341 538 ,
1363 498 1463 542 quae

76 553 245 600 faciunt
270 565 429 616 praeter
455 555 727 601 voluntatem
761 565 897 600 tuam.
926 574 948 597 «
972 558 1155 613 Propter
1171 552 1304 597 verba
1326 551 1469 597 labio-

79 643 100 668 »
120 641 220 670 rum
232 635 426 671 tuorum.
445 644 466 669 »
481 630 664 687 Propter
673 627 805 672 verba
816 626 932 686 pacis
943 634 1048 681 tuae,
1063 624 1133 670 vel
1148 624 1467 683 Prophetarum

75 705 268 742 tuorum.
297 716 319 740 «
346 700 440 756 Ego
461 698 674 743 custodivi
695 698 782 743 vias
805 697 952 742 duras.
977 715 998 738 »
1023 698 1117 754 Ego
1142 693 1359 740 custodivi
1375 695 1465 741 vias

74 768 310 814 laboriosas
326 769 601 814 mortalitatis
623 770 828 814 humanae
849 777 982 829 atque
999 766 1224 827 passionis.

134 854 188 896 V.
220 871 240 895 «
272 853 343 897 Ad
369 852 655 913 perficiendos
685 869 852 912 gressus
871 867 990 896 meos
1010 851 1057 895 in
1083 850 1245 895 semitis
1278 850 1413 895 tuis².
1440 869 1462 893 ι»

75 925 134 968 Ut
159 922 443 982 perficeretur
475 924 661 968 charitas
693 923 898 968 Ecclesiae
924 923 969 967 in
992 921 1220 966 itineribus
1239 921 1433 979 angustis
1449 957 1461 977 ‚

73 994 233 1055 quibus
245 995 418 1039 venitur
435 994 489 1039 ad
508 995 857 1055 requiemtuam.
874 995 931 1038 Ut
948 1008 1038 1037 non
1054 1001 1313 1036 moveantur
1332 992 1466 1036 vesti-

77 1082 98 1106 »
124 1065 191 1123 gia
208 1079 318 1110 mea.
336 1084 355 1107 »
375 1068 432 1110 Ut
446 1081 536 1110 non
553 1074 814 1109 moveantur
829 1065 948 1124 signa
964 1064 1126 1108 itineris
1139 1064 1241 1119 mei,
1257 1078 1358 1124 quae
1374 1071 1468 1107 tan-

73 1151 207 1197 quam
220 1136 396 1196 vestigia
412 1137 697 1181 Sacramentis
709 1146 752 1180 et
766 1136 996 1196 Scripturis
1007 1134 1249 1195 apostolicis
1261 1135 1467 1194 impressa

75 1216 196 1263 sunt,
224 1222 324 1268 quae
351 1207 609 1252 intueantur
630 1217 674 1251 et
691 1207 924 1251 observent
949 1207 1025 1267 qui
1049 1221 1119 1250 me
1143 1206 1265 1266 sequi
1287 1205 1459 1251 volunt.

73 1281 163 1322 Aut
189 1287 326 1334 certe,
362 1287 413 1322 ut
443 1279 573 1322 etiam
603 1277 815 1322 stabiliter
842 1278 888 1320 in
921 1273 1162 1321 aeternitate
1186 1292 1466 1336 permaneam

72 1357 356 1410 posteaquam
383 1349 532 1409 peregi
558 1349 646 1393 vias
669 1349 799 1393 duras
815 1384 825 1404 9
850 1357 894 1393 et
915 1349 959 1392 in
983 1347 1189 1407 angustiis
1212 1347 1465 1392 semitarum

74 1429 247 1464 tuarum
268 1436 436 1480 gressus
459 1418 636 1480 perfeci.

129 1505 206 1547 VI.
227 1505 357 1562 «Ego
379 1502 576 1558 clamavi,
593 1502 800 1563 quoniam
819 1500 1029 1546 exaudisti
1045 1517 1138 1556 me,
1155 1502 1309 1545 Deusss.
1334 1503 1464 1560 »Ego

70 1572 208 1619 libera
235 1582 279 1618 et
300 1573 443 1618 valida
463 1573 706 1619 intentione
732 1588 881 1633 preces
904 1572 959 1617 ad
981 1582 1023 1617 te
1051 1572 1189 1617 direxi
1215 1592 1223 1618 :
1255 1573 1463 1633 quoniam

70 1653 121 1689 ut
135 1645 250 1690 hanc
271 1644 433 1707 habere
453 1660 624 1705 possem
640 1681 651 1701 ,
677 1645 888 1689 exaudisti
916 1660 986 1689 me
1008 1645 1222 1689 infirmius
1245 1654 1458 1689 orantem.

76 1734 96 1758 «
120 1714 286 1760 Inclina
304 1731 454 1760 aurem
471 1725 593 1760 tuam
610 1715 742 1771 mihi,
768 1725 811 1760 et
828 1715 985 1760 exaudi
1002 1715 1132 1759 verba
1155 1716 1294 1761 mea4.
1323 1734 1342 1757 »
1363 1718 1463 1762 Non

70 1784 239 1830 deserat
259 1785 480 1831 exauditio
493 1795 568 1830 tua
583 1785 876 1831 humilitatem
894 1801 1052 1830 meam.

129 1870 230 1912 VII.
260 1888 281 1911 «
304 1869 487 1914 Mirifica
505 1869 817 1914 misericordias
834 1871 971 1914 tuasf‘.
995 1888 1015 1911 »
1037 1872 1136 1916 Non
1159 1868 1367 1915 vilescant
1378 1869 1465 1914 mi·=

69 1939 312 1985 sericordiae
333 1948 422 1985 tuae
438 1976 449 1996 ,
474 1957 530 1985 ne
552 1941 696 1985 minus
718 1950 936 1985 amentur.

127 2016 251 2067 VIII.
284 2043 304 2066 «
331 2024 418 2077 Qui
446 2023 584 2069 salvos
608 2022 712 2068 facis
734 2033 952 2083 sperantes
973 2022 1019 2067 in
1035 2032 1077 2067 te
1092 2058 1102 2078 ‚
1124 2038 1147 2066 a
1164 2022 1462 2068 resistentibus

71 2110 92 2136 »
118 2093 281 2138 dextrae
311 2103 430 2139 tuae:
459 2113 479 2136 »
509 2111 533 2139 a
555 2093 851 2139 resistentibus
876 2093 1040 2149 favori,
1070 2110 1158 2154 quo
1190 2093 1296 2137 mihi
1324 2092 1456 2139 faves.

73 2183 93 2207 «
116 2165 298 2211 Custodi
310 2181 396 2221 me,
412 2167 614 2222 Domine,
637 2175 687 2211 ut
707 2164 921 2226 pupillam
940 2163 1078 2210 oculi6
1096 2185 1104 2210 ;
1129 2184 1149 2207 »
1167 2182 1267 2226 quae
1282 2175 1462 2226 apparet

66 2251 278 2297 perparva
299 2246 343 2281 et
361 2236 516 2297 exigua
537 2253 639 2298 :per
652 2253 747 2281 eam
764 2246 912 2282 tamen
927 2236 1127 2295 dirigitur
1141 2237 1252 2281 acies
1264 2236 1457 2294 luminis,

67 2323 156 2368 quo
187 2306 263 2352 lux
294 2317 337 2352 et
364 2309 556 2358 tenebrae
587 2308 908 2370 dijudicantur,
943 2309 1052 2352 sicut
1082 2324 1159 2368 per
1182 2309 1342 2354 Christi
1371 2309 1458 2353 hu-

66 2379 322 2424 manitatem
354 2380 563 2426 Divinitas
592 2380 747 2442 judicii
796 2380 1044 2425 discernens
1077 2382 1191 2425 inter
1225 2382 1366 2441 justos
1412 2390 1456 2426 et

67 2459 330 2509 peccatores.
358 2471 378 2493 «
403 2454 454 2496 In
486 2453 674 2510 tegmine
710 2451 876 2496 alarum
907 2461 1082 2495 tuarum
1109 2461 1289 2511 protege
1314 2468 1399 2496 me.
1430 2471 1450 2493 »

116 2564 126 2580 ¹
154 2559 234 2590 Psal.
263 2570 338 2601 xvi,
371 2559 391 2601 4
427 2577 467 2582 --
494 2567 506 2582 ²
526 2560 606 2592 Ibid.
629 2559 658 2591 5.
682 2577 723 2582 —-
752 2559 764 2583 3
790 2560 870 2592 thid.
891 2562 923 2592 6.
947 2575 987 2582 »—
1014 2559 1029 2589 :i
1049 2560 1131 2592 Ibid.
1159 2577 1198 2582 —
1217 2558 1231 2583 5
1251 2561 1330 2592 Ibid.
1356 2572 1386 2602 7.
1413 2578 1455 2583 -—

71 2611 84 2633 (ἶ
103 2613 183 2645 Ibid..
202 2615 232 2645 S.
