1833 3284
425 244 478 282 64
851 254 884 281 s.
922 254 1152 281 auersum
1186 255 1368 282 EPlSCOPl

423 320 535 379 coepi
564 334 734 378 sperare
765 318 966 362 visibilia.
998 338 1017 359 α
1045 320 1099 362 Ut
1127 333 1216 363 non
1243 318 1430 376 cogitem
1452 317 1506 361 de
1528 317 1721 376 virgine1
1751 337 1758 361 :
1789 336 1807 357 >›

427 400 474 434 ut
497 389 800 444 subaudiatur,
838 390 963 433 absit.
996 389 1108 433 Hinc
1131 389 1221 448 jam
1255 389 1405 448 incipit
1438 389 1588 432 merita
1611 387 1815 432 Ecclesiae

427 475 789 515 commemorare,
815 460 860 503 in
885 461 947 503 liis
971 460 1042 519 qui
1068 469 1344 518 perseverant
1365 459 1410 503 in
1438 460 1524 502 fine
1545 458 1590 502 in
1614 458 1818 502 tentatio-

424 532 553 576 nibus
576 532 757 591 magnis,
784 530 1037 575 abundante
1056 530 1300 590 iniquitate,
1320 541 1364 575 et
1387 529 1692 588 refrigescente
1709 530 1815 575 cha·-

425 604 548 647 ritate
566 603 803 647 multorum
818 607 849 646 ¹².
881 623 900 644 «
926 606 981 647 ,Et
1004 619 1091 646 non
1115 602 1315 661 cogitabo
1334 602 1388 646 de
1412 603 1576 660 virgine
1596 622 1604 646 ;
1630 620 1649 642 ))
1670 602 1816 646 incor-

424 675 626 734 ruptione
644 674 887 733 sapientiae,
905 673 974 718 vel
987 673 1180 733 justitiae.
1212 693 1230 715 «
1256 677 1312 718 Et
1327 691 1426 734 quae
1443 682 1507 717 est
1529 672 1613 717 alia
1626 689 1724 732 pars
1742 673 1818 717 Dei

427 764 447 785 »
483 745 735 805 desuper⁸P
768 763 787 785 »
829 744 1106 799 subauditur,
1140 761 1229 790 non
1261 745 1477 803 cogitabo.
1504 748 1593 789 Aut
1624 744 1683 788 ita
1719 764 1727 789 :
1762 747 1820 788 Et

423 832 522 874 quwv
551 825 641 871 est,
669 815 748 859 nisi
783 815 913 859 illest?
945 816 1022 860 «Si
1044 816 1197 860 incessi
1219 832 1320 860 eum
1343 815 1603 860 irrisoribus.
1654 834 1674 857 «
1697 817 1820 870 (Jam

423 886 641 942 debonis,
667 888 743 947 qui
771 896 873 931 sunt
898 887 942 930 in
971 886 1211 944 Ecclesia.)
1243 886 1426 931 Difficile
1450 895 1513 930 est
1546 901 1635 930 non
1661 882 1820 929 talibus

424 958 591 1004 sociari.
623 977 643 999 «
670 957 750 1002 Vel
781 958 814 1001 si
835 956 1054 1002 festinavit
1093 957 1148 1001 ad
1172 956 1325 1001 dolum
1347 974 1421 1017 pes
1444 973 1566 1001 meus
1594 975 1602 1001 :
1632 974 1652 996 »
1678 956 1821 1015 hypo-

426 1030 561 1075 crisis.
594 1049 613 1072 «
643 1017 805 1084 Sera'm,
828 1038 871 1072 ct
893 1029 964 1073 alii
991 1029 1159 1073 fructus
1181 1045 1299 1074 meos
1321 1028 1453 1073 edant
1471 1031 1484 1053 ⁵
1512 1049 1519 1073 :
1551 1047 1571 1069 »
1597 1026 1822 1088 quomodo

425 1101 589 1146 Judaeis
614 1100 820 1159 contigit,
847 1099 891 1144 id
914 1109 998 1155 est,
1025 1116 1074 1144 ea
1103 1100 1247 1144 dicere
1274 1116 1372 1160 quae
1394 1099 1467 1143 alii
1489 1098 1653 1143 faciant
1686 1098 1821 1157 magis

427 1188 559 1233 quam
584 1171 679 1230 ipsi.
705 1191 725 1213 «
744 1171 842 1215 Sine
857 1172 988 1231 stirpe
1003 1171 1081 1215 sim
1101 1181 1399 1230 superterram
1422 1187 1430 1211 z
1460 1189 1479 1211 »
1500 1179 1551 1214 ut
1571 1168 1696 1213 facile
1715 1185 1822 1213 ares-

427 1260 537 1289 cam.
567 1242 648 1287 llle
672 1243 788 1286 enim
815 1244 859 1287 in
884 1252 993 1287 terra
1020 1253 1224 1303 tanquam
1249 1243 1293 1286 in
1317 1253 1439 1303 petra
1461 1243 1611 1286 firmus
1636 1251 1720 1296 est,
1746 1241 1823 1301 qui

428 1314 529 1359 facit
552 1313 673 1375 quod
694 1314 813 1358 dicit.
842 1334 862 1356 «
883 1315 925 1359 Si
948 1324 1144 1358 secutum
1169 1323 1233 1358 est
1262 1330 1337 1358 cor
1359 1329 1503 1357 meum
1525 1312 1774 1367 mulierem,
1798 1330 1818 1353 »

428 1395 477 1430 ut
509 1401 631 1429 suam
666 1384 881 1444 quaereret
917 1384 1096 1443 gloriam
1132 1385 1177 1428 in
1208 1384 1372 1444 populo
1396 1384 1495 1438 Dei,
1522 1383 1667 1443 potius
1690 1398 1822 1443 quam

432 1457 533 1510 Dei,
561 1456 631 1500 cui
654 1456 729 1499 uni
747 1457 845 1515 jure
863 1456 1063 1499 debetur.
1089 1476 1107 1497 «
1123 1460 1210 1500 Aut
1226 1456 1258 1499 si
1277 1455 1428 1501 obsedi
1449 1457 1604 1516 januas
1620 1456 1708 1515 ejus
1726 1458 1741 1480 ⁶
1770 1474 1777 1498 :
1799 1472 1819 1495 n

429 1527 630 1571 insidiose
649 1526 818 1585 captavi
837 1525 1048 1569 desideria
1071 1526 1209 1585 plebis
1227 1528 1318 1587 ejus
1334 1562 1344 1581 ,
1369 1526 1439 1570 vel
1465 1526 1660 1570 timorem
1676 1561 1686 1580 ,
1721 1525 1823 1586 qui-

429 1599 510 1642 bus
533 1608 750 1657 ageretur,
776 1607 825 1641 ut
849 1598 950 1641 inibi
975 1599 1117 1657 potius
1137 1599 1315 1642 serviret
1337 1613 1467 1658 quam
1482 1601 1586 1642 Deo.
1611 1617 1629 1639 «
1652 1597 1825 1641 Placeat

432 1688 452 1709 »
489 1686 666 1729 quoquc
710 1684 817 1712 uxor
852 1683 944 1711 mea
980 1668 1132 1712 alteri-⁷
1160 1689 1168 1713 2
1198 1688 1216 1709 »
1244 1668 1358 1712 sama
1390 1683 1485 1711 mea
1519 1667 1716 1722 diabolo,
1753 1667 1824 1711 cui

429 1739 606 1800 quando
630 1739 847 1798 placemus
864 1774 873 1792 ,
901 1738 1178 1798 displicemus
1199 1742 1302 1783 Deo.
1331 1738 1409 1782 llle
1431 1739 1546 1782 enim
1570 1738 1692 1783 malis
1721 1755 1823 1783 nos-

433 1812 503 1855 tris
523 1811 700 1870 gaudet.
732 1830 750 1851 «
772 1814 826 1854 Et
850 1810 925 1853 {ilii
954 1811 1037 1853 mei
1055 1810 1344 1854 humilientur
1366 1831 1374 1854 ;
1404 1833 1420 1852 »
1445 1809 1556 1854 sacta
1577 1846 1587 1865 ,
1616 1810 1684 1854 vel
1724 1809 1822 1853 imi-

433 1891 587 1926 tatores
625 1881 724 1924 mei.
769 1901 787 1921 «
812 1884 950 1925 Furor
977 1881 1091 1924 enim
1129 1882 1284 1924 animae
1314 1897 1421 1924 meae
1454 1891 1517 1925 est
1555 1880 1819 1935 indomitus,

432 1972 451 1993 η
489 1951 807 1996 commaculare
842 1952 920 1994 viri
952 1968 1131 1996 uxorem
1170 1972 1177 1996 :
1207 1971 1226 1993 »
1269 1952 1377 1996 mihi
1410 1968 1505 1996 eam
1534 1950 1820 2005 vindicando,

435 2044 454 2065 «
491 2023 618 2077 Quod
643 2024 676 2066 si
699 2032 741 2066 et
774 2022 947 2082 despexi
971 2023 1184 2083 judicium
1222 2022 1375 2067 famuli
1401 2024 1484 2067 mei
1517 2032 1592 2066 aut
1629 2022 1820 2077 ancillae,

435 2114 454 2135 υ
492 2110 592 2137 cum
610 2093 911 2153 judicarentur
934 2094 1047 2153 apud
1073 2097 1165 2138 meS
1187 2115 1195 2138 2
1215 2114 1233 2134 n
1255 2094 1494 2139 seeundum
1518 2094 1639 2155 quod
1658 2094 1823 2138 dictum

430 2175 493 2209 est
509 2201 519 2220 ,
565 2185 584 2206 «
604 2164 833 2210 soeeularia
868 2165 1000 2223 igitur
1015 2164 1181 2224 judicia
1202 2165 1236 2209 si
1259 2165 1537 2209 habueritis9.
1562 2186 1579 2205 »
1624 2164 1824 2210 Famulos

433 2230 578 2280 autc'm
603 2236 736 2291 dixit,
763 2236 897 2280 laicos
921 2237 1064 2281 adhuc
1091 2237 1370 2281 saecularibus
1392 2237 1576 2281 deditos.
1603 2236 1767 2290 «Quod
1789 2236 1824 2281 si

436 2327 456 2347 »
493 2317 536 2351 et
557 2307 870 2363 visitationem,
895 2307 1012 2367 quod.
1053 2324 1307 2368 responsum
1337 2308 1478 2352 dabo?
1503 2327 1522 2349 »
1557 2308 1602 2351 in
1635 2306 1822 2352 tribula-

437 2379 568 2433 tione,
624 2394 754 2438 quam
801 2379 1107 2422 conscientiam
1145 2378 1287 2423 habeo
1305 2414 1315 2432 ,
1358 2379 1458 2439 quia
1497 2379 1576 2423 ista
1615 2378 1825 2439 despexi?

480 2495 486 2510 ¹
507 2488 580 2519 Job.
603 2498 693 2525 xxxi,
717 2500 741 2518 ι,
771 2505 812 2509 --
834 2495 845 2509 ²
862 2488 973 2520 Mattb.
991 2500 1065 2520 xxiv
1080 2514 1087 2528 ,
1112 2500 1160 2520 12.
1186 2506 1226 2509 —
1245 2488 1340 2520 ³301».
1364 2501 1438 2521 xxm
1454 2514 1462 2530 ‚
1481 2500 1512 2521 2.
1535 2506 1577 2511 —
1595 2487 1611 2519 4
1627 2489 1707 2521 lbid.
1729 2489 1760 2521 5.
1781 2505 1822 2511 —-

435 2543 660 2574 ⁵11·i.1.5.—
692 2542 860 2587 ’1111111ιὶ).
893 2561 931 2565 —
953 2545 1064 2577 7111111.
1096 2556 1144 2577 io.
1179 2562 1218 2566 —--
1236 2544 1250 2565 ⁴¹⁵
1270 2545 1349 2576 thid.
1376 2556 1409 2577 ιι
1444 2549 1476 2577 et
1510 2546 1559 2578 13.
1593 2563 1633 2567 —
1663 2553 1677 2576 υ
1712 2556 1721 2576 1
1745 2546 1818 2578 cor.

431 2613 487 2641 vi,
524 2616 544 2642 ι.
