1833 3284
231 213 472 241 ENARRA'rio
504 213 554 240 111
587 214 632 240 m
666 209 870 241 PSALMUM
902 215 1046 252 xxxii,
1081 216 1207 242 ssim.
1246 217 1293 241 11.
1390 204 1475 244 499

88 283 179 322 n'on
200 277 258 322 o‘b
276 276 396 322 aliud
418 277 498 321 nisi
517 287 566 321 ut
584 293 662 322 nos
685 278 799 322 beati
817 279 962 337 simus.
991 278 1208 323 Possidem
1218 295 1264 323 us
1282 294 1382 323 eum
1401 315 1411 335 ,
1433 289 1477 324 et

87 347 279 408 possidet
295 357 396 406 nos3
412 347 513 408 quia
531 347 712 392 colimus
729 364 846 404 eum,
863 358 905 392 et
925 348 1028 393 colit
1046 365 1137 393 nos.
1159 349 1353 394 Colimus
1374 365 1477 399 eum

87 426 296 479 tanquam
309 419 545 463 Dominum
559 421 713 474 Deum,
728 418 831 463 colit
843 434 922 463 nos
936 429 1145 480 tanquam
1161 430 1321 465 terram
1335 435 1474 466 suam.

86 489 410 552 Quiabcoliiffnus
438 498 541 533 eum
559 524 570 545 ‚
601 505 731 534 nemo
760 489 961 547 dubitat3
987 491 1090 550 quia
1117 491 1222 535 colit
1249 507 1349 545 nos,
1381 492 1478 552 quis

85 553 212 606 nobis
229 560 424 607 indicat-P
442 561 521 607 Ille
538 562 615 623 qui
638 563 698 606 ait
719 582 728 606 ε
759 565 898 620 «Ego
915 578 1010 606 sum
1035 562 1133 606 vitis
1154 598 1165 619 ‚
1179 579 1261 607 ⁴vos
1279 565 1380 608 estis
1397 581 1483 608 sar-

87 651 109 675 »
127 622 302 695 fflent'a,
323 635 452 677 Pater
474 648 594 677 meus
617 632 806 692 agricola
828 636 931 678 est1.
956 637 1106 678 ›rEcce
1129 643 1173 679 et
1192 634 1239 678 in
1261 635 1342 679 isto
1366 635 1482 682 Psal-

83 704 158 766 mo
179 708 416 765 utrumque
439 704 566 749 nobis
597 704 758 750 dieitur
777 740 788 761 ,
820 714 1061 766 utrumque
1088 706 1215 750 nobis
1244 706 1477 752 indicatur.

85 771 182 821 szlm
209 776 319 820 dfxit
350 777 452 837 quia
469 776 746 837 possidemus
771 792 873 821 eum
901 797 910 822 :
939 796 959 819 «
983 781 1115 822 Beata
1138 793 1241 836 gens
1271 780 1392 839 cujus
1419 788 1485 823 est

87 853 112 890 ἰν
143 847 354 893 Dominus
378 850 494 910 Deus
519 864 686 893 eorum.
713 867 733 890 »
765 850 900 909 Cujus
929 859 991 894 est
1019 848 1184 894 fundus
1205 851 1316 894 iste?
1338 850 1475 895 Illius.

84 918 221 979 Cujus
251 918 356 963 ille?
377 918 516 964 Illius.
547 921 681 980 Cujus
703 929 767 964 est
788 920 897 964 iste?
924 915 1197 965 dicamus'de
1219 925 1331 976 Deo,
1356 922 1479 967 dica·-

90 992 325 1051 ffi‘us'cujus
340 1000 417 1035 est.
433 993 490 1035 Et
509 992 731 1052 quomodo
749 991 875 1035 nobis
888 992 996 1036 solet
1018 993 1285 1052 responderi,
1303 993 1480 1054 quando

95 1061 150 1106 de
177 1061 325 1107 fundis
347 1072 391 1107 et
412 1062 467 1106 de
483 1062 656 1123 praediis
679 1063 896 1124 aliquibus
919 1063 1072 1123 amplis
1091 1074 1222 1125 atque
1241 1067 1485 1110 amoenissi-

93 1133 176 1179 mis
197 1134 433 1195 quaerimus
456 1154 464 1180 ε
491 1143 554 1179 est
575 1134 753 1195 cliiidam
775 1145 962 1190 senator,
989 1145 1033 1179 et
1054 1134 1164 1180 illud
1187 1146 1262 1180 aut
1283 1136 1395 1181 illud
1411 1154 1487 1183 vo-

94 1214 232 1261 catur,
257 1207 380 1267 eujus
402 1215 466 1250 est
482 1206 560 1250 ista
582 1206 790 1266 possessio
813 1225 822 1251 z
848 1215 891 1250 et
906 1206 1112 1252 dicimus:
1138 1210 1295 1252 Beatus
1317 1208 1388 1252 ille
1409 1210 1487 1254 ho-

94 1292 183 1322 mo.
211 1277 278 1323 Sic
301 1278 336 1322 si
369 1293 639 1338 quaeramus,
674 1278 798 1338 cujus
831 1272 895 1322 est
917 1281 1030 1322 Deus
1051 1279 1158 1323 iste?
1181 1282 1257 1323 Est
1279 1279 1485 1340 quaedam

94 1347 223 1392 beata
251 1363 354 1407 gens
376 1349 499 1408 eujus
521 1357 613 1393 est:
641 1363 742 1392 nam
765 1348 976 1392 Dominus
1006 1352 1119 1394 Deus
1146 1365 1297 1394 eorum
1322 1361 1399 1395 est.
1427 1355 1486 1396 Et

95 1429 186 1464 non
211 1419 323 1464 sieut
344 1429 517 1464 senator
538 1419 612 1464 ille
639 1418 831 1480 possidet
848 1419 1034 1464 fundum
1059 1437 1184 1466 suum
1199 1457 1209 1477 ,
1230 1438 1320 1467 non
1338 1430 1484 1469 autem

94 1491 340 1552 possidetur
357 1508 381 1536 a
398 1491 539 1536 fundo
561 1508 656 1547 suo,
683 1492 741 1536 sic
763 1501 805 1536 et
823 1496 936 1537 Deus
960 1493 1097 1551 gentis
1120 1494 1264 1554 hujus.
1294 1495 1418 1539 Unde
1436 1505 1487 1540 ut

95 1564 188 1624 ejus
208 1563 362 1617 simus,
393 1563 590 1608 laborare
625 1562 862 1607 debemus:
894 1563 970 1607 sed
997 1564 1256 1609 alterutrum
1279 1581 1323 1610 se
1344 1568 1485 1626 possi—

95 1633 217 1678 dent.
237 1634 429 1679 Audistis
452 1634 555 1695 quia
573 1649 676 1693 gens
692 1634 884 1694 possidet
904 1650 1005 1679 eum
1026 1655 1034 1679 z
1060 1655 1080 1677 «
1104 1639 1234 1680 Beata
1254 1652 1378 1696 gem,
1404 1654 1485 1682 eu-

96 1723 119 1748 »
148 1706 219 1766 jus
241 1715 304 1750 est
326 1706 538 1750 Dominus
559 1708 674 1750 Deus
694 1720 859 1750 eorum.
885 1723 906 1746 >›
926 1705 1089 1750 Audite
1105 1708 1206 1767 quia
1230 1717 1273 1752 et
1294 1708 1367 1752 ille
1389 1725 1490 1769 pos-

94 1774 206 1821 sidet
225 1775 346 1820 illam
367 1796 376 1822 :
408 1795 428 1818 «
451 1775 646 1836 Populus
667 1791 799 1836 quem
817 1775 946 1834 elegit
963 1777 1173 1822 Dominus
1193 1779 1238 1822 in
1258 1779 1487 1825 haeredita-

97 1866 118 1890 n
154 1856 243 1892 tem
259 1847 356 1892 sibi.
381 1866 400 1889 »
426 1850 557 1891 Beata
580 1862 683 1906 gens
706 1848 972 1906 possessione
993 1863 1085 1902 sua,
1112 1849 1238 1892 beata
1256 1849 1487 1896 haereditas

93 1918 336 1979 possessore
352 1933 431 1963 suo
446 1954 457 1974 ‚
478 1937 499 1961 ‹<
525 1917 720 1978 Populus
739 1933 879 1978 'quem
902 1918 1032 1978 elegit
1049 1920 1260 1964 Dominus
1280 1921 1326 1964 in
1348 1922 1488 1966 haere-

97 2007 120 2032 )›
156 1989 336 2035 ditatem
356 1989 454 2034 Sibi.
483 2006 511 2032 >5

94 2059 116 2079 ³
152 2063 278 2107 xlx.
305 2065 413 2107 «De
431 2060 763 2121 coelorespexit
785 2061 1022 2117 Dominus,
1051 2061 1161 2107 vidit
1196 2078 1346 2107 omnes
1375 2063 1488 2110 filios

33 2132 35 2135 ⁴
97 2139 120 2176 ›5‘
138 2128 411 2178 hominu'm‘2‘.
430 2151 450 2174 >³
477 2134 637 2177 Omnes
654 2132 725 2176 hic
746 2132 804 2176 ita
824 2132 991 2192 accipe,
1014 2141 1064 2177 ut
1086 2134 1224 2192 gentis
1252 2133 1369 2179 illius
1391 2149 1489 2179 om·-

92 2205 181 2249 ''n'e‘s‘
195 2200 410 2264 intelligas
431 2203 554 2250 illam
571 2202 872 2248 haereditatem
886 2206 1098 2259 tenentes,
1116 2204 1187 2249 vel
1210 2203 1330 2248 illam
1349 2206 1492 2252 haere-

96 2269 279 2320 (litatem
301 2275 545 2320 existentes.
573 2273 813 2318 Haereditas
838 2283 902 2318 est
915 2274 1031 2318 enim
1053 2275 1128 2319 Dei
1147 2275 1227 2335 ipsi
1240 2292 1406 2321 omnes.
1433 2280 1491 2324 Et

95 2336 211 2405 ipsos
233 2361 391 2392 omnes*
405 2345 461 2391 de
489 2342 604 2399 coelo
641 2346 829 2406 respexit
851 2346 1061 2391 Dominus
1080 2381 1091 2402 ‚
1117 2356 1161 2391 et
1178 2346 1287 2391 vidit
1314 2364 1385 2393 eos
1419 2348 1492 2394 ille

98 2416 177 2477 qui
193 2418 276 2461 ait:
306 2438 325 2458 «
352 2419 465 2464 Cum
490 2429 600 2462 esses
619 2417 701 2462 sub
724 2417 878 2462 arbore
894 2418 964 2461 fici
988 2416 1077 2462 vidi
1097 2419 1158 2462 te3
1172 2436 1210 2462 .»
1237 2418 1358 2463 Vidit
1374 2421 1491 2466 enim

100 2503 202 2532 eum
220 2488 324 2549 quia
339 2486 566 2531 miseratus
587 2498 652 2530 est
686 2504 802 2530 eum.
836 2488 962 2530 Unde
997 2487 1258 2548 plerumque
1285 2500 1487 2549 rogantes

149 2579 159 2597 ¹
179 2575 272 2607 Joan.
291 2584 347 2615 xv,
369 2583 382 2604 1
403 2576 436 2605 et
455 2570 486 2605 5.
508 2588 549 2595 —
568 2578 581 2595 ²
601 2570 683 2604 Psal.
698 2581 779 2613 xxu,
799 2571 853 2604 13.
874 2588 915 2595 --
936 2570 948 2594 3
962 2573 1056 2606 Joan.
1083 2584 1107 2615 ι,
1132 2571 1186 2616 48.

1235 2630 1300 2669 32.
