1833 3284
392 224 476 264 452
842 231 875 260 s.
912 233 1143 261 Aucusrim
1177 234 1358 261 EPISCOI‘I

387 302 493 361 ejus.
524 319 544 341 «
564 302 602 343 A
620 297 851 342 clamando
868 313 938 342 me
962 307 1051 343 tota
1073 298 1157 343 die.
1177 316 1197 340 κ
1218 297 1334 352 Quid
1350 306 1413 341 est
1428 332 1439 353 ,
1465 316 1485 339 «
1503 296 1782 342 Aclamando

389 391 409 412 »
446 386 516 414 nie
542 378 630 414 tota
654 367 723 412 die
736 370 753 412 Ξ)
775 386 794 409 »
815 368 1137 413 Perseverando
1160 369 1204 413 in
1229 367 1481 412 defensione
1505 378 1784 427 peccatorum

384 457 580 488 suorum.
607 443 664 485 Et
687 450 834 485 tamen
855 440 1001 485 videte
1020 440 1159 502 qualis
1182 441 1257 496 sit,
1276 441 1378 501 quia
1396 439 1590 498 agnoscit
1606 455 1664 484 se.
1688 439 1784 484 Erit

385 514 502 558 enim
532 512 664 558 niodo
698 511 985 570 intelligentia
1014 528 1022 553 :
1057 511 1167 556 nihil
1205 520 1364 572 praeter
1394 527 1438 556 sc
1477 510 1702 571 respiciet,
1739 519 1784 554 et

384 584 635 646 displicebit
656 583 738 628 sibi
755 619 765 639 ,
793 584 895 644 quia
923 584 1119 644 agnoscit
1149 599 1209 628 se.
1244 582 1379 629 Modo
1404 582 1614 638 audietis,
1643 591 1690 626 ut
1715 597 1783 627 sa-

382 656 563 702 nemini.

441 728 563 772 XIV.
584 745 605 768 «
620 728 778 770 Beatus
791 725 858 771 vir
871 726 941 771 cui
957 742 1047 771 non
1059 726 1294 786 imputavit
1307 726 1519 771 Dominus
1530 733 1777 785 peccatum,

383 817 406 841 i)
441 813 522 843 nec
539 807 603 842 est
622 798 667 841 in
681 813 754 842 ore
774 798 867 858 ejus
885 796 1027 842 dolus.
1045 797 1261 851 Quoniam
1274 796 1407 852 tacui,
1424 796 1779 841 inveteraverunt

384 891 406 914 »
441 886 535 915 ossa
556 885 680 924 mea,
721 885 745 913 a
777 868 1008 913 clamando
1035 884 1104 912 me
1132 877 1224 913 tota
1258 868 1342 912 die.
1371 867 1586 920 Quoniam
1625 866 1696 912 die
1730 882 1779 911 ac

382 961 404 985 >›
440 950 569 986 nocte
593 949 767 999 gravata
794 948 858 984 est
893 955 1023 1000 super
1054 954 1125 983 me
1153 955 1308 983 manus
1341 940 1461 983 tua1.
1489 957 1509 980 »
1536 937 1654 991 Quid
1686 946 1776 993 est,

385 1033 405 1056 «
441 1015 627 1058 Gravata
650 1021 714 1056 est
732 1027 862 1071 super
884 1027 953 1055 me
968 1027 1123 1054 manus
1146 1012 1245 1054 tua?
1270 1029 1290 1051 »
1316 1012 1473 1067 Magna
1491 1025 1578 1064 res,
1607 1007 1774 1053 fratres.

378 1085 598 1145 Respicite
620 1083 739 1128 illam
758 1083 1018 1128 sententiani
1040 1092 1203 1126 rectam
1220 1082 1333 1125 inter
1352 1081 1462 1124 duos
1477 1116 1488 1136 ⁷
1511 1081 1779 1124 Pharisaeum

379 1166 425 1200 et
446 1155 753 1200 Publicanum.
780 1153 898 1207 Quid
920 1152 1089 1197 dictum
1118 1162 1182 1197 est
1211 1153 1266 1196 de
1292 1152 1539 1197 Pharisaeo?
1562 1151 1780 1204 Quoniam

379 1225 651 1271 humiliatur.
669 1224 787 1278 Quid
803 1224 971 1268 dictum
988 1233 1051 1267 est
1072 1223 1127 1266 de
1145 1222 1409 1267 Publicano?
1428 1222 1645 1276 Quoniam
1663 1221 1781 1266 exal-

380 1307 512 1342 tatur.
539 1300 685 1350 Quare
700 1295 774 1339 ille
792 1294 1078 1339 humiliatur?
1100 1294 1211 1347 Quia
1234 1293 1438 1337 exaltavit
1455 1309 1513 1337 se.
1541 1295 1682 1345 Quare
1700 1292 1780 1336 iste

380 1369 620 1415 exaltatur?
642 1367 753 1420 Quia
775 1365 1022 1410 humiliavit
1044 1381 1102 1409 se.
1135 1368 1251 1424 Ergo
1271 1374 1321 1408 ut
1344 1363 1606 1408 exaltantem
1626 1379 1670 1407 se
1692 1364 1780 1407 hu-

380 1442 519 1487 miliet
535 1444 650 1485 Deus
666 1475 676 1495 7
704 1448 853 1498 gravat
875 1453 1005 1498 super
1026 1436 1151 1480 illum
1168 1451 1364 1481 manum.
1390 1434 1541 1481 Noluit
1558 1435 1780 1479 humiliari

380 1512 653 1559 confessione
673 1510 915 1571 iniquitatis
934 1525 1038 1563 suae,
1055 1507 1309 1552 humiliatus
1328 1516 1392 1551 est
1409 1506 1603 1566 pondere
1625 1522 1780 1551 manus

380 1586 475 1632 Dei.
502 1582 690 1638 Quando
719 1582 791 1626 ille
825 1580 1038 1642 perferret
1066 1595 1247 1623 manum
1271 1594 1445 1637 gravem
1480 1577 1781 1622 humiliantis?

380 1662 525 1712 Quam
548 1656 651 1700 levis
674 1653 758 1698 suit
778 1669 931 1698 manus
961 1651 1229 1696 sublevantis
1246 1652 1293 1694 2?
1316 1653 1374 1694 Et
1400 1650 1445 1693 in
1467 1649 1541 1694 illo
1564 1648 1686 1694 sortis
1702 1685 1712 1705 ‚
1738 1659 1782 1694 et

380 1731 427 1774 in
449 1726 526 1772 illo
548 1725 672 1770 fortis
692 1744 700 1768 ε
729 1724 851 1768 fortis
868 1723 923 1767 ad
945 1721 1069 1766 illum
1092 1720 1382 1782 premendum
1400 1755 1411 1775 ,
1439 1719 1561 1764 fortis
1579 1719 1632 1764 ad
1655 1719 1778 1766 illum

380 1795 702 1843 sublevandum
711 1830 718 1838 .

439 1870 538 1912 XV.
566 1869 705 1924 Ergo,
736 1884 756 1906 «
781 1864 998 1918 Quoniam
1029 1863 1099 1906 die
1134 1877 1182 1906 ac
1209 1871 1337 1906 nocte
1361 1869 1537 1920 gravata
1556 1870 1620 1905 est
1651 1876 1781 1921 super

380 1958 404 1982 ³)
440 1954 511 1982 me
537 1952 690 1981 manus
714 1944 788 1979 tua
816 1954 825 1979 :
852 1949 1086 1979 conversus
1108 1948 1205 1977 sum
1232 1933 1278 1976 in
1305 1948 1501 1975 aerumna
1522 1947 1618 1975 mea
1634 1966 1644 1986 ,
1671 1931 1780 1975 dum

382 2031 404 2053 >›
441 2008 736 2067 configeretur
757 2006 920 2066 spinass.
942 2023 962 2046 »
980 2007 1044 2048 Ex
1064 2004 1155 2064 ipsa
1174 2004 1481 2063 aggravatione
1499 2018 1654 2047 manus
1673 2011 1775 2059 tuae,

380 2098 432 2126 ex
444 2082 535 2141 ipsa
547 2077 851 2123 humiliatione
871 2091 1105 2120 conversus
1121 2090 1216 2119 sum
1238 2075 1284 2118 in
1299 2090 1492 2118 aerumna
1507 2089 1618 2129 mea,
1638 2072 1779 2118 factus

381 2167 479 2198 sum
515 2151 659 2205 miser,
685 2149 853 2193 confixa
875 2156 939 2191 est
966 2147 1072 2191 mihi
1107 2146 1231 2206 spina
1247 2181 1257 2201 ‚
1283 2154 1548 2204 compuncta
1577 2153 1640 2188 est
1669 2160 1778 2189 con-

379 2222 560 2270 scientia
583 2236 694 2265 mea.
726 2217 845 2272 Quid
878 2216 1043 2262 factum
1075 2225 1139 2261 est
1171 2231 1274 2260 cum
1303 2216 1595 2275 configeretur
1626 2215 1779 2275 spina?

383 2300 518 2340 Datus
538 2301 602 2337 est
619 2291 658 2336 ei
676 2306 825 2335 sensus
843 2288 1030 2345 doloris,
1056 2288 1222 2333 invenit
1238 2288 1536 2332 infirmitatem
1557 2303 1694 2331 suam.
1721 2290 1778 2332 Et

380 2368 456 2413 ille
481 2366 558 2426 qui
580 2371 775 2408 tacuerat
801 2360 1117 2406 confessionem
1145 2360 1311 2420 peccati
1341 2360 1435 2415 sui,
1467 2368 1517 2404 ut
1546 2358 1776 2404 clamando

382 2441 429 2485 in
447 2435 700 2483 defensione
721 2433 889 2495 peccati
909 2433 975 2478 sui
992 2433 1325 2478 inveterasceret
1340 2432 1478 2477 virtus
1496 2432 1602 2492 ejus,
1627 2431 1671 2474 id
1694 2440 1772 2487 est,

429 2543 439 2560 ¹
460 2535 542 2568 Psal.
558 2544 650 2575 xxxi,
670 2531 702 2574 ί).
718 2549 760 2554 --
776 2537 789 2553 ²
818 2533 913 2563 Forte
927 2556 935 2572 ,
961 2532 1070 2573 Quam
1085 2530 1197 2574 gravis
1205 2528 1288 2573 filit
1311 2541 1430 2562 manus
1449 2528 1660 2561 humiliantis
1673 2553 1682 2571 ,
1704 2536 1774 2560 tam

377 2592 563 2640 Zet’isfin'l,
581 2593 646 2623 etc.
671 2606 710 2612 -—
734 2587 746 2612 3
762 2588 841 2620 Psal.
859 2599 931 2620 xxxi
944 2613 952 2629 ,
972 2586 1002 2629 ᾗ.
