1833 3284
230 250 471 279 ENAimATio
504 252 536 277 ιι
569 253 613 278 liv
647 251 846 279 PsALMuM
885 251 997 290 xxx,
1032 252 1157 278 SERM.
1195 250 1259 278 111.
1353 239 1436 277 429

0 318 9 375 t
49 314 166 359 diam
187 323 321 360 tuam.
338 318 428 362 Nee
440 324 718 374 unguentum
733 325 860 360 tuum
882 315 928 360 in
947 315 1020 359 illa
1039 314 1277 360 Jerusalem
1290 350 1300 370 ,
1316 316 1438 376 quasi

0 406 3 412 ·
45 385 91 429 in
104 401 203 430 vase
223 386 399 430 tenuisti
427 405 435 430 :
454 385 532 429 sed
549 395 760 447 tanquam
778 384 1001 431 confracto
1014 401 1113 430 vase
1128 421 1138 441 ,
1160 392 1439 445 unguentum

5 487 7 498 ,
49 471 126 516 pei·
144 455 361 500 mundum
383 455 594 501 diffusum
613 466 700 513 est,
730 466 779 501 ut
799 455 1055 516 impleretur
1075 455 1194 516 quod
1217 456 1374 500 dieitur
1392 457 1439 500 in

3 545 7 570 z
51 526 282 586 Scripturis
292 526 783 585 sanctis:«Unguentum
796 528 985 571 effusum
997 536 1059 571 est
1071 543 1231 571 nomen
1245 530 1386 571 tuum¹
1396 563 1404 571 .
1415 545 1434 569 υ

3 603 10 651 f
49 599 107 642 Et
126 597 186 641 ita
207 597 441 642 mirificasti
467 597 804 642 misericordiam
838 607 957 641 tuam
985 597 1029 641 in
1053 598 1226 643 civitate
1249 598 1437 642 circum—

3 667 6 712 ἐ
49 667 234 712 stantiae.
276 666 485 712 Ascendit
521 668 638 712 enim
674 669 720 712 in
749 667 937 724 eoelum,
970 668 1091 713 sedet
1129 667 1184 713 ad
1218 669 1438 713 dexteram

3 753 7 781 ι
51 737 187 782 Patris
202 773 212 793 ,
235 746 332 797 post
346 736 498 781 decem
519 737 609 782 dies
625 738 740 782 misit
764 738 969 798 Spiritum
991 743 1210 784 sanetum²
1239 759 1247 783 ;
1272 738 1440 799 impleti

50 818 152 852 sunt
169 807 331 868 Spiritu
347 817 496 852 saneto
510 807 734 868 Discipuli,
753 818 983 869 coeperunt
998 809 1238 868 praedicare
1259 825 1438 868 magna—

1 885 4 941 ζ
50 877 107 923 lia
142 879 324 937 Christi,
358 878 558 938 lapidati,
593 879 745 934 occisi,
777 879 917 938 fugati
938 881 1080 922 suntss.
1121 883 1177 924 Et
1209 896 1310 924 eum
1339 880 1440 926 inde

1 945 4 1011 ζ
50 958 260 1010 tanquam
289 965 342 993 ex
376 965 466 993 uno
501 949 599 994 loco
628 947 906 1007 fugarentur,
943 949 1066 1010 quasi
1101 949 1219 1008 ligna
1247 950 1442 996 ardentia

0 1020 3 1063 ἑ
50 1019 150 1079 igne
172 1020 341 1075 divino,
368 1029 505 1063 totam
518 1018 683 1077 sylvam
698 1018 852 1063 mundi
874 1035 1097 1063 accensam
1111 1019 1280 1064 fervore
1305 1022 1442 1080 spiri-

0 1099 4 1150 }
51 1099 122 1134 tus
143 1099 186 1135 et
213 1089 380 1134 lumine
401 1090 592 1134 veritatis
614 1088 905 1149 impleverunt
925 1109 932 1133 :
965 1099 1008 1133 et
1032 1090 1276 1135 mirificavit
1300 1094 1443 1136 Domi-

0 1179 2 1221 }
53 1177 134 1206 nus
151 1161 490 1206 misericordiam
515 1176 638 1205 suam
655 1161 700 1204 in
715 1160 887 1204 civitate
909 1161 1260 1205 circumstantiae.

110 1235 166 1276 X.
195 1236 330 1292 »Ego
369 1233 454 1276 dixi
490 1233 535 1276 in
570 1232 699 1276 extasi
728 1248 836 1275 mea.
871 1250 890 1273 η
922 1231 1227 1276 Recordamini
1269 1234 1444 1279 titulum

0 1295 1 1299 Ἰ
53 1303 233 1359 Psalmi,
259 1319 358 1348 ecce
380 1302 531 1348 estilla
545 1303 711 1347 extasis.
738 1302 893 1346 Videte
908 1303 1013 1362 quid
1027 1302 1164 1358 dieat,
1190 1324 1209 1346 (t
1226 1308 1320 1364 Ego
1335 1306 1439 1361 dixi,

0 1372 1 1434 J
57 1393 78 1417 »
101 1375 272 1435 inquit,
291 1375 339 1420 in
358 1375 491 1419 extasi
514 1390 608 1419 mea
628 1395 636 1419 ;
664 1375 885 1433 Projectus
909 1390 1004 1418 sum
1028 1391 1049 1418 a
1074 1374 1182 1419 faeie
1217 1377 1443 1421 oculorum

56 1463 76 1487 »
93 1446 322 1490 «tuot-um&
352 1464 372 1487 »
389 1449 440 1490 ln
457 1460 616 1505 pavore
637 1460 734 1489 meo
759 1445 864 1499 dixi,
888 1445 971 1489 hoc
993 1454 1071 1499 est,
1101 1465 1119 1487 «
1142 1446 1233 1490 Dixi
1248 1447 1292 1490 in
1315 1450 1444 1492 extasi

57 1533 78 1557 »
98 1530 209 1560 mea.
240 1534 260 1557 »
287 1515 408 1560 Vidit
426 1531 470 1559 se
490 1524 719 1575 paventem
746 1515 862 1559 intus
886 1515 1028 1559 nescio
1052 1532 1138 1576 qua
1161 1517 1444 1563 tribulatione

53 1601 231 1644 magna,
263 1586 374 1630 sieut
409 1601 498 1630 non
532 1585 691 1630 desunt
719 1604 727 1629 :
753 1582 937 1630 attendit
966 1601 1040 1630 eor
1075 1602 1202 1631 suum
1237 1589 1444 1648 pavidum

54 1666 98 1702 et
116 1656 357 1716 trepidum,
391 1666 434 1701 et
472 1657 529 1701 ait
556 1676 564 1700 :
590 1676 608 1697 «
628 1675 633 1680 ·
650 1657 875 1716 Projeetus
911 1673 1007 1701 sum
1029 1672 1051 1699 a
1076 1655 1183 1702 faeie
1218 1659 1446 1704 oculorum

58 1748 77 1770 »
112 1737 306 1772 tuorum.
338 1749 355 1770 ›>
383 1728 424 1772 Si
452 1727 496 1770 in
518 1726 627 1771 faeie
659 1735 730 1770 tua
764 1742 927 1783 essem,
955 1744 1043 1772 non
1066 1729 1125 1772 sie
1161 1730 1387 1788 timerem,
1411 1731 1446 1776 si

54 1814 124 1843 me
141 1797 405 1854 attenderes,
431 1813 521 1842 non
550 1798 609 1842 sic
631 1796 910 1857 trepidarem.
944 1800 1027 1844 Sed
1050 1801 1257 1860 quoniam
1277 1800 1380 1846 dicit
1401 1803 1446 1846 in

35 1868 140 1916 ,alio
168 1867 340 1913 Psalmo
367 1887 416 1912 z«
444 1868 487 1913 Si
503 1867 701 1912 dicebam
725 1887 735 1912 ε
761 1871 906 1913 Motus
925 1879 990 1914 est
1009 1886 1082 1929 pes
1101 1886 1222 1914 meus
1240 1907 1250 1926 ,
1276 1873 1444 1916 miseri-

59 1958 89 1982 »-
115 1938 262 1984 cordia
282 1948 380 1994 tua,
405 1939 612 1993 Domine,
635 1937 870 1998 adjuvabat
892 1942 985 1983 me⁵
1005 1959 1013 1984 ;
1039 1959 1057 1981 »
1084 1942 1293 1987 continuo
1315 1953 1358 1987 et
1377 1945 1445 1988 hie

55 2010 141 2054 ait:
165 2028 185 2051 «
213 2009 315 2053 Ideo
337 2008 548 2053 exaudisti
565 2024 717 2052 vocem
739 2009 943 2053 orationis
967 2025 1090 2054 meae.
1109 2032 1124 2052 »
1148 2013 1258 2065 Quia
1276 2013 1447 2058 confes-

55 2095 127 2125 sus
149 2095 261 2134 sum,
279 2080 382 2140 quia
400 2077 488 2122 dixi
506 2098 514 2122 ε
544 2097 563 2120 «
582 2078 803 2138 Projectus
814 2095 909 2122 sum
925 2095 947 2123 a
964 2080 1074 2124 faeie
1096 2081 1323 2127 oculorum
1345 2093 1445 2129 tuo-

60 2168 80 2192 »
101 2166 222 2207 rum,
239 2144 263 2191 »‘
281 2149 382 2211 quia
398 2165 487 2194 non
504 2148 718 2208 superbus
732 2149 868 2205 extiti,
887 2150 961 2194 sed
978 2166 1051 2194 cor
1064 2167 1208 2196 meum
1233 2157 1443 2211 accusavi,

57 2222 160 2266 etin
184 2221 465 2266 tribulatione
486 2236 582 2264 mea
606 2219 797 2264 titubans
817 2219 871 2264 ad
895 2230 936 2265 te
954 2220 1216 2267 exclamavi:
1238 2226 1446 2270 exaudisti

57 2293 298 2339 orationem
326 2307 483 2337 meam.
520 2291 756 2351 Impletum
781 2301 845 2336 est
867 2309 969 2351 ergo
992 2293 1112 2353 quod
1144 2298 1447 2343 commendavi

58 2362 114 2408 de
135 2362 210 2408 illo
233 2361 418 2408 Psalmo.
444 2361 572 2415 Quod
590 2361 706 2406 enim
729 2371 814 2417 est,
837 2382 853 2402 «
882 2366 974 2420 Ego
991 2362 1080 2407 dixi
1103 2365 1148 2408 in
1171 2367 1298 2411 extasi
1323 2384 1441 2412 mea:

65 2454 82 2476 »
117 2435 340 2495 Projeetus
362 2448 458 2478 sum
481 2448 505 2476 a
527 2432 636 2477 facie
657 2432 883 2478 oculorum
910 2442 1085 2478 tuorum
1114 2454 1122 2479 :
1154 2456 1170 2477 »
1208 2438 1290 2482 hoe
1318 2449 1380 2483 est
1404 2440 1446 2483 in

108 2539 116 2554 ¹
135 2533 228 2563 Cant.
253 2543 276 2574 1,
295 2540 327 2563 2.
350 2547 390 2553 -—-
416 2537 429 2554 ²
455 2532 528 2563 Act..
557 2542 577 2571 ι,
595 2541 628 2571 ς).
645 2546 687 2552 -—
708 2526 782 2562 3I·l.
805 2541 874 2571 vm,
900 2541 927 2562 ι.
949 2548 989 2553 —
1007 2529 1023 2560 4
1044 2531 1124 2563 Ps.·!.
1147 2543 1222 2574 xxx,
1245 2536 1296 2567 23.
1326 2535 1442 2569 -51d.

61 2597 147 2629 xciii,
170 2587 218 2620 ι8.
