1833 3284
380 190 463 227 ‘27⁸2
606 183 610 187 ‘
810 201 844 227 5.
881 197 1110 226 Auousnm
1143 200 1325 228 Emscom

376 264 556 309 fratrem
577 277 740 307 meum.
780 266 1009 320 Irascatur,
1040 263 1148 308 dum
1170 274 1318 310 tamen
1340 273 1579 325 quaeratur,
1605 266 1683 327 qui
1704 266 1773 311 in-

377 345 532 381 ventus
554 334 766 395 placatur.
794 337 953 388 Quaero
969 371 979 390 ‚
1011 335 1191 395 inquam
1207 370 1218 391 ,
1242 335 1418 379 stau-em
1443 351 1589 380 meum
1605 372 1616 392 ‚
1641 345 1685 380 et
1705 337 1774 381 in-

377 407 560 468 terpello
583 423 672 452 non
699 416 851 452 contra
876 406 1023 462 illum,
1045 406 1121 451 sed
1142 423 1221 467 pro
1245 406 1322 452 illo
1346 407 1581 452 Dominum
1604 424 1768 453 meum.

376 482 464 525 Nee
481 478 621 523 dicam
645 478 946 539 interpellans:
965 478 1164 533 Domine,
1186 477 1256 522 dic
1280 477 1400 524 fratri
1414 494 1511 523 meo
1533 487 1583 522 ut
1606 478 1775 524 dividat

377 565 551 595 mecum
580 548 910 607 haercditatem3
935 548 1010 594 scd
1026 584 1036 604 ‚
1064 549 1141 594 Dic
1164 549 1287 593 tratri
1316 565 1415 594 meo
1436 559 1487 594 ut
1509 559 1655 594 teneat
1678 566 1772 594 me-

376 638 478 666 cum
511 620 856 666 l1aereditatem1.
894 619 1011 674 Quid
1046 636 1149 680 crgo
1186 636 1326 677 erras,
1366 620 1525 666 frater?
1556 620 1673 675 Quid
1697 637 1774 682 per

377 691 560 752 angulos
583 691 724 749 sugis?
745 689 864 744 Quid
885 690 1057 736 latitare
1080 693 1280 736 conaris?
1304 712 1324 735 ι(
1346 695 1398 737 In
1425 692 1514 737 sole
1538 693 1683 752 posuit
1705 702 1774 737 ta—

381 784 400 806 »
435 763 724 808 bernaculum
745 778 889 806 suum.
912 765 968 807 Et
984 763 1075 823 ipse
1094 772 1305 824 tanquam
1327 779 1510 824 sponsus
1532 762 1775 823 procedens

379 854 398 878 »
435 834 489 880 de
512 834 705 880 thalamo
727 838 841 879 suo‘2.
859 853 878 875 »
898 837 1010 879 Puto
1025 835 1147 895 quod
1165 851 1370 894 agnoscas
1393 851 1509 879 curn.
1535 855 1553 876 «
1573 834 1652 879 Ille
1674 844 1775 880 tan—

378 925 399 949 »
435 922 569 967 quam
591 921 773 966 sponsus
795 904 1036 965 procedens
1067 905 1121 949 dc
1144 904 1336 950 thalamo
1356 922 1435 950 suo
1451 941 1461 961 ,
1489 904 1699 951 exultavit
1725 915 1776 950 ut

379 997 399 1019 >›
437 979 551 1037 gigas
575 977 629 1021 ad
648 976 908 1021 currendam
933 977 1047 1020 viam
1066 996 1074 1022 :
1095 995 1114 1017 »
1136 977 1226 1036 ipse
1243 997 1262 1018 «
1281 980 1333 1021 In
1351 976 1440 1021 sole
1464 977 1609 1036 posuit
1627 976 1775 1021 taber-

380 1067 400 1090 »
437 1048 647 1093 naculum
669 1064 796 1092 suum
817 1068 824 1092 :
851 1067 870 1089 i>
898 1047 981 1092 hoc
999 1057 1061 1091 est
1078 1083 1089 1102 ,
1114 1047 1187 1091 ille
1209 1056 1419 1108 tanquam
1441 1064 1647 1107 sponsus,
1674 1063 1775 1092 cum

377 1122 572 1165 Verbum
607 1137 706 1166 caro
732 1120 899 1164 factum
931 1121 1039 1174 est³‚
1070 1119 1116 1162 in
1146 1128 1270 1163 utero
1302 1118 1504 1178 virginali
1533 1118 1776 1163 thalamum

375 1193 566 1249 invenit3
592 1202 723 1253 atque
741 1191 844 1235 inde
863 1200 1030 1234 naturae
1049 1192 1309 1250 conjunctus
1326 1191 1549 1246 humanae,
1566 1199 1776 1252 tanquam

377 1262 431 1307 de
454 1263 688 1308 castissimo
711 1261 950 1322 procedens
973 1261 1123 1317 cubili,
1147 1261 1322 1305 humilis
1344 1260 1639 1306 misericordia
1661 1261 1776 1306 infra

375 1351 545 1391 omnes,
561 1334 682 1379 fortis
699 1335 921 1394 majestate
935 1349 1065 1393 super
1079 1348 1252 1377 omnes:
1272 1333 1356 1377 hoc
1375 1342 1437 1377 est
1455 1333 1588 1388 enim,
1610 1353 1629 1376 «
1646 1333 1775 1392 Gigas

378 1426 398 1449 »
435 1407 644 1452 exultavit
666 1406 722 1451 ad
744 1407 1007 1451 currendam
1030 1405 1145 1450 viam
1160 1441 1170 1461 ,
1199 1423 1220 1446 ³>
1247 1415 1374 1450 natus
1392 1415 1476 1461 est,
1506 1405 1664 1461 crevit,
1691 1404 1774 1450 do-

375 1481 487 1535 cuit,
508 1494 655 1539 passus
678 1487 763 1532 est,
790 1477 1045 1531 resurrexit,
1071 1475 1265 1520 ascendit
1283 1512 1293 1532 ‚
1319 1477 1514 1522 cucurrit
1534 1478 1664 1533 viam,
1684 1492 1776 1521 non

375 1552 498 1595 hzesit
521 1552 566 1595 in
592 1551 676 1594 via.
704 1549 827 1592 Idem
850 1548 940 1608 ipse
963 1563 1064 1606 ergo
1097 1563 1280 1607 sponsus
1303 1549 1379 1608 qui
1403 1549 1498 1593 haec
1520 1548 1624 1593 fecit
1644 1584 1655 1605 ‚
1683 1549 1775 1609 ipse

376 1623 523 1682 posuit
543 1642 560 1663 «
579 1625 633 1666 In
649 1620 753 1676 sole,
770 1621 854 1664 hoc
878 1628 956 1670 est,
984 1619 1030 1662 in
1050 1617 1418 1675 manifestatione,
1439 1619 1774 1665 tabernaculum

375 1708 503 1737 suum
521 1727 531 1747 ,
556 1692 640 1735 hoc
664 1700 749 1745 cst,
775 1699 970 1734 sanctam
992 1688 1233 1733 Ecclesiam
1251 1705 1389 1733 suam.

434 1766 535 1807 VII.
571 1765 713 1815 Quam
741 1770 888 1805 autem
915 1760 1029 1803 viam
1061 1760 1147 1804 cito
1179 1761 1371 1804 cucurrit
1393 1760 1457 1805 vis
1488 1760 1665 1805 audire?
1691 1780 1711 1804 α
1736 1764 1775 1807 Α

378 1852 398 1876 ))
434 1849 605 1878 summo
627 1832 740 1877 coelo
763 1831 946 1890 egressio
974 1831 1089 1891 ejus,
1124 1839 1167 1874 et
1199 1847 1404 1876 occursus
1433 1832 1523 1892 ejus
1556 1848 1696 1893 usque
1718 1832 1775 1876 ad

378 1923 398 1946 »
435 1920 656 1949 summum
684 1903 820 1963 ejus&
850 1922 868 1943 »
898 1906 1051 1946 Postea
1078 1917 1182 1946 vero
1206 1918 1340 1962 quam
1361 1902 1550 1946 excurrit
1572 1903 1699 1959 inde,
1731 1913 1775 1948 et

375 1977 639 2021 recurrendo
656 1974 878 2028 remeavit,
895 1973 1011 2017 misit
1032 1973 1243 2032 Spiritum
1263 1990 1408 2018 suum.
1426 1975 1538 2019 Visae
1555 1984 1657 2019 sunt
1672 1974 1770 2030 illis,
1832 2010 1833 2015 ,

374 2065 504 2109 super
528 2064 637 2109 quos
668 2047 811 2101 venit,
837 2045 999 2103 linguae
1021 2043 1170 2089 divisae
1197 2045 1319 2090 velut
1341 2046 1494 2105 ignis⁵.
1523 2047 1643 2092 Sicut
1663 2047 1774 2106 ignis

375 2121 496 2165 venit
521 2119 706 2179 Spiritus
728 2126 916 2171 sanctus,
938 2115 1110 2159 foenum
1132 2118 1271 2161 carnis
1295 2127 1635 2178 consumpturus
1650 2154 1661 2173 7
1691 2134 1772 2162 au-

375 2208 472 2236 rum
494 2201 699 2236 cocturus
717 2199 759 2233 et
774 2197 1062 2249 purgaturus3
1087 2188 1200 2232 sicut
1225 2189 1336 2247 ignis
1356 2190 1501 2246 venit,
1523 2199 1566 2235 et
1587 2189 1686 2234 ideo
1703 2205 1773 2234 se-

374 2264 525 2324 quitur
547 2283 555 2308 2
584 2283 604 2305 «
628 2266 685 2306 Et
707 2277 797 2306 non
819 2270 882 2304 est
904 2260 1034 2320 quise
1057 2259 1297 2304 abscondat
1320 2277 1344 2304 a
1366 2259 1508 2305 calore
1527 2263 1634 2322 ejus,
1660 2280 1680 2303 »

433 2338 557 2379 VIII.
589 2354 609 2377 «
631 2338 716 2378 Lex
739 2333 913 2378 Domini
941 2331 1220 2376 immaculata
1252 2343 1510 2378 convertens
1541 2334 1719 2378 animas.
1747 2352 1768 2376 »

375 2410 469 2451 Hoc
499 2414 590 2460 est,
614 2405 799 2464 Spiritus
830 2412 1018 2447 sanctus.
1052 2420 1072 2443 ‹<
1101 2403 1415 2448 Testimonium
1443 2404 1627 2449 Domini—
1640 2403 1771 2449 fidele

422 2511 430 2525 ¹
453 2505 530 2535 Luc.
548 2515 608 2543 κη,
639 2503 691 2534 13.
709 2520 751 2525 -—
774 2509 787 2524 ²
808 2501 888 2533 Psal.
911 2511 992 2533 xvm
1007 2524 1017 2542 ‚
1035 2500 1068 2532 6.
1090 2518 1131 2522 -
1148 2498 1160 2522 3
1180 2503 1270 2534 Joan.
1298 2513 1322 2543 1,
1341 2500 1392 2534 15.
1414 2518 1455 2524 —
1480 2499 1496 2532 4
1514 2501 1596 2534 Psal.
1622 2514 1713 2545 xvm,
1735 2514 1767 2545 7.

374 2578 415 2583 —-
441 2558 455 2582 3
477 2560 655 2601 .xet.11,3.
