1833 3284
389 227 729 258 ANNOTA‘TIONUM
764 231 809 258 m
841 232 937 269 που,
974 232 1112 258 mima.
1421 221 1444 257 7

65 315 86 340 »
119 311 218 342 rum
246 296 344 358 quis
370 295 655 341 sustinebit1?
688 315 708 337 »
747 297 826 341 Hic
856 310 958 355 ergo
982 295 1087 341 dicit
1117 311 1161 341 se
1183 297 1279 355 cogi
1300 296 1355 342 ad
1376 296 1443 352 lo-

60 367 309 429 quendum,
335 367 439 427 quia
466 382 556 411 non
581 366 764 411 sustinet
795 367 912 412 dicta
943 367 1052 427 ejus.
1082 385 1101 408 «
1132 369 1288 412 Nonne
1316 368 1448 412 timor

62 456 83 480 »
117 447 220 482 tuus
238 436 397 482 stultus
409 438 559 482 est2i‘»
581 439 760 482 Paratus
779 437 896 481 enim
915 437 971 482 ad
988 437 1083 482 haec
1101 453 1191 482 esse
1205 437 1442 494 debueras,

59 508 95 553 si
114 507 206 553 aliis
225 508 435 553 veraciter
463 506 690 552 suadebas.
715 509 804 553 Nec
836 507 939 552 talia
963 507 1076 552 bene
1103 507 1313 566 timuisti3
1344 523 1447 553 cum

59 578 248 635 diceres,
285 596 306 622 «
348 579 495 623 Timor
525 578 642 622 enim
680 592 813 639 quem
851 578 1035 624 verebar
1065 577 1186 623 venit
1222 577 1346 623 mihi.
1392 581 1450 624 Et

62 665 84 691 »
117 663 214 709 spes
236 657 312 694 tua
330 658 374 693 et
396 647 646 708 simplicitas
663 649 790 693 vitae³
808 657 896 693 tuae
917 648 1041 709 quasi
1065 648 1276 694 stultitia:
1299 666 1321 690 »
1345 649 1447 710 quia

58 719 140 764 ista
164 719 282 764 bona
310 726 537 779 putantur.
568 737 590 761 «
618 719 835 763 Fremitus
865 718 1003 763 leonis
1027 728 1072 764 et
1096 734 1180 764 vox
1202 718 1394 765 leaenae⁴=.
1424 739 1446 762 »

60 792 159 850 Ipse
179 789 381 835 diabolus
402 799 447 834 ct
464 790 681 850 superbiae
699 790 864 846 civitas,
886 805 987 851 quae
1007 804 1121 850 saepe
1146 790 1277 834 etiam
1298 789 1451 835 bestiae

57 875 181 906 more
211 877 235 906 a
260 861 489 921 Prophetis
511 861 706 920 ponitur.
733 879 754 903 ‹<
777 863 836 905 Et
866 860 1075 919 gaudium
1108 859 1351 905 draconum
1380 876 1451 905 ex-

61 948 83 973 »
115 931 304 976 tinctum
342 940 433 977 est:
463 949 485 974 »
519 932 811 992 superborum
841 940 884 976 et
912 931 1242 987 insidiosorum,
1273 950 1294 974 «
1327 933 1451 989 Myr-

60 1019 82 1044 »
117 1001 335 1048 micoleon
358 1002 507 1063 periit,
533 1017 586 1047 eo
612 1001 736 1064 quod
757 1017 849 1047 non
869 1002 1053 1048 haberet
1074 1004 1257 1047 escam5.
1286 1021 1307 1045 »
1338 1003 1451 1056 Quia

57 1072 104 1116 in
127 1073 361 1118 novissimo
391 1088 482 1118 non
510 1081 662 1129 erunt,
689 1088 800 1133 quos
828 1071 1041 1118 inducens
1076 1072 1292 1119 comedat.
1323 1074 1451 1133 Sepa-

57 1144 274 1189 rabuntur
303 1145 421 1189 enim
450 1144 513 1205 pii
541 1145 597 1188 ab
627 1144 783 1205 impiis.
811 1145 892 1190 Hic
920 1153 1066 1190 autem
1095 1154 1230 1201 errat,
1259 1143 1379 1206 quod
1401 1160 1451 1190 ea

55 1229 157 1276 quae
178 1214 234 1260 de
261 1214 438 1260 diabolo
463 1214 661 1260 audierat
691 1216 930 1276 Propheta,
964 1215 1019 1261 de
1043 1218 1068 1261 J
1073 1216 1129 1262 ob
1160 1215 1448 1275 intelligebat.

55 1282 373 1343 Myrmicoleon
405 1301 511 1332 vero
544 1286 822 1347 accipiendus
862 1296 948 1344 est,
974 1286 1046 1333 vel
1080 1288 1183 1349 quia
1212 1296 1452 1348 utrumque

57 1356 102 1400 in
123 1371 175 1402 eo
197 1366 284 1412 est,
306 1371 409 1401 cum
441 1365 485 1402 et
509 1357 624 1418 rapit
644 1367 688 1402 et
714 1357 885 1403 occulte
909 1359 1187 1420 persequitur
1210 1356 1448 1414 frumenta,

55 1443 157 1488 quae
185 1427 359 1473 sublato
384 1428 514 1474 oculo
541 1427 647 1473 facit
670 1444 761 1473 non
787 1429 1057 1488 germinare,
1084 1428 1156 1473 vel
1183 1429 1287 1490 quia
1315 1429 1452 1474 avaris

57 1507 101 1543 et
132 1498 180 1543 in
210 1507 325 1544 terra
363 1497 758 1543 thesaurizantibus
785 1498 1064 1558 dominatur,
1093 1498 1163 1544 vel
1189 1500 1293 1560 quia
1310 1500 1451 1560 justos

56 1569 349 1629 persequitur,
369 1569 494 1630 quasi
515 1567 718 1613 formicas
746 1578 1039 1629 praeparantes
1061 1568 1144 1614 sibi
1166 1585 1281 1614 escas
1303 1579 1453 1614 aestate

56 1638 113 1684 ad
130 1639 359 1697 hyemem,
390 1638 552 1700 quibus
582 1654 673 1684 non
704 1647 928 1699 pascetur,
954 1655 1057 1684 cum
1091 1639 1197 1685 boni
1221 1639 1277 1684 ab
1309 1640 1453 1700 impiis

55 1709 221 1755 fuerint
246 1710 445 1771 separati.
478 1728 500 1752 «
527 1712 585 1754 Et
607 1709 740 1754 catuli
765 1709 946 1755 leonum
975 1709 1102 1755 divisi
1127 1719 1230 1755 sunt
1260 1710 1317 1755 ad
1339 1711 1453 1756 invi-

59 1799 81 1823 »
115 1796 225 1826 cem.
251 1799 273 1824 »
297 1781 570 1842 Conspiratio
603 1780 853 1842 principum
886 1781 1070 1827 civitatis
1097 1781 1213 1827 illius
1245 1781 1451 1843 dissipata

56 1862 135 1910 est,
158 1854 236 1915 qui
249 1855 340 1899 nati
359 1863 461 1899 sunt
478 1854 533 1899 de
553 1853 628 1898 illa
646 1854 861 1899 societatis
883 1853 1057 1900 civitate
1077 1864 1121 1900 et
1144 1854 1322 1900 diabolo
1345 1874 1354 1900 z
1379 1854 1451 1901 vel

55 1925 158 1986 quia
189 1941 235 1970 se
266 1925 454 1971 invicem
483 1934 778 1971 vastaverunt.
803 1924 913 1970 Inde
944 1935 1040 1972 est:
1073 1945 1094 1968 »
1121 1929 1317 1986 Exurget
1346 1941 1452 1986 gens

60 2014 84 2037 »
116 2004 268 2040 contra
302 1998 524 2055 gentem⁶.
554 1995 675 2041 Nihil
702 1997 863 2041 horum
885 1996 965 2040 tibi
995 1996 1253 2042 accidisset⁷
1280 2015 1289 2042 ε
1325 2015 1345 2039 »
1378 1995 1451 2042 vel

57 2064 131 2110 illa
153 2064 314 2111 damna
335 2075 380 2112 et
401 2066 562 2112 orbitas
581 2075 625 2111 et
646 2066 773 2128 plaga
800 2065 1019 2124 vulneri83
1040 2067 1111 2112 vel
1133 2076 1176 2113 te
1197 2083 1288 2113 non
1309 2082 1449 2127 pene-

59 2145 192 2181 traret
218 2135 344 2182 dolor
380 2137 537 2193 animi,
573 2138 676 2198 quia
713 2146 757 2181 et
789 2147 830 2182 te
864 2135 1170 2194 consolareris,
1207 2138 1242 2182 si
1278 2136 1371 2183 aliis
1396 2153 1449 2182 ex

56 2207 187 2253 corde
201 2207 399 2254 dixisses:
419 2227 437 2249 «
457 2209 685 2269 Numquid
702 2225 793 2254 non
811 2209 928 2269 capit
946 2208 1060 2253 auris
1075 2224 1172 2254 mea
1186 2209 1241 2253 ab
1255 2224 1306 2254 eo
1324 2225 1449 2268 mag-

59 2296 81 2321 »
115 2277 300 2325 nificass?
328 2281 361 2321 n‘
373 2279 486 2334 Quia
511 2281 591 2325 ista
620 2296 721 2342 quae
745 2280 872 2336 dicit,
904 2296 955 2325 ex
983 2279 1250 2325 revelatione
1271 2295 1317 2326 se
1340 2281 1448 2326 dicit

57 2348 216 2394 dicere.
250 2368 272 2392 »
305 2352 365 2394 Et
396 2351 569 2411 spiritus
602 2350 648 2395 in
681 2350 833 2395 faciem
859 2351 968 2395 mihi
999 2352 1230 2397 occurrit9.
1265 2369 1286 2393 »
1313 2351 1448 2405 Quasi

58 2419 213 2465 flatum
235 2420 412 2465 sensisse
429 2421 525 2465 vult
544 2421 730 2480 intelligi
748 2441 757 2466 :
783 2437 886 2466 nam
907 2431 1039 2483 negat
1062 2423 1108 2467 in
1134 2422 1445 2484 consequenti-

106 2521 116 2538 ¹
140 2513 285 2557 Job.1v,
298 2522 332 2548 2.
350 2533 390 2538 -—
405 2523 418 2539 ¹
437 2515 518 2548 lbid.
536 2516 558 2548 6
575 2534 616 2540 —
637 2514 650 2539 ³
670 2519 764 2549 Forte
781 2517 865 2549 υἷα).
880 2516 949 2548 -4
965 2517 1041 2550 Job.
1059 2530 1106 2560 iv,
1128 2530 1180 2552 10.
1196 2517 1363 2551 -51bid.
1390 2531 1440 2552 11.

61 2587 102 2592 —
118 2568 134 2592 ⁶
152 2572 247 2603 Marc.
267 2581 334 2610 xm,
354 2571 385 2603 8.
405 2588 447 2593 -
467 2577 480 2603 7
503 2573 708 2613 Job.1v,12.
730 2589 771 2594 —-
786 2571 801 2594 Β
820 2572 900 2604 1ὺί(1.
922 2589 962 2595 -ῆ
988 2581 1003 2604 9
1019 2574 1087 2605 Ihm
1124 2573 1175 2606 15.
