1833 3284
374 204 457 242 326
815 212 848 240 s.
886 213 1117 240 Auousnm
1149 213 1331 240 Emscom

380 300 398 322 >1
434 279 582 325 oculos
611 292 730 322 meos
759 286 850 333 cst,
877 286 920 321 ct
946 277 1189 337 complacui
1210 278 1256 321 in
1278 277 1460 321 veritate
1488 277 1604 320 tua¹.
1630 296 1648 317 »
1670 277 1764 320 Hoc

377 361 441 395 cst
457 387 467 406 ,
493 350 644 395 nonin
665 348 842 393 homine
865 348 1136 408 complacui,
1162 347 1238 393 sed
1254 348 1371 392 intus
1388 346 1632 407 complacui
1657 347 1761 402 tibi,

372 423 451 467 ubi
473 432 523 466 tu
543 421 662 466 vides
683 437 690 462 :
717 430 759 465 ct
782 437 872 464 non
895 421 1025 465 timeo
1047 421 1079 465 si
1111 419 1360 479 displiceam
1384 418 1461 463 ubi
1482 418 1678 463 homines
1699 417 1766 461 vi-

380 494 512 548 dent,
549 493 661 537 sicut
689 492 749 536 ait
776 490 1010 551 Apostolus
1040 510 1048 535 ε
1078 510 1094 530 «
1120 492 1240 549 Opus
1271 500 1416 534 autem
1446 503 1574 533 suum
1610 488 1767 548 probet

380 584 398 606 »
434 563 737 624 unusquisque
754 598 764 617 ,
786 571 829 605 et
846 571 952 606 tunc
970 562 1013 605 in
1032 561 1260 621 semetipso
1284 570 1456 605 tantum
1477 559 1657 604 habebit
1674 558 1767 617 glo-

373 636 481 680 riam
501 671 511 690 ,
538 644 581 679 ot
598 634 746 678 nonin
769 632 948 678 altero2.
976 653 992 675 »

434 709 511 750 IX.
542 709 674 751 «Non
699 705 810 760 sedi,
837 705 1006 766 inquit,
1032 719 1133 749 cum
1151 702 1334 748 concilio
1355 701 1603 747 vanitatisss.
1630 721 1646 748 »
1673 703 1768 746 Hoc

373 777 482 839 quid
513 786 602 832 est,
628 796 645 817 «
672 780 770 822 Non
795 777 911 832 sedi,
944 797 960 818 »
983 775 1182 820 intendat
1212 774 1423 820 Sanctitas
1452 776 1617 817 Vestra.
1644 774 1767 826 Quo-

371 848 505 893 modo
523 849 644 893 videt
665 852 799 903 Deus,
826 848 945 893 dicit.
971 867 987 887 «
1006 849 1104 893 Non
1121 845 1225 891 sedi.
1249 866 1265 887 »
1283 843 1533 906 Aliquando
1552 859 1642 888 non
1660 859 1703 887 es
1722 843 1769 887 in

373 920 558 965 concilio
573 955 584 975 ‚
611 930 653 964 et
676 921 737 964 ibi
759 919 896 964 sedes.
924 919 1056 963 Verbi
1079 918 1213 978 gratia
1228 953 1238 973 ‚
1255 918 1302 961 in
1323 918 1494 961 theatro
1516 904 1606 960 non
1622 914 1766 971 sedes,

372 992 449 1038 sed
465 992 627 1051 cogitas
651 992 885 1047 theatrica,
911 1000 1062 1035 contra
1076 997 1175 1050 quae
1194 988 1364 1034 dictum
1382 997 1445 1033 est
1467 1004 1476 1030 z
1501 1007 1519 1028 «
1539 989 1624 1032 Ure
1646 1001 1771 1031 renes

378 1085 397 1107 »
433 1080 551 1108 meos
579 1080 586 1105 :
621 1085 636 1105 ›>
663 1064 723 1108 ibi
745 1063 866 1108 sedes
892 1063 1045 1118 corde,
1073 1062 1269 1123 quamvis
1291 1077 1379 1106 non
1402 1060 1457 1105 sis
1485 1060 1545 1104 ibi
1569 1074 1767 1119 corpore.

373 1136 610 1193 Contingat
636 1144 783 1179 autem
812 1144 861 1179 ut
894 1134 1079 1179 tenearis
1101 1134 1154 1177 ab
1177 1132 1346 1193 aliquo,
1372 1141 1416 1176 et
1437 1131 1499 1175 ibi
1529 1129 1768 1189 colligeris,

372 1216 449 1252 aut
471 1205 651 1267 aliquod
673 1206 867 1250 officium
890 1206 1013 1265 pium
1035 1205 1165 1249 faciat
1188 1213 1231 1248 te
1262 1204 1323 1247 ibi
1343 1201 1507 1247 sedere.
1539 1200 1772 1255 Quomodo

373 1287 517 1339 potest
538 1279 622 1322 hoc
647 1278 850 1321 evenire?
873 1276 1098 1334 Contingit
1123 1291 1175 1319 ex
1202 1275 1346 1319 officio
1376 1274 1547 1334 pietatis
1570 1282 1620 1317 ut
1649 1288 1773 1318 servo

374 1350 451 1395 Dei
481 1350 536 1394 sit
563 1349 792 1393 necessitas
815 1348 860 1392 in
883 1340 1204 1407 amphitheatro
1233 1362 1351 1404 esse3
1385 1346 1572 1390 liberare
1594 1344 1774 1390 volebat

373 1421 521 1466 nescio
549 1436 682 1482 quem
705 1419 985 1478 gladiatorem
1002 1455 1012 1474 ‚
1051 1418 1144 1462 fieri
1166 1427 1311 1478 posset
1333 1426 1382 1461 ut
1404 1416 1596 1472 sederet,
1628 1425 1671 1460 et
1704 1431 1775 1460 ex-

373 1502 588 1554 pectaret,
614 1492 754 1537 donec
782 1492 855 1536 ille
873 1491 1006 1535 exiret
1035 1506 1167 1551 quem
1192 1489 1376 1534 liberare
1405 1488 1624 1548 cupiebat.
1659 1491 1774 1532 Ecce

375 1581 464 1609 non
487 1564 599 1608 sedit
627 1564 672 1608 in
695 1563 880 1608 concilio
901 1562 1102 1607 vanitatis
1119 1597 1129 1616 ,
1156 1561 1353 1622 quamvis
1380 1559 1469 1604 illic
1500 1574 1682 1619 corpore
1705 1574 1774 1603 se·
1832 1606 1833 1616 ἵ

375 1636 479 1681 dere
493 1634 726 1679 videretur.
746 1634 861 1688 Quid
880 1644 943 1678 est
960 1632 1403 1678 sederePConsentire
1418 1646 1519 1675 cum
1532 1631 1598 1675 his
1616 1630 1694 1690 qui
1710 1630 1774 1674 ibi
1832 1650 1833 1654 ¹

377 1706 530 1752 sedent
555 1727 562 1751 :
588 1705 709 1767 quod
743 1705 775 1749 si
800 1721 987 1765 praesens
1011 1720 1101 1748 non
1123 1703 1296 1757 feceris,
1323 1719 1414 1747 non
1436 1702 1496 1746 ibi
1526 1701 1673 1746 sedisti
1700 1716 1708 1742 ε
1740 1701 1775 1745 si

376 1778 532 1822 absens
554 1776 728 1830 feceris,
750 1775 896 1819 sedisti
914 1775 988 1819 ibi.
1011 1794 1027 1815 «
1046 1778 1220 1819 Etcum
1239 1773 1388 1834 iniqua
1413 1772 1666 1832 gerentibus
1684 1787 1776 1817 non

381 1868 399 1890 »
435 1848 626 1892 introibo
637 1849 676 1905 (1
687 1844 863 1904 3).Odio
875 1845 1401 1904 habuicongregationem
1412 1844 1740 1903 malignorum4.
1754 1862 1770 1884 »

378 1920 544 1964 Videtis
563 1920 665 1980 quia
687 1919 805 1962 intus
829 1928 906 1962 est.
935 1937 953 1959 «
980 1920 1155 1962 Etcum
1178 1915 1321 1976 impiis
1344 1932 1434 1960 non
1455 1915 1632 1960 sedebo.
1664 1935 1682 1957 »

439 1993 495 2035 X.
528 2009 545 2030 «
568 1990 743 2034 Lavabo
761 1989 806 2033 in
820 1989 1130 2034 innocentibus
1144 2004 1298 2032 manus
1317 1989 1486 2031 meas⁵t
1513 2006 1530 2028 »
1551 2002 1641 2032 non
1664 2001 1776 2046 aqua

377 2063 457 2107 ista
478 2062 652 2107 visibili.
671 2065 807 2107 Lavas
831 2077 1001 2117 manus,
1022 2059 1201 2121 quando
1218 2059 1288 2120 pie
1307 2059 1470 2118 cogitas
1493 2057 1547 2102 de
1571 2057 1776 2117 operibus

377 2134 491 2189 tuis,
517 2143 560 2178 et
588 2134 846 2178 innocenter
873 2147 1019 2177 coram
1055 2131 1190 2176 oculis
1223 2130 1327 2175 Dei:
1359 2130 1462 2190 quia
1485 2138 1548 2173 est
1576 2138 1619 2173 ct
1642 2128 1777 2172 altare

379 2221 527 2249 coram
556 2204 692 2249 oculis
722 2204 830 2248 Dei:
863 2219 952 2264 quo
979 2203 1194 2261 ingressus
1230 2210 1294 2245 est
1326 2199 1547 2255 sacerdos,
1585 2200 1662 2260 qui
1698 2213 1777 2258 pro

378 2276 505 2320 nobis
523 2291 567 2319 se
585 2276 750 2335 primus
768 2274 944 2319 obtulit.
962 2276 1039 2318 Est
1054 2272 1229 2317 coeleste
1246 2271 1397 2327 altare,
1418 2280 1462 2316 et
1480 2285 1570 2316 non
1588 2268 1779 2329 amplec-

379 2348 487 2390 titur
511 2345 624 2390 illud
652 2345 787 2390 altare
803 2381 813 2400 ‚
845 2345 926 2389 nisi
957 2344 1030 2404 qui
1053 2343 1169 2387 lavat
1196 2358 1349 2387 manus
1370 2343 1417 2386 in
1444 2340 1771 2386 innocentibus.

379 2419 489 2463 Nam
518 2415 646 2460 multi
675 2416 808 2460 altare
838 2416 923 2460 hoc
952 2424 1140 2473 tangunt
1173 2412 1364 2472 indigni,
1396 2422 1441 2457 et
1474 2411 1630 2457 tolerat
1662 2414 1778 2455 Deus
1832 2426 1833 2431 ¹

430 2520 439 2535 ¹
461 2512 540 2543 Psal.
575 2523 656 2553 xxv,
678 2511 710 2543 3.
743 2529 784 2533 ——
805 2519 816 2535 ²
846 2511 913 2543 Gal.
945 2522 992 2552 vi,
1017 2510 1123 2551 1.-
1156 2508 1168 2532 3
1196 2509 1278 2542 Psal.
1301 2520 1377 2549 xxv,
1409 2506 1441 2550 4.
1475 2506 1550 2537 ——-4
1571 2507 1651 2540 lbid.
1673 2509 1703 2539 5.
1733 2522 1776 2529 -

383 2567 497 2601 ⁵11ml.
519 2569 550 2599 (i.
