1833 3284
397 272 641 303 minirum
672 277 687 302 1
720 277 766 303 IN
798 273 1002 303 PsALMUM
1034 275 1159 301 xxm.
1392 263 1475 311 363

149 340 225 383 IV.
255 357 276 381 «
296 338 482 383 Domine
495 375 507 394 ‚
528 340 737 384 reduxisti
760 341 816 384 ab
837 338 986 383 inferis
1006 338 1194 382 animam
1212 354 1370 394 meam,
1390 338 1476 384 sal-

14 460 15 463 *
76 427 112 451 .»
146 424 252 453 vum
279 408 418 454 fecisti
442 425 511 453 me
533 426 556 453 a
579 409 944 455 descendentibus
967 411 1009 453 in
1032 409 1178 453 lacum
1194 412 1223 453 ¹.
1252 428 1272 451 n
1301 408 1477 455 Salvum

19 506 21 530 j
86 479 228 525 fecisti
249 495 319 524 me
341 496 364 524 a
388 479 640 525 conditione
667 479 898 541 profundae
920 480 1122 524 caecitatis
1139 516 1149 536 ,
1175 489 1306 540 atque
1338 480 1478 525 infimi

86 550 179 594 limi
199 550 497 611 corruptibilis
514 553 669 597 carnis.

144 623 198 666 V.
226 641 246 664 «
275 621 449 667 Psallite
481 624 666 668 Domino
697 624 834 668 saneti
862 625 968 684 ejus.
999 641 1019 664 »
1051 622 1231 667 Exultat
1258 623 1476 683 Propheta

85 692 232 738 futura
250 694 328 738 ista
350 710 545 749 cernens,
561 705 604 739 et
625 695 754 740 dicit:
776 715 795 737 «
812 695 986 740 Psallite
1010 695 1196 739 Domino
1213 695 1349 739 sancti
1367 697 1471 755 ejus.

12 773 16 785 ¹
83 767 142 809 Et
162 766 431 810 confitemini
450 768 669 811 memoriae
686 766 926 811 sanctitatis
943 768 1074 826 ejus².
1098 784 1117 807 »
1135 769 1192 810 Et
1206 767 1476 810 confitemini

83 835 123 879 ei
143 836 263 896 quod
286 837 542 892 sanctitatis,
568 854 655 898 qua
677 853 753 883 vos
770 837 1076 891 sanctificavit,
1097 853 1187 881 non
1204 847 1269 881 est
1289 837 1472 893 oblitus,

81 922 182 951 cum
205 916 348 952 totum
368 909 452 953 hoc
475 907 669 954 medium
695 918 867 969 teinpus
890 907 1105 953 desiderio
1127 918 1271 953 vestro
1291 908 1474 967 longum

81 986 206 1023 esset.

139 1050 217 1092 VI.
253 1049 516 1102 «Quoniam
549 1049 612 1093 ira
645 1050 690 1093 in
726 1047 1026 1107 indignatione
1060 1050 1169 1109 ejus.
1203 1066 1223 1090 »
1255 1049 1474 1102 Quoniam

79 1119 318 1166 vindicavit
337 1120 384 1165 in
405 1137 482 1166 vos
502 1121 693 1180 primum
714 1130 959 1181 peccatum,
978 1119 1099 1181 quod
1115 1130 1254 1165 morte
1271 1120 1471 1166 solvistis.

83 1209 104 1232 α
137 1192 194 1235 Et
227 1190 315 1236 vita
347 1190 393 1235 in
420 1191 645 1236 voluntate
674 1193 811 1252 ejus3.
843 1210 862 1233 n
895 1194 953 1236 Et
986 1191 1120 1235 vitam
1151 1200 1382 1246 aeternam,
1418 1191 1475 1236 ad

8 1286 11 1323 ,g
77 1277 211 1322 quam
243 1261 385 1306 redire
418 1261 550 1306 nullis
581 1262 730 1307 vestris
760 1262 926 1307 viribus
958 1263 1163 1323 possetis,
1200 1263 1304 1323 quia
1333 1261 1473 1307 voluit

8 1335 11 1378 ἓ
77 1331 214 1377 dedit.
256 1335 489 1393 «Vespere
518 1333 818 1378 demorabitur
850 1334 993 1378 fletus.
1023 1353 1042 1374 »
1080 1337 1269 1394 Vespere
1306 1334 1469 1393 coepit,

7 1387 9 1400 ,
76 1402 156 1447 ubi
177 1403 399 1463 sapientiae
421 1403 573 1447 lumen
604 1404 777 1449 recessit
798 1421 821 1450 a
844 1415 1052 1464 peccante
1072 1406 1265 1460 homine,
1290 1404 1471 1465 quando

6 1521 11 1524 Α
76 1484 218 1520 morte
247 1474 478 1519 damnatus
501 1485 566 1519 est
592 1495 600 1520 ε
627 1476 683 1519 ab
705 1476 797 1535 ipso
819 1492 996 1535 vespere
1018 1492 1158 1521 moras
1186 1476 1368 1521 habebit
1388 1476 1470 1521 sse-

5 1543 9 1578 j
75 1554 170 1601 tus,
206 1546 403 1606 quandiu
433 1546 479 1589 in
513 1546 737 1590 laboribus
760 1556 802 1590 et
834 1547 1148 1591 tentationibus
1176 1546 1365 1607 populus
1393 1549 1469 1592 Dei

7 1659 9 1674 ,
74 1626 278 1676 expectat
303 1617 418 1661 diem
454 1617 642 1662 Domini.
684 1637 704 1659 «
730 1621 786 1662 Et
813 1618 858 1662 in
890 1619 1156 1663 matutinum
1192 1618 1414 1663 exultatio.
1445 1638 1465 1660 »

4 1681 9 1747 ξ
75 1689 220 1747 Usque
242 1688 289 1731 in
311 1688 574 1732 matutinum
589 1723 599 1741 ,
625 1704 715 1748 quo
738 1688 949 1733 exultatio
967 1689 1294 1734 resurrectionis
1323 1688 1472 1734 sutura

4 1758 9 1771 ²
73 1768 158 1814 est,
180 1774 280 1820 quae
301 1759 347 1803 in
363 1759 577 1803 matutina
597 1760 770 1803 Domini
792 1760 1106 1805 resurrectione
1129 1760 1385 1820 praefloruit.

49 1829 50 1832 ’
129 1832 229 1885 VII,
259 1849 279 1873 «
304 1833 399 1889 Ego
422 1840 569 1875 autem
586 1830 674 1875 dixi
695 1830 741 1874 in
759 1830 1030 1876 abundantia
1051 1848 1146 1876 mea
1166 1852 1174 1877 :
1198 1835 1296 1878 Non
1313 1847 1465 1876 move-

2 1921 7 1958 ς
74 1919 96 1943 »
130 1901 213 1945 bor
233 1901 280 1945 in
307 1910 523 1946 aeternum
539 1903 570 1944 4.
605 1920 625 1942 >›
651 1904 744 1959 Ego
767 1911 913 1945 autem
942 1902 1015 1946 ille
1040 1901 1256 1962 populus,
1298 1903 1374 1963 qui
1408 1903 1465 1947 ab

1 1967 7 2018 ἶ
70 1971 196 2016 initio
216 1970 446 2032 loquebar,
471 1970 558 2015 dixi
580 1971 626 2015 in
643 1987 738 2016 mea
762 1971 1030 2016 abundantia
1046 2008 1056 2027 ,
1081 1974 1172 2033 jam
1199 1972 1365 2018 nullam
1384 1988 1464 2033 pa-

69 2041 181 2086 tiens
203 2051 462 2101 egestatem:
493 2062 513 2084 «
538 2044 636 2087 Non
660 2043 870 2087 movebor
886 2043 932 2086 in
953 2052 1182 2087 aeternum.
1213 2061 1233 2084 »

128 2114 253 2156 VIII.
276 2113 518 2168 «Domine,
543 2112 588 2155 in
604 2111 831 2157 voluntate
853 2122 928 2157 tua
943 2113 1178 2172 praestitisti
1195 2113 1341 2158 decori
1363 2129 1462 2159 meo

71 2200 93 2225 »
127 2182 333 2228 virtutem
348 2186 378 2228 ⁵.
408 2203 427 2226 »
457 2184 541 2229 Sed
562 2185 676 2228 hanc
694 2183 1009 2229 abundantiam
1026 2220 1037 2240 ,
1064 2186 1247 2229 Domine
1264 2221 1275 2241 ,
1301 2201 1391 2230 non
1411 2201 1461 2230 ex

0 2264 3 2311 ζ
53 2247 140 2302 'me
152 2255 260 2299 mihi
273 2271 379 2310 esse,
395 2255 471 2303 sed
485 2256 531 2300 in
541 2255 767 2300 voluntate
786 2265 860 2301 tua
881 2256 1124 2316 praestitisse
1140 2266 1180 2301 te
1193 2256 1341 2302 decori
1359 2273 1457 2302 meo

0 2373 2 2384 ἰ
67 2325 273 2371 virtutem
290 2342 341 2370 ex
358 2342 409 2371 eo
427 2327 584 2372 didici:
607 2328 840 2372 «Avertisti
852 2337 998 2372 autem
1013 2327 1165 2372 faciem
1184 2338 1306 2373 tuam
1319 2345 1343 2373 a
1361 2344 1430 2373 ine
1443 2365 1454 2384 ,

71 2413 92 2437 n
127 2405 170 2440 et
192 2396 331 2441 factus
353 2413 449 2442 sum
473 2398 780 2453 conturbatus,
811 2419 828 2440 »
855 2398 975 2459 quod
1005 2399 1195 2443 avertisti
1221 2399 1459 2460 aliquando

0 2487 1 2494 ¹
68 2483 93 2511 a
113 2478 320 2527 peccante
345 2467 497 2513 faciem
518 2479 661 2522 tuam,
689 2480 732 2515 et
752 2470 893 2515 factus
921 2487 1016 2515 sum
1039 2471 1324 2516 conturbatus
1340 2507 1351 2528 ,
1386 2487 1455 2517 re-

0 2559 7 2594 4
68 2538 249 2583 cedente
271 2556 294 2584 a
311 2556 380 2585 me
396 2539 716 2586 illuminatione
737 2542 903 2587 notitiae
928 2551 1028 2586 tuae.
1274 2593 1278 2596 Α

116 2631 126 2646 ¹
143 2624 224 2658 Psai.
244 2636 330 2670 xm,
357 2625 388 2668 4.
412 2644 454 2655 .-
470 2633 483 2649 ²
502 2626 583 2659 ibid.
602 2627 632 2659 5.
653 2645 694 2650 —
712 2626 725 2650 ³
743 2628 825 2661 Ibid.
844 2628 878 2660 6.
900 2627 971 2658 -4
988 2628 1070 2661 ibid.
1093 2639 1124 2672 7·
1143 2646 1184 2651 —-
1200 2627 1312 2661 51bid.
1332 2632 1364 2661 8.
