1833 3284
320 198 405 235 200
744 204 777 234 s.
815 205 1046 234 Aucus-mm
1079 207 1261 235 muscum

320 273 361 316 in
382 273 654 331 jocunditate
676 286 883 315 sonorum
906 272 1221 316 transeuntium
1238 307 1248 327 ,
1272 271 1415 316 necin
1440 270 1586 317 formis
1608 288 1705 318 cor-

319 359 474 403 porum
498 343 614 386 varic
631 341 830 386 coloratis
847 377 857 395 ,
879 357 958 385 nec
981 342 1023 384 in
1039 342 1303 386 vanitatibus
1324 341 1464 386 laudis
1482 343 1702 397 humanae,

317 430 399 457 nec
423 414 466 456 in
489 412 692 472 conjugio
720 421 762 456 ct
784 412 905 471 prole
927 411 1156 468 moritura,
1177 428 1257 457 neo
1279 413 1325 457 in
1345 414 1573 473 superfluis
1596 424 1707 460 tem-

317 484 533 545 poralium
556 484 832 539 divitiarum,
859 499 938 527 nec
964 483 1011 526 in
1032 484 1346 543 conquisitione
1376 485 1505 545 hujus
1529 486 1674 531 saeculi
1691 523 1703 543 ,

317 556 405 599 sive
431 571 530 615 quae
564 554 760 599 locorum
787 554 933 614 spatiis
956 554 1166 610 tenditur,
1201 555 1288 600 sive
1310 572 1409 616 quae
1438 557 1708 602 successione

318 626 522 685 temporis
544 625 733 669 volvitur
754 644 763 669 z
783 624 859 669 sed
886 643 905 666 «
931 624 1131 669 Laetabor
1153 634 1196 669 et
1213 625 1419 670 exultabo
1441 625 1487 669 in
1503 635 1568 682 te,
1594 645 1614 668 »
1639 627 1707 672 vi-

314 696 417 741 licet
446 698 490 740 in
513 695 692 740 occultis
721 694 843 750 Filii,
872 714 893 736 «
912 694 994 739 Ubi
1016 696 1231 754 signatum
1263 706 1326 741 est
1348 697 1393 740 in
1411 697 1536 741 nobis
1557 696 1708 744 lumen

320 786 340 808 η
361 766 509 810 vultus
532 766 610 820 tui,
633 766 892 811 Domine1.»
919 766 1110 820 Etenim,
1134 766 1420 812 «Abscondes
1433 782 1521 823 eos,
1545 767 1705 828 inquit,

320 856 339 878 »
364 838 409 880 in
427 835 682 881 abscondito
696 835 844 881 vultus
871 837 978 881 tui2.
1003 854 1023 877 »
1046 837 1286 881 Laetabitur
1304 853 1407 897 ergo
1425 847 1468 882 et
1497 837 1710 882 exultabit

316 908 361 952 in
381 917 420 951 te
436 943 447 962 ‚
472 908 548 968 qui
570 916 716 951 narrat
734 907 880 951 omnia
897 905 1113 951 mirabilia
1126 915 1214 952 tua.
1235 909 1437 954 Narrabit
1455 917 1601 952 autem
1618 923 1709 953 om-

317 979 386 1023 nia
406 977 617 1023 mirabilia
640 988 736 1034 tua,
751 981 768 1037 (
781 978 996 1039 siquidem
1014 995 1132 1025 nunc
1151 995 1228 1041 per
1241 981 1517 1040 prophetiam
1539 981 1707 1025 dictum

315 1053 433 1108 est,)
454 1049 526 1094 ille
548 1049 623 1110 qui
645 1065 736 1094 non
758 1051 875 1094 venit
894 1049 1168 1095 voluntatem
1191 1067 1314 1097 suam
1336 1050 1476 1097 facere
1492 1087 1504 1108 ,
1530 1051 1607 1097 sed
1625 1067 1707 1098 vo-

315 1121 531 1165 luntatem
564 1122 655 1182 ejus
676 1121 753 1181 qui
775 1136 876 1165 eum
898 1121 1055 1166 misit³.

378 1205 452 1247 IV.
489 1205 586 1247 Jam
608 1203 724 1247 enim
752 1203 904 1263 incipit
925 1218 1132 1263 apparere
1158 1218 1341 1263 persona
1364 1204 1539 1248 Domini
1560 1205 1605 1248 in
1625 1204 1710 1249 hoc

319 1273 490 1319 Psalmo
511 1273 712 1335 loquens.
733 1277 843 1321 Nam
865 1276 1078 1336 sequitur,
1102 1275 1321 1320 «Psallam
1343 1276 1510 1321 nomini
1524 1275 1709 1332 tuo,Al-

318 1363 339 1386 »
374 1345 557 1401 tissime,
578 1347 624 1390 in
647 1347 945 1392 convertendo
962 1347 1189 1392 inimicum
1209 1363 1357 1392 meum
1375 1350 1655 1393 retrorsum4.
1685 1366 1707 1390 »

318 1417 456 1476 Hujus
494 1431 597 1475 ergo
628 1417 830 1462 inimicus
865 1417 1045 1478 quando
1087 1426 1202 1462 retro
1237 1434 1468 1463 conversus
1510 1420 1606 1464 est?
1643 1407 1712 1463 Afi

316 1486 493 1548 quando
525 1487 563 1530 ei
592 1486 759 1532 dictum
789 1497 852 1533 est
883 1508 892 1533 :
930 1487 1071 1532 «Redi
1098 1498 1240 1544 retro,
1276 1492 1452 1534 Satanas
1468 1489 1506 1549 ⁵⁸!
1536 1508 1557 1531 η
1589 1492 1712 1534 Tunc

318 1561 433 1604 enim
467 1560 543 1620 qui
586 1559 797 1606 tentando
819 1576 862 1604 se
891 1575 1147 1620 praeponere
1177 1560 1408 1620 cupiebat,
1434 1571 1550 1605 retro
1572 1559 1713 1605 factus

316 1640 381 1674 est
396 1666 406 1685 ,
434 1646 522 1674 non
557 1629 816 1689 decipiendo
848 1640 1089 1685 tentatum,
1115 1640 1159 1675 et
1179 1631 1225 1674 in
1247 1646 1349 1675 eum
1371 1630 1481 1675 nihil
1504 1629 1709 1676 valendo.

318 1705 452 1745 Retro
476 1701 590 1744 enim
614 1710 715 1745 sunt
742 1701 902 1745 terreni
926 1701 1123 1745 homines
1151 1721 1160 1746 :
1195 1700 1382 1746 coelestis
1404 1712 1552 1747 autem
1578 1702 1714 1746 homo

317 1773 434 1833 prior
448 1771 586 1817 factus
601 1781 683 1830 est,
698 1773 895 1833 quamvis
910 1782 1009 1833 post
1025 1774 1207 1817 venerit.
1230 1774 1430 1818 «Primus
1448 1773 1566 1817 enim
1578 1774 1713 1817 homo

321 1863 340 1885 »
354 1843 408 1887 de
422 1853 533 1887 terra
546 1853 740 1888 terrenus
755 1864 763 1888 ε
779 1843 995 1888 secundus
1007 1844 1140 1888 homo
1155 1844 1209 1888 de
1225 1843 1338 1889 coelo
1353 1844 1538 1889 coelestis
1550 1845 1611 1888 ⁰.»
1629 1844 1714 1889 Sed

317 1914 372 1958 de
398 1914 488 1974 ipsa
511 1915 643 1974 stirpe
664 1915 894 1969 veniebat,
922 1931 945 1959 a
968 1930 1057 1975 quo
1076 1913 1244 1959 dictum
1261 1924 1352 1960 est:
1383 1915 1506 1969 «Qui
1525 1924 1623 1974 post
1644 1929 1714 1958 me

324 2006 341 2026 »
364 1987 481 2029 venit
495 2022 504 2040 ,
532 1995 632 2030 ante
649 2001 720 2029 me
742 1985 881 2030 factus
898 1995 963 2030 est
980 1988 1009 2030 ⁷.
1039 2005 1059 2027 υ
1085 1988 1144 2030 Et
1163 1985 1398 2046 Apostolus
1416 2002 1464 2031 ea
1481 2002 1580 2047 quae
1599 1995 1714 2031 retro

317 2066 420 2101 sunt
451 2056 734 2112 obliviscitur,
765 2066 808 2101 et
836 2058 882 2100 in
915 2073 965 2102 ea
993 2073 1092 2117 quae
1115 2066 1215 2101 ante
1242 2067 1371 2112 sunt,
1406 2072 1450 2101 se
1472 2056 1710 2101 extenditss.

320 2131 565 2174 Conversus
589 2138 651 2173 est
672 2129 806 2188 igitur
828 2129 1029 2173 inimicus
1046 2138 1182 2184 retro,
1209 2138 1443 2189 postquam
1466 2144 1556 2173 non
1575 2128 1714 2173 valuit

321 2199 543 2243 hominem
566 2199 788 2243 coelestem
819 2199 1018 2259 decipere
1041 2208 1280 2257 tentatum,
1308 2208 1350 2243 et
1371 2214 1415 2243 se
1444 2199 1499 2243 ad
1520 2208 1714 2243 terrenos

320 2270 561 2325 convertit,
588 2271 665 2313 ubi
688 2269 904 2315 dominari
926 2278 1084 2330 potest.
1106 2273 1384 2330 Quapropter
1406 2268 1553 2313 nullus
1573 2270 1712 2314 homi-

320 2357 426 2384 num
447 2357 546 2384 eum
576 2340 801 2400 praecedit,
828 2351 872 2385 et
895 2351 1009 2385 retro
1036 2356 1138 2384 eum
1161 2357 1250 2386 esse
1272 2340 1404 2396 facit,
1430 2341 1511 2385 nisi
1534 2341 1608 2401 qui
1632 2340 1712 2384 de-

318 2427 484 2470 ponens
515 2412 750 2470 imaginem
783 2412 941 2456 terreni
973 2412 1187 2467 hominis,
1212 2412 1451 2472 portaverit
1472 2412 1709 2470 imaginem

370 2495 546 2535 ¹I*s:1¹..1v,
569 2506 600 2537 5.
619 2512 660 2518 —-
683 2497 757 2528 21d.
779 2508 854 2538 xxx,
873 2505 927 2528 21.
948 2513 990 2519 -·
1018 2494 1031 2520 3
1056 2498 1149 2527 Joan.
1176 2508 1229 2538 vr,
1252 2497 1306 2529 38.
1335 2513 1378 2518 —
1398 2494 1413 2520 l.
1441 2494 1645 2537 Psal.1x‚4.
1670 2513 1710 2518 -

321 2550 333 2572 -”
352 2551 464 2582 Manli.
482 2563 527 2592 iv,
553 2563 658 2583 10.—-
678 2551 693 2571 ‘ss
717 2564 724 2583 ι
749 2555 820 2583 (tor.
840 2564 893 2593 xv,
914 2552 966 2595 ’,7.
991 2560 1057 2584 ——J
1076 2553 1342 2589 Joan.1.i:5.-—
1361 2552 1376 2574 ⁸
1394 2553 1504 2595 Philip.
1529 2564 1575 2593 ιιι,
1599 2553 1651 2583 13,
