1833 3284
235 264 478 295 ENAnnAno
510 269 544 294 11
575 269 620 296 m
652 266 856 296 ΡεΑιΜυΜ
889 267 1056 308 xxxm,
1092 267 1219 298 SERM.
1256 270 1305 298 11.
1387 258 1470 297 523

81 347 104 376 ›.›
130 331 343 376 Gentibus
360 340 508 376 autem
536 331 766 377 stultitiam
784 354 796 390 ς
818 333 919 393 ipsis
943 348 1046 378 vero
1067 334 1228 378 vocatis
1251 333 1414 378 Judaeis
1427 343 1470 378 et

81 418 104 442 »
128 403 303 458 Graecis,
323 403 546 448 Christum
563 404 641 448 Dei
654 405 874 448 Virtutem
890 414 934 449 et
954 406 1031 449 Dei
1051 405 1313 465 Sapientiam
1333 424 1343 451 ι
1368 400 1472 466 quia

82 489 105 514 ³)
125 472 247 533 quod
263 473 445 518 stultum
468 483 532 518 est
553 474 646 529 Dei,
661 474 896 534 sapientius
918 484 982 519 est
999 476 1274 533 hominibus,
1291 485 1334 520 et
1350 476 1472 537 quod

82 560 104 587 >2
124 545 348 589 infirmum
365 553 429 589 est
449 545 550 600 Dei,
579 543 734 590 fortius
758 555 822 590 est
843 561 974 606 quam
1009 547 1248 590 homines1.
1278 564 1298 588 »
1318 546 1471 592 Salivae

80 615 196 660 enim
217 615 464 674 significant
476 616 719 671 stultitiam,
737 615 881 661 salivae
899 616 1142 676 significant
1154 617 1468 662 infirmitatem.

82 684 169 731 Sed
194 686 227 730 si
248 685 370 747 quod
392 685 576 731 stultum
599 695 663 730 est
690 686 797 741 Dei,
830 687 1066 746 sapientius
1097 697 1161 732 est
1190 687 1468 743 hominibus,

81 764 126 800 et
146 757 266 817 quod
281 757 504 801 infirmum
519 766 581 800 est
603 757 697 812 Dei,
719 755 872 801 fortius
895 767 959 802 est
973 771 1105 818 quam
1128 759 1355 803 homines:
1381 774 1472 803 non

81 837 290 888 tanquam
319 826 464 873 salivae
486 828 739 883 offendant,
765 828 841 873 sed
865 829 1062 884 attende,
1095 830 1196 890 quia
1220 844 1350 889 super
1370 829 1472 874 bar-

80 899 183 944 bam
194 899 449 944 decurrunt.
466 900 698 953 Quomodo
715 900 830 943 enim
846 899 986 945 salivis
998 900 1240 955 infirmitas,
1259 901 1318 945 sie
1335 901 1472 946 barba

78 970 215 1016 virtus
240 969 498 1015 ostenditur.
527 971 649 1015 Texit
677 984 778 1029 ergo
808 971 1016 1016 virtutem
1046 987 1167 1016 suam
1197 986 1379 1031 corpore
1402 971 1472 1015 in-

81 1041 297 1086 firmitatis
319 1056 410 1085 suae
435 1059 446 1086 ;
471 1050 514 1084 θῖ
531 1041 652 1102 quod
666 1041 904 1086 forinsecus
915 1042 1242 1097 infirmabatur,
1262 1050 1473 1102 tanquam

80 1110 127 1155 in
147 1111 279 1156 saliva
301 1111 561 1171 apparebat,
596 1112 714 1156 intus
747 1122 893 1156 autem
924 1111 1070 1156 divina
1097 1112 1234 1157 virtus
1262 1121 1473 1172 tanquam

78 1182 217 1227 barba
234 1182 475 1241 tegebatur.
492 1186 608 1243 Ergo
621 1183 843 1228 humilitas
856 1183 980 1228 nobis
994 1183 1341 1227 commendatur.
1367 1185 1473 1228 Esto

80 1252 282 1307 humilis,
301 1253 334 1297 si
353 1253 417 1298 vis
442 1254 697 1298 benedicere
712 1254 949 1298 Dominum
962 1253 1009 1296 in
1032 1254 1151 1298 omni
1182 1262 1379 1313 tempore
1405 1261 1474 1297 :et

65 1331 250 1383 'semper
261 1322 354 1368 laus
372 1325 463 1384 ejus
484 1324 538 1368 sit
558 1324 604 1369 in
625 1339 700 1369 ore
720 1333 813 1368 tuo.
840 1324 952 1377 Quia
976 1326 1000 1367 J
1005 1323 1062 1368 ob
1085 1338 1174 1367 non
1196 1332 1369 1367 tantum
1390 1323 1474 1367 be-

81 1393 248 1438 nedixit
265 1394 524 1450 Dominum,
548 1395 724 1455 quando
747 1394 1033 1439 abundabant
1053 1393 1115 1438 illi
1138 1394 1283 1438 omnia
1313 1393 1474 1454 quibus

82 1479 184 1508 eum
201 1463 387 1524 legimus
408 1463 587 1509 divitem
608 1464 740 1509 fuisse
765 1475 808 1509 et
840 1463 1008 1509 felicem
1024 1499 1035 1519 ,
1061 1473 1105 1508 et
1125 1479 1281 1525 pecore
1309 1474 1353 1509 et
1383 1479 1475 1509 ser-

81 1535 169 1590 vis,
203 1544 248 1579 et
274 1533 432 1590 domo,
467 1534 639 1580 felicem
670 1535 795 1591 filiis,
835 1545 879 1580 et
910 1535 1116 1580 omnibus
1144 1535 1287 1579 rebus.
1316 1534 1476 1580 Ablata

83 1614 186 1650 sunt
207 1605 352 1650 omnia
373 1620 463 1649 uno
479 1614 695 1665 tempore,
717 1615 760 1650 et
780 1605 976 1666 implevit
997 1605 1119 1666 quod
1135 1606 1180 1649 in
1202 1606 1286 1650 hoc
1307 1605 1476 1650 Psalmo

83 1677 294 1737 scriptum
327 1686 416 1732 est,
451 1676 631 1723 dicens:
660 1695 681 1720 «
707 1678 920 1722 Dominus
950 1677 1093 1733 dedit,
1124 1673 1332 1722 Dominus
1374 1677 1477 1722 abs-

86 1765 107 1789 »
128 1746 255 1804 tulit3
279 1747 391 1794 sicut
420 1748 608 1793 Domino
639 1747 817 1808 placuit,
840 1748 899 1791 ita
925 1747 1090 1792 factum
1114 1756 1177 1791 est
1202 1767 1211 1791 2
1234 1748 1287 1791 sit
1315 1763 1478 1792 nomen

86 1836 110 1860 »
130 1818 307 1863 Domini
329 1818 651 1863 benedictum2.
672 1835 693 1859 »
709 1821 823 1863 Eece
846 1818 981 1862 habes
1012 1817 1261 1878 exemplum
1295 1816 1479 1862 benedi-

83 1889 220 1933 centis
242 1889 479 1933 Dominum
500 1889 546 1933 in
567 1889 686 1933 omni
708 1898 918 1948 tempore.

144 1961 198 2004 V.
225 1961 370 2013 Quare
398 1969 543 2004 autem
578 1959 800 2004 benedicit
835 1958 1072 2004 Dominum
1108 1959 1242 2003 homo
1277 1959 1323 2003 in
1357 1958 1478 2003 omni

84 2033 306 2091 tempore?
326 2032 438 2085 Quia
459 2031 636 2076 humilis
654 2040 732 2075 est.
761 2030 880 2084 Quid
902 2040 965 2075 est
988 2046 1078 2075 esse
1093 2030 1334 2075 humilem?
1355 2029 1479 2076 Nolle

85 2103 133 2147 in
154 2117 199 2148 se
226 2101 410 2147 laudari.
439 2103 524 2156 Qui
552 2104 597 2146 in
621 2118 666 2147 se
692 2102 789 2147 vult
815 2101 1005 2157 laudari,
1043 2102 1256 2162 superbus
1285 2111 1362 2146 est.
1393 2102 1480 2156 Qui

86 2174 300 2234 superbus
314 2190 404 2219 non
425 2183 512 2230 est,
532 2174 710 2218 humilis
732 2183 811 2218 est.
829 2177 927 2219 Non
939 2175 1002 2218 vis
1020 2189 1121 2232 ergo
1133 2189 1222 2218 esse
1240 2174 1479 2234 superbus?

87 2247 146 2289 Ut
167 2245 301 2304 possis
320 2260 409 2289 esse
429 2244 630 2300 humilis,
657 2244 726 2288 dic
748 2244 869 2305 quod
891 2243 1056 2289 dictum
1072 2254 1158 2296 est,
1184 2264 1203 2287 «
1219 2247 1270 2289 In
1293 2245 1480 2290 Domino

89 2333 111 2358 2>
135 2314 389 2361 laudabitur
405 2316 547 2360 anima
563 2331 679 2374 mea3
699 2315 880 2361 audiant
892 2316 1124 2370 mansueti,
1151 2324 1193 2359 et
1206 2314 1476 2360 laetenturss.»

88 2388 206 2444 Ergo
227 2387 411 2446 quinon
432 2386 479 2430 in
501 2387 688 2431 Domino
716 2386 873 2431 volunt
895 2386 1085 2441 laudari,
1113 2402 1203 2430 non
1226 2395 1327 2429 sunt
1352 2401 1480 2430 man-

88 2456 223 2513 sueti,
258 2455 335 2500 sed
364 2465 529 2512 truces,
555 2458 715 2517 asperi,
755 2457 881 2512 elati,
906 2456 1098 2516 superbi.
1124 2459 1330 2501 ,lumenta
1351 2472 1480 2500 man-

90 2535 212 2571 sueta
232 2526 325 2571 vult
345 2526 506 2571 habere
540 2528 773 2586 Dominus;
803 2537 894 2572 esto
916 2529 1166 2588 jumentum
1199 2527 1400 2582 Domini,
1434 2526 1480 2571 id

140 2618 148 2633 ¹
173 2623 184 2643 1
203 2613 273 2646 Cor.
295 2623 320 2654 ι,
338 2612 458 2644 22-26.
476 2629 516 2635 -
537 2620 550 2635 ²
570 2612 642 2645 Job.
668 2624 690 2653 ι,
712 2624 766 2645 21.
791 2630 831 2636 -—-
853 2611 866 2636 3
886 2613 962 2646 Psal.
980 2624 1090 2654 xxxin,
1114 2613 1143 2645 3.
