1833 3284
381 205 464 244 462
813 212 846 239 s.
884 212 1114 240 AUGUS'l'lNI
1147 212 1327 240 El‘lscopl

378 279 576 340 superbi,
607 278 682 339 qui
714 277 922 321 laetamini
949 277 994 320 in
1015 277 1140 321 vobis
1178 297 1186 321 :
1209 278 1300 338 jam
1327 276 1553 321 credentes
1573 276 1620 320 in
1643 291 1765 332 eum,

378 353 454 413 qui
486 350 696 412 justificat
726 348 936 409 impium,
970 348 1206 409 deputetur
1246 349 1353 393 fides
1380 357 1522 393 vestra
1565 348 1619 393 ad
1646 348 1771 409 justi-

378 424 525 467 tiam¹.
558 440 575 462 «
596 420 822 465 Laetamini
851 421 895 464 in
918 420 1105 464 Domino
1121 455 1131 474 ,
1161 430 1204 464 et
1226 419 1417 464 exultate
1433 419 1552 480 justi.
1574 422 1631 463 Et
1648 418 1772 463 exul-

385 514 402 535 »
439 502 553 548 tate,
585 514 602 534 »
649 490 856 546 subaudi,
893 491 939 535 in
969 491 1169 535 Domino.
1194 493 1363 544 Quare?
1396 490 1508 544 Quia
1535 491 1625 550 jam
1647 490 1767 550 justi.

380 566 506 610 Unde
525 565 661 626 justi?
680 567 778 609 Non
805 563 969 608 meritis
989 563 1167 619 vestris,
1197 562 1272 607 sed
1306 563 1442 623 gratia
1475 561 1606 607 illius.
1643 560 1770 607 Unde

373 638 479 698 justi
496 639 514 681 Ρ
535 637 644 690 Quia
667 635 908 697 jtlstifieati.

438 709 578 751 XXV.
619 727 637 748 «
659 710 717 751 Et
739 706 982 766 gloriamini
1005 721 1156 751 omnes
1175 705 1279 751 recti
1300 705 1431 751 corde
1446 710 1479 749 ².
1498 725 1516 747 »
1542 703 1661 759 Quid
1683 713 1770 759 est,

383 797 402 818 «
438 779 563 823 Reeti
594 778 751 823 corde?
780 799 796 819 »
831 781 930 824 Non
950 778 1192 822 resistentes
1215 781 1320 821 Deo.
1349 774 1555 821 Intendat
1576 775 1774 827 Charitas

379 852 531 894 Vestra
546 885 556 905 ‚
581 858 623 893 et
637 849 870 908 intelligite
892 858 1058 893 rectum
1073 864 1162 893 cor.
1180 848 1374 892 Breviter
1391 847 1505 903 dieo,
1531 846 1608 892 sed
1628 856 1777 891 tamen

380 921 568 965 maxime
591 919 994 965 commendandum
1028 938 1037 964 ε
1069 922 1159 964 Deo
1191 928 1335 963 autem
1362 919 1516 977 gratias
1533 953 1544 973 ‚
1581 916 1703 978 quod
1730 916 1777 960 in

381 991 471 1035 fine
499 1000 588 1047 est,
623 992 835 1035 inhaereat
868 991 1064 1035 sensibus
1091 991 1258 1034 vestris.
1287 993 1406 1034 Inter
1439 999 1606 1034 rectum
1638 1004 1713 1033 cor
1734 996 1778 1032 et

382 1079 565 1123 pravum
581 1080 656 1108 cor
676 1064 760 1108 hoc
774 1063 953 1108 interest
971 1083 979 1108 :
1000 1064 1207 1123 Quisquis
1220 1064 1353 1107 homo
1371 1061 1591 1123 quidquid
1611 1061 1778 1121 patitur

382 1145 540 1196 praeter
572 1135 867 1189 voluntatem,
904 1135 1158 1179 afflictiones
1177 1171 1187 1190 ‚
1212 1150 1444 1189 moerores,
1471 1133 1667 1188 laboroe,
1698 1133 1779 1177 hu-

382 1206 664 1261 miliationes⁷
691 1214 780 1250 non
803 1206 958 1250 tribuit
987 1207 1068 1250 nisi
1090 1206 1305 1250 voluntati
1330 1206 1407 1250 Dei
1425 1207 1582 1267 justae⁷
1604 1220 1694 1249 non
1715 1203 1779 1248 illi

384 1278 492 1322 dans
514 1278 802 1337 insipientiam
822 1312 833 1332 ‚
859 1277 979 1337 quod
997 1278 1120 1338 quasi
1143 1277 1428 1338 nesciatquid
1450 1286 1570 1336 agat,
1591 1276 1695 1337 quia
1716 1284 1780 1319 ta-

384 1349 472 1393 lem
486 1348 693 1407 flagellat,
714 1357 757 1392 et
778 1347 940 1392 talibus
957 1350 1118 1408 parcit3
1141 1349 1232 1409 ipse
1255 1358 1319 1393 est
1335 1358 1478 1393 rectus
1500 1347 1634 1392 eorde
1655 1367 1663 1392 :
1685 1362 1781 1407 per-

384 1420 495 1466 versi
518 1430 665 1464 autem
680 1419 812 1464 corde
829 1429 945 1475 sunt,
971 1430 1014 1464 et
1030 1420 1151 1480 pravi
1165 1429 1207 1463 et
1223 1419 1408 1475 distorti,
1427 1420 1504 1480 qui
1517 1419 1661 1464 omnia
1679 1434 1780 1479 quae

383 1492 614 1552 patiuntur
635 1490 748 1535 mala
765 1526 775 1545 ‚
802 1491 953 1552 inique
974 1507 1019 1535 se
1041 1491 1131 1551 pati
1153 1491 1307 1536 dicunt
1321 1528 1332 1547 ,
1358 1491 1511 1536 dantes
1530 1490 1594 1535 illi
1615 1491 1780 1552 iniqui-

384 1573 519 1608 tatem
538 1600 548 1619 ,
573 1579 652 1624 per
672 1564 794 1624 cujus
818 1562 1089 1608 voluntatem
1110 1564 1361 1624 patiuntur3
1393 1574 1468 1608 aut
1495 1564 1595 1625 quia
1623 1579 1714 1607 non
1741 1563 1780 1607 ei

385 1634 550 1679 audent
587 1634 692 1679 dare
718 1634 1021 1694 iniquitatem,
1057 1634 1317 1680 auferuntur
1338 1636 1376 1679 ei
1399 1634 1776 1695 gubernationem.

385 1706 497 1759 Quia
526 1705 617 1765 ipse
634 1741 644 1760 ‚
669 1705 814 1766 inquit
830 1740 841 1760 7
873 1716 963 1749 non
985 1715 1129 1765 potest
1155 1705 1296 1751 facere
1317 1707 1516 1767 iniquum
1532 1742 1542 1762 ‚
1577 1706 1781 1766 iniquum

386 1786 531 1821 autem
555 1785 618 1819 est
639 1785 689 1820 ut
721 1791 803 1835 ego
833 1777 988 1835 patiar,
1018 1786 1061 1820 et
1095 1775 1169 1820 ille
1198 1793 1288 1821 non
1315 1778 1504 1837 patiatur
1540 1796 1549 1822 ε
1586 1776 1780 1821 00110οἀ0

386 1849 501 1893 enim
520 1857 570 1891 ut
591 1847 671 1891 sim
690 1855 908 1906 peccator,
934 1856 1050 1891 certe
1074 1857 1176 1892 sunt
1197 1849 1364 1908 pejores
1386 1850 1463 1909 qui
1485 1848 1708 1903 laetantur,
1738 1856 1782 1892 et

387 1935 466 1979 ego
489 1918 675 1963 tribuler
692 1938 701 1963 ε
728 1918 831 1979 quia
849 1933 951 1976 ergo
972 1919 1057 1963 hoc
1074 1918 1276 1980 iniquum
1299 1929 1378 1975 est,
1397 1929 1448 1964 ut
1465 1920 1595 1964 etiam
1612 1921 1781 1980 pejores

387 2007 458 2035 me
481 1990 702 2044 laetentur,
728 1997 772 2033 et
794 2004 873 2047 ego
897 1989 1096 2045 tribuler,
1131 1990 1207 2050 qui
1237 1999 1311 2034 aut
1335 1992 1478 2050 justus
1494 2026 1504 2045 ‚
1540 2000 1615 2035 aut
1637 1990 1781 2034 minus

386 2070 589 2122 peccator
609 2075 743 2121 quam
766 2059 828 2103 illi
857 2075 952 2104 sum
970 2095 980 2115 ,
1006 2068 1049 2104 et
1071 2069 1238 2104 certum
1261 2070 1324 2105 est
1357 2061 1475 2121 apud
1498 2077 1567 2105 me
1588 2061 1672 2105 1100
1692 2075 1782 2105 esse

387 2134 597 2194 injustum
615 2168 625 2186 ‚
652 2141 695 2176 et
716 2140 884 2175 certum
907 2140 970 2175 est
991 2132 1108 2191 apud
1126 2147 1195 2175 me
1212 2133 1314 2192 quia
1337 2136 1452 2177 Deus
1474 2147 1563 2176 non
1584 2131 1689 2176 facit
1709 2131 1781 2175 in-

383 2205 575 2264 justum3
601 2207 714 2248 Deus
737 2218 825 2247 non
848 2202 1064 2260 gubernat
1081 2218 1146 2246 res
1163 2203 1392 2257 humanas,
1414 2218 1494 2248 nee
1516 2218 1620 2247 cura
1643 2211 1706 2246 est
1717 2201 1782 2246 illi

388 2275 443 2320 de
466 2275 606 2319 nobis.
643 2277 759 2333 Ergo
783 2273 903 2332 pravi
931 2271 1083 2327 eorde,
1115 2272 1161 2316 id
1195 2282 1283 2328 est,
1309 2274 1478 2318 distorti
1502 2273 1659 2329 corde,
1695 2281 1781 2316 tres

386 2347 551 2390 habent
573 2345 822 2389 sententias.
849 2347 938 2388 Aut
965 2345 1096 2388 «Non
1119 2353 1183 2387 est
1204 2347 1318 2388 Deus
1337 2363 1345 2389 :
1368 2365 1384 2386 »
1412 2344 1522 2388 dixit
1539 2344 1655 2388 enim
1675 2343 1782 2388 stul-

388 2427 458 2462 tus
480 2419 525 2462 in
548 2416 679 2462 eorde
697 2432 798 2471 suo,
828 2435 845 2454 «
858 2418 956 2460 Non
971 2424 1035 2459 est
1056 2417 1170 2459 Deus
1184 2418 1215 2459 ³.
1234 2436 1251 2456 »
1279 2418 1335 2460 Et
1357 2415 1439 2459 fuit
1455 2415 1621 2460 dictum
1637 2414 1693 2459 de
1709 2415 1780 2459 di-

387 2488 507 2533 luvio
525 2488 648 2533 illo⁴z
673 2503 761 2531 non
785 2486 926 2531 defuit
948 2486 1043 2530 talis
1064 2485 1261 2531 doctrina
1279 2487 1666 2546 philosophorum,
1688 2502 1778 2531 non

437 2582 444 2597 ¹
471 2573 726 2615 1x01u.u·,5.-
744 2578 755 2594 ²
772 2572 850 2604 Psal.
868 2583 955 2614 xxxi,
977 2583 982 2603 ι
998 2584 1024 2603 1.
1046 2589 1088 2594 «-
1104 2570 1273 2614 31d.xn1‚
1295 2583 1319 2604 ι.
1338 2589 1379 2594 ——-
1394 2570 1408 2602 4
1422 2575 1522 2615 Supra
1539 2584 1571 2605 n.
1598 2573 1652 2604 18.
