1833 3284
408 187 491 224 370
832 196 864 222 s.
902 198 1130 224 Atots'rmt
1166 198 1343 224 eviscovi

408 261 513 306 salsa
538 260 692 306 dicunt
715 261 792 304 ista
815 259 967 314 fuisse,
992 259 1096 304 falsa
1119 270 1247 305 erunt
1265 271 1307 306 et
1331 260 1402 306 illa
1423 277 1522 320 quae
1540 262 1595 306 dc
1612 277 1792 322 corpore

408 331 648 378 creduntur
674 349 683 375 ι
709 329 743 374 si
764 339 908 374 autem
936 347 986 374 ex
1006 347 1057 375 co
1079 346 1231 375 verum
1255 347 1433 392 eorpus,
1459 332 1561 392 quia
1583 348 1683 377 vcra
1701 333 1795 377 ossi-

407 403 471 450 cia
494 402 714 462 corporisz,
737 417 786 446 ex
805 418 856 446 eo
879 417 977 446 vera
1000 401 1165 457 anima,
1185 403 1285 463 quia
1308 419 1408 448 vcra
1426 403 1567 448 ossicia
1591 403 1761 448 animae.

465 476 540 518 IV.
577 474 695 527 Quid
716 476 845 532 ergo?
867 474 1084 527 Quoniam
1109 474 1318 519 Dominus
1349 474 1487 520 factus
1511 484 1574 520 est
1599 475 1796 520 infirmus

407 554 584 605 propter
601 555 643 589 te
661 580 672 599 ‚
699 560 726 589 o
754 545 887 590 homo
908 544 984 604 qui
1007 543 1129 588 audis
1146 580 1156 599 ,
1183 560 1271 590 non
1297 546 1377 590 tibi
1399 560 1621 605 compares
1639 549 1791 590 Deum.

407 617 580 662 Etenim
605 625 800 661 ereatura
821 631 880 670 es,
902 615 975 659 ille
997 625 1164 660 creator
1182 625 1298 661 tuus.
1319 620 1406 662 Nec
1425 616 1551 662 illum
1568 617 1799 661 hominum

407 688 486 732 tibi
508 686 721 742 conferas,
747 687 848 748 quia
872 696 1048 746 propter
1065 697 1106 732 te
1129 688 1261 732 homo
1280 692 1392 733 Deus
1411 698 1525 743 tuus,
1543 697 1587 732 et
1604 688 1799 732 Verbum

407 758 543 802 Filius
568 758 642 802 Dei
679 778 687 802 :
725 757 801 803 sed
830 757 956 802 illum
980 758 1203 802 hominem
1226 759 1303 803 tibi
1326 759 1552 819 praeferas,
1593 768 1799 820 tanquam

406 828 734 883 meditatorem,
771 831 912 873 Deum
953 838 1098 873 autem
1134 844 1263 889 supra
1300 845 1473 874 omnem
1502 838 1745 874 creaturam
1787 849 1796 874 :

407 910 450 946 ct
467 901 525 945 sic
548 898 764 959 intelligas
781 934 791 954 ,
817 900 920 960 quia
939 900 1015 960 qui
1037 900 1170 944 hoino
1185 900 1324 945 lactus
1347 910 1410 945 est
1427 910 1604 960 propter
1624 910 1663 945 te
1679 936 1690 956 ,
1712 916 1801 946 non

407 972 648 1031 incongrue
670 980 763 1015 orat
786 986 864 1031 pro
888 979 945 1014 te.
968 971 1010 1015 Si
1033 986 1135 1030 ergo
1154 987 1241 1016 non
1264 971 1504 1030 incongrue
1526 981 1621 1016 orat
1637 987 1716 1031 pro
1740 981 1798 1027 te,

406 1059 498 1087 non
529 1043 769 1101 incongrue
804 1041 947 1101 potuit
976 1050 1019 1085 ct
1055 1041 1132 1085 ista
1165 1042 1296 1085 verba
1334 1042 1476 1086 dicere
1506 1052 1684 1102 propter
1714 1052 1756 1087 te
1788 1062 1797 1088 :

410 1134 428 1156 «
465 1114 679 1159 Exaltabo
702 1123 766 1168 te,
794 1113 1001 1163 Domine,
1027 1112 1236 1173 quoniam
1258 1113 1480 1173 suscepisti
1508 1128 1601 1168 me,
1628 1129 1708 1159 nec
1724 1115 1802 1175 ju·-

414 1207 431 1227 »
469 1185 670 1231 cundasti
692 1185 890 1229 inimicos
916 1200 1035 1228 meos
1059 1200 1189 1244 super
1214 1200 1297 1229 me.
1330 1203 1349 1225 »
1378 1183 1462 1230 Sed
1484 1184 1563 1229 ista
1584 1185 1715 1229 verba
1733 1221 1744 1240 ,
1769 1185 1804 1230 si

409 1272 499 1301 non
523 1255 819 1315 intelligamus
841 1254 1038 1299 inimicos
1054 1291 1064 1310 ‚
1091 1254 1194 1299 salsa
1220 1264 1371 1309 erunt,
1404 1256 1545 1315 ipsum
1568 1256 1803 1300 Dominum

408 1332 557 1373 Jesum
576 1327 798 1372 Christum
820 1326 1074 1384 cogitantes.
1097 1326 1329 1380 Quomodo
1347 1327 1461 1370 enim
1485 1343 1636 1371 verum
1660 1337 1744 1382 est,
1770 1327 1804 1372 si

409 1399 607 1445 Christus
631 1398 842 1442 Dominus
863 1396 1059 1457 loquitur
1077 1417 1085 1441 :
1112 1416 1131 1438 «
1147 1397 1360 1441 Exaltabo
1382 1407 1424 1442 tc
1440 1433 1450 1452 ‚
1472 1397 1677 1453 Domine,
1693 1414 1805 1459 quo-

414 1491 432 1512 »
468 1471 585 1515 niam
609 1470 831 1529 suscepisti
848 1471 949 1513 me?
975 1487 995 1510 »
1023 1472 1087 1513 Ex
1108 1484 1292 1529 persona
1319 1469 1529 1525 hominis,
1555 1486 1604 1513 ex
1623 1485 1805 1530 persona
1826 1506 1828 1510 Α

410 1540 689 1594 infirmitatis,
702 1555 754 1584 ex
767 1555 949 1599 persona
958 1539 1346 1600 carnis‚quomodo
1354 1555 1507 1584 verum
1516 1549 1579 1584 est
1591 1560 1600 1585 :
1612 1540 1806 1601 quando·
1826 1563 1827 1577 π

410 1612 588 1673 quidem
603 1609 836 1672 jucundati
854 1619 956 1655 sunt
978 1610 1140 1655 inimici
1158 1612 1248 1671 ejus
1266 1626 1394 1671 super
1411 1627 1510 1655 eum
1525 1647 1536 1666 ‚
1561 1610 1740 1672 quando
1761 1610 1825 1657 il-=

410 1683 503 1728 lum
526 1682 859 1736 crucifixerunt,
889 1690 1127 1725 tenuerunt
1148 1696 1274 1736 eum⁷
1306 1690 1349 1725 et
1381 1681 1739 1741 flagellaverunt,
1764 1691 1833 1728 etz

411 1753 810 1814 colaphizaverunt,
831 1751 1050 1796 dicentes:
1073 1772 1091 1793 «
1109 1752 1366 1811 Prophetiza
1384 1753 1524 1807 nobis,
1545 1753 1804 1798 Christe1P»

414 1831 500 1872 Ista
516 1825 768 1886 jucunditas
786 1840 937 1869 eorum
961 1825 1082 1885 quasi
1100 1824 1218 1882 cogit
1240 1839 1317 1869 nos
1343 1834 1494 1884 putare
1516 1823 1674 1869 falsum
1692 1841 1804 1881 esse,
1822 1843 1833 1878 ,i

410 1897 533 1961 quod
554 1897 722 1942 dictum
752 1906 815 1941 est
851 1916 860 1941 :
898 1915 918 1938 «
938 1899 1026 1941 Nec
1043 1894 1296 1956 jucundasti
1320 1896 1518 1941 inimicos
1542 1912 1658 1942 meos
1680 1913 1833 1957 super}

418 1992 436 2013 »
454 1986 539 2015 me.
561 1988 581 2010 »
609 1967 774 2014 Deinde
805 1983 905 2013 cum
930 1969 973 2012 in
997 1983 1126 2012 cruce
1149 1967 1386 2028 penderet,
1411 1977 1455 2013 et
1479 1969 1720 2014 transibant
1739 1969 1833 2022 veli

413 2043 614 2096 stabant,
636 2050 679 2085 et
695 2039 973 2085 attindebant
989 2075 1000 2095 ‚
1021 2048 1065 2084 et
1081 2049 1214 2100 caput
1229 2039 1485 2095 movebant,
1507 2050 1549 2085 et
1570 2039 1806 2088 dicebant:
1824 2055 1831 2081 τ

418 2134 436 2155 «
472 2116 586 2158 Ecce
608 2111 744 2157 Filius
768 2111 867 2166 Dei,
891 2110 996 2155 alios
1011 2109 1150 2155 salvos
1168 2109 1292 2166 fecit,
1317 2126 1362 2155 se
1378 2110 1521 2170 ipsum
1536 2127 1624 2156 non
1643 2122 1806 2172 potest,
1825 2124 1833 2160 ε

418 2205 438 2227 »
473 2183 711 2229 descendat
733 2182 787 2227 de
815 2197 968 2237 cruce,
1000 2191 1044 2225 et
1065 2180 1283 2226 credimus
1304 2181 1350 2225 in
1372 2185 1499 2226 eum²
1523 2201 1531 2227 :
1561 2200 1581 2223 »
1618 2182 1833 2240 dicentes]¹

416 2257 494 2302 ista
522 2271 670 2300 nonne
699 2252 1061 2316 jucundabantur
1089 2268 1217 2312 super
1244 2254 1372 2297 eum?
1397 2253 1481 2298 Ubi
1509 2262 1572 2298 est
1600 2270 1703 2314 ergo
1731 2255 1809 2301 ista

415 2345 498 2375 vox
517 2348 525 2373 :
550 2347 567 2369 «
594 2326 810 2372 Exaltabo
828 2334 868 2370 te
885 2361 896 2381 ,
917 2324 1101 2370 Domine
1118 2360 1128 2380 ‚
1149 2325 1359 2385 quoniam
1382 2326 1604 2386 suscepisti
1620 2343 1711 2383 me,
1729 2343 1809 2373 nec

421 2422 438 2443 »
470 2397 725 2461 jucundasti
741 2397 939 2442 inimicos
961 2411 1079 2441 meos
1101 2411 1230 2456 super
1251 2398 1354 2441 me?
1379 2415 1400 2438 »
1824 2403 1825 2406 ’

457 2474 509 2515 V.
524 2474 722 2516 Fortasse
737 2485 826 2514 non
838 2477 902 2513 est
914 2468 992 2512 ista
1004 2482 1087 2512 vox
1101 2467 1275 2513 Domini
1288 2466 1422 2513 nostri
1436 2468 1672 2515 JesuChris
1679 2468 1724 2524 ti,
1736 2467 1807 2515 sed
1823 2454 1833 2516 l

468 2565 474 2580 ¹
499 2557 612 2588 matth.
636 2556 775 2593 xv1,(i()'.
800 2572 838 2596 -Γ
860 2562 871 2576 ²
900 2554 944 2585 ld.
969 2552 1138 2594 xu⁷1i‚[{2.

1829 2549 1833 2578 l

1828 2619 1833 2678 ε

1824 2687 1833 2800 i

1822 2805 1832 2895 ἑ
