1833 3284
379 234 719 262 ANNOTATIONUM
752 235 798 261 ΙΝ
829 235 927 272 son,
963 234 1102 262 mima.
1380 221 1434 260 23

52 313 96 349 et
106 303 315 349 charitate
324 302 387 346 illi
403 303 655 362 conjungar.
668 320 687 343 «
701 304 798 347 Non
813 301 929 346 enim
941 315 1037 345 sum
1055 302 1246 345 mecum¹
1265 319 1273 345 :
1294 318 1313 341 v>
1331 316 1391 361 qu
1396 301 1433 344 ia

51 375 118 419 his
138 375 284 418 haereo
301 409 311 429 ‚
336 388 436 434 quae
455 371 558 416 soris
578 379 695 415 sunt.

109 447 167 490 X.
195 464 218 487 (ι
241 442 466 489 Proferam
492 451 644 487 contra
665 457 735 487 me
757 457 990 487 sermones.
1019 459 1040 483 »
1066 444 1171 486 Haec
1192 442 1439 487 confitentis

49 524 167 560 sunt.
195 533 218 559 «
241 518 300 560 Et
325 513 467 559 dicam
489 513 546 557 ad
566 514 801 558 Dominum
824 532 834 559 z
858 511 958 559 Noli
983 528 1055 557 me
1077 512 1234 558 docere
1253 512 1438 573 impium

52 603 74 628 »
93 589 227 631 esse2.
250 603 271 628 »
296 584 396 631 Noli
411 600 482 628 me
504 593 672 629 tentare
699 583 814 629 ultra
835 599 968 645 quam
988 599 1166 644 possum
1195 582 1330 640 ferre,
1356 599 1438 629 nec

49 657 157 702 mihi
177 657 291 702 sinas
321 655 536 710 accidere⁷
573 655 733 716 quibus
753 656 860 700 mihi
887 656 1084 716 impietas
1105 654 1435 715 persuadeatur.

50 747 72 771 n
99 731 189 774 Aut
208 729 375 773 bonum
398 737 462 772 est
491 727 588 783 tibi,
610 727 643 771 si
665 727 814 788 iniqw
836 728 1015 786 egero-²³?
1040 745 1060 768 »
1080 730 1180 773 Non
1205 735 1270 771 est
1291 735 1438 772 autem

48 800 129 844 tibi
146 799 313 845 bonum
326 835 338 856 ‚
361 800 397 844 si
414 800 563 860 inique
579 814 708 859 egero
729 813 845 844 :non
858 813 962 857 ergo
979 798 1138 860 injuste
1155 814 1226 842 me
1242 798 1300 842 ita
1315 813 1438 843 cons-

47 871 218 916 tituisti.
248 889 269 914 «
293 871 378 924 Qui
400 870 581 930 despicis
602 885 732 930 opus,
749 868 871 930 quod
891 885 1046 914 manus
1062 878 1151 914 tuae
1171 867 1395 914 fecerunt?
1414 888 1435 912 »

50 941 94 986 Si
117 940 241 1002 quod
261 940 446 1001 despicis
467 947 587 1000 ‘opus
610 955 823 985 manuum
840 949 1032 984 tuarum.
1073 959 1093 983 «
1118 939 1188 985 Ad
1209 938 1438 985 consilium

48 1030 69 1053 »
95 1012 331 1072 impiorum
365 1010 757 1056 animadvertisti&
777 1030 798 1053 »
831 1012 906 1056 sed
933 1027 1024 1056 non
1056 1012 1147 1071 ejus
1178 1011 1436 1072 impietatis,

46 1098 146 1143 quae
169 1082 421 1127 hominibus
438 1092 631 1142 apparet.
663 1101 684 1124 «
707 1085 786 1138 Et,
811 1101 832 1124 «
851 1082 921 1126 Ad
941 1081 1171 1126 consilium
1200 1082 1437 1142 impiorum

48 1172 68 1195 »
89 1154 464 1199 animadvertisti?
484 1173 504 1196 »
524 1170 613 1198 non
641 1155 743 1215 quia
763 1153 907 1214 placet
933 1153 1017 1210 illi,
1043 1163 1093 1198 ut
1114 1155 1263 1214 inique
1286 1164 1433 1213 agant.

49 1243 70 1267 «
94 1227 184 1270 Aut
202 1225 315 1269 sicut
339 1225 472 1270 homo
496 1225 722 1285 perspicit,
752 1226 1010 1285 perspicis⁵9
1039 1225 1141 1286 quia
1172 1225 1326 1286 utique
1348 1242 1437 1270 non

43 1296 154 1340 sicut
180 1296 314 1341 homo
334 1295 562 1356 perspicis,
586 1295 686 1341 ideo
708 1297 753 1340 in
774 1296 955 1341 consilio
977 1297 1214 1356 impiorum
1235 1295 1432 1340 animad-

42 1366 223 1412 vertisti.
256 1369 333 1412 Est
356 1367 473 1411 enim
504 1367 702 1427 impietas
718 1403 729 1423 ‚
762 1383 896 1428 quam
925 1377 975 1412 tu
995 1367 1111 1412 solus
1136 1367 1256 1412 vides
1272 1403 1282 1422 ‚
1308 1377 1351 1412 et
1381 1369 1436 1412 ab

41 1438 292 1483 hominibus
315 1455 406 1483 non
426 1438 615 1483 videtur.
646 1458 666 1481 «
700 1442 791 1483 Aut
821 1439 1013 1482 humana
1044 1448 1108 1483 est
1128 1439 1217 1483 vita
1250 1439 1345 1483 tua6
1374 1458 1382 1484 :
1411 1458 1430 1479 »

42 1508 87 1552 id
109 1518 195 1564 est,
220 1509 362 1554 brevis
383 1519 433 1553 ut
451 1525 541 1553 non
561 1510 696 1569 possis
715 1509 769 1553 de
794 1511 1082 1569 perpetuitate
1104 1508 1316 1570 judicare.
1339 1529 1359 1552 «
1378 1513 1435 1555 Et

45 1596 65 1621 »
90 1589 266 1639 peccata
287 1595 384 1624 mea
406 1580 712 1638 investigasti⁷.
742 1599 762 1622 »
789 1584 886 1626 Non
913 1582 1029 1625 enim
1050 1581 1185 1626 latere
1208 1592 1251 1626 te
1279 1591 1437 1642 potue-

41 1660 166 1707 runt,
197 1667 298 1712 quae
325 1650 465 1695 latent
486 1651 697 1696 homines.
724 1671 744 1694 (ι
772 1653 859 1697 Scis
898 1652 1014 1696 enim
1048 1668 1119 1696 me
1156 1651 1267 1697 nihil
1303 1653 1435 1713 impie

44 1739 65 1763 »
90 1722 253 1767 fecisse.
282 1741 303 1765 »
327 1725 438 1768 Nam
467 1732 684 1783 quantum
709 1723 763 1767 ad
785 1723 982 1768 homines
998 1759 1009 1779 ⁷
1040 1722 1150 1767 nihil
1179 1723 1310 1783 impie
1331 1723 1431 1769 feci.

45 1812 66 1835 «
93 1791 176 1837 Sed
189 1793 285 1853 quis
307 1803 372 1837 est
387 1829 397 1848 ‚
417 1794 494 1854 qui
511 1793 565 1839 de
578 1795 778 1838 manibus
795 1796 881 1838 tuis
899 1794 1063 1854 erepiat
1075 1797 1120 1839 ⁸?
1144 1813 1163 1836 »
1176 1795 1432 1855 judicantis.

43 1862 165 1907 Sicut
184 1866 300 1909 Deus
311 1864 503 1925 judicas,
528 1880 630 1909 cum
652 1864 771 1909 vides
798 1865 928 1909 etiam
944 1880 1014 1909 eas
1034 1865 1277 1925 impietates
1293 1901 1304 1921 ,
1329 1881 1436 1927 quas

41 1933 174 1978 homo
194 1949 285 1978 non
297 1933 432 1979 videt.
457 1954 478 1977 «
502 1938 655 1979 Postea
671 1951 774 1980 vero
791 1945 985 1980 mutatus
998 1936 1245 1995 percussisti
1267 1938 1361 1981 meO
1382 1956 1390 1981 :
1411 1955 1430 1977 n

40 2018 85 2047 se
106 2002 270 2049 scilicet
286 2013 455 2049 mutato
466 2040 478 2060 ‚
494 2020 586 2050 non
601 2008 690 2050 Deo
707 2025 715 2051 :
736 2006 839 2066 quia
851 2015 1046 2052 mutatus
1060 2007 1194 2051 homo
1213 2015 1431 2051 mutatum

41 2078 181 2120 Deum
211 2076 364 2132 sentit,
404 2085 455 2121 ut
488 2091 567 2136 per
603 2077 884 2122 tenebrarum
913 2076 1248 2122 diuturnitatem
1276 2079 1434 2123 mutati

40 2145 158 2190 oculi
178 2154 399 2191 mutatum
415 2146 551 2192 solem
565 2148 775 2192 sentiunt.
798 2168 817 2191 «
835 2152 1005 2193 Memor
1023 2157 1130 2205 esto,
1151 2149 1253 2210 quia
1266 2148 1322 2193 de
1337 2148 1433 2194 luto

43 2234 63 2258 »
88 2216 249 2263 finxisti
261 2232 347 2262 me.
371 2236 390 2259 n
415 2221 507 2262 Tua
519 2233 623 2278 ergo
636 2218 929 2264 misericordia
946 2220 1135 2279 indigeo.
1161 2239 1182 2262 «
1198 2223 1251 2264 In
1270 2229 1430 2264 terram

43 2306 62 2330 »
89 2303 158 2332 me
184 2289 343 2333 iterum
371 2292 641 2335 convertes¹⁰
670 2311 677 2336 ι
703 2301 860 2347 morte,
882 2308 981 2353 quae
1002 2308 1134 2352 poena
1158 2302 1223 2337 est
1242 2293 1423 2353 peccati.

45 2378 65 2402 «
89 2362 244 2405 Nonne
254 2370 463 2421 tanquam
474 2360 541 2406 lae
555 2362 740 2408 mulsisti
758 2365 891 2408 men?
907 2382 928 2405 )›
945 2365 1056 2418 Quia
1074 2365 1205 2409 etiam
1212 2366 1304 2426 jam
1318 2380 1432 2410 mor-

88 2481 97 2496 ¹
114 2473 188 2507 Job.
213 2486 259 2514 1x‚
281 2475 333 2507 35.
361 2493 402 2498 ——-
421 2483 433 2498 ²
457 2476 503 2508 ld.
524 2488 556 2519 x,
580 2490 609 2518 1,
625 2487 656 2509 2.
679 2496 719 2500 —
745 2476 852 2511 3lbitl.
871 2479 901 2510 3.
928 2496 971 2502 -·
996 2478 1110 2512 41bid.
1130 2497 1172 2502 —-
1189 2478 1204 2502 5
1228 2480 1309 2512 lbid.
1327 2479 1358 2522 4.
1385 2497 1427 2503 —m

41 2526 57 2550 ⁶
80 2530 161 2562 lbid.
191 2530 222 2562 5.
250 2549 291 2553 ——
317 2539 330 2564 7
362 2532 443 2564 thid.
470 2533 503 2564 6.
532 2550 572 2554 —-—
599 2532 613 2553 ⁵³
642 2534 721 2565 thid.
749 2546 765 2575 2-
789 2552 828 2555 -
859 2542 873 2561 ’ν
897 2534 978 2566 thid.
1011 2535 1042 2566 8.
1082 2553 1118 2557 -
1150 2542 1179 2557 ¹0
1208 2535 1289 2567 thid.
1316 2547 1349 2578 9.
1382 2552 1422 2558 —-

44 2591 70 2606 ¹¹
87 2585 168 2616 lbid.
192 2598 239 2617 ιο,
