1833 3284
417 252 659 281 emanante
690 255 735 281 m
769 254 972 282 PsALMUM
1004 255 1070 281 111.
1355 247 1436 285 125

55 317 287 376 quisquam
300 316 547 361 dixerithac
561 332 668 363 voce
685 318 828 363 minus
843 319 970 374 orari,
989 318 1024 362 si
1037 318 1184 363 nullus
1205 319 1439 365 verborum

52 403 184 432 sonus
206 386 412 433 reddatur
431 403 485 432 ex
506 404 689 448 corpore
724 404 733 430 :
757 390 964 450 quoniam
986 398 1029 433 et
1055 389 1228 434 silentes
1258 407 1358 435 cum
1393 392 1439 436 in

52 452 259 503 cordibus
280 473 453 503 oramus
468 493 480 514 ,
499 458 535 502 si
550 457 703 503 alienae
720 460 774 503 ab
789 459 952 504 affectu
972 460 1133 504 orantis
1155 460 1440 519 cogitationes

52 529 344 574 intercurrant
359 563 371 584 ,
392 527 592 574 nondum
613 529 697 574 dici
717 539 861 590 potest
874 554 898 586 ,·
918 533 1067 576 «Voce
1088 546 1184 575 mea
1209 530 1265 574 ad
1287 532 1438 576 Domi-

54 617 76 642 »
109 615 218 644 num
239 599 434 646 clamavi.
465 618 487 642 »
510 603 663 662 Neque
679 602 762 646 hoc
784 611 899 646 recte
921 601 1096 657 dicitur,
1122 602 1202 646 nisi
1226 617 1328 647 cum
1348 602 1439 647 sola

51 669 196 714 anima
225 669 336 714 nihil
373 671 539 727 carnis,
575 671 773 732 nihilque
805 671 1046 716 carnalium
1073 671 1369 716 intentionum
1393 673 1439 717 in

51 740 247 786 oratione
271 741 520 798 attrahens,
551 741 748 802 loquitur
782 742 971 787 Domino
985 777 996 797 ,
1033 742 1110 786 ubi
1143 742 1259 787 solus
1290 743 1429 787 audit.

49 811 225 857 Clamor
246 821 394 857 autem
425 812 556 856 etiam
587 813 667 858 iste
693 811 868 868 dieitur,
897 822 1076 872 propter
1098 813 1187 858 vim
1214 813 1345 873 ipsius
1369 813 1440 857 in-

48 882 268 927 tentionis.
299 885 392 927 «Et
413 882 633 928 exaudivit
652 898 722 927 me
743 883 798 927 de
815 892 964 927 monte
978 893 1128 928 sancto
1146 899 1240 928 suo.
1269 902 1289 925 »
1305 887 1437 929 Μοη-

49 960 137 997 tem
161 951 340 1013 quidem
360 953 505 1012 ipsum
521 953 757 997 Dominum
783 968 860 1013 per
882 953 1145 1012 Prophetam
1168 954 1335 997 dictum
1358 954 1438 998 ha-

48 1022 223 1078 bemus,
241 1031 293 1068 ut
319 1023 531 1083 scriptum
547 1033 611 1068 est
628 1023 838 1084 Lapidem
859 1024 1089 1083 praecisum
1115 1024 1207 1069 sine
1234 1024 1438 1068 manibus

47 1093 230 1138 crevisse
250 1094 296 1138 in
318 1093 668 1153 magnitudinem
690 1095 850 1138 montis
868 1096 898 1137 ¹.
925 1094 1010 1139 Sed
1025 1095 1109 1139 hoc
1123 1095 1177 1138 ab
1195 1094 1328 1154 ipsius
1344 1110 1440 1154 per-

47 1179 153 1209 sona
170 1180 260 1210 non
275 1174 418 1225 potest
433 1166 590 1225 accipi:
605 1166 687 1209 nisi
697 1164 809 1210 forte
821 1165 879 1209 ita
892 1165 1036 1210 dicere
1056 1165 1216 1211 voluit:
1239 1169 1333 1210 «De
1350 1181 1440 1210 me-

47 1235 252 1294 metipso,
275 1253 296 1276 »
322 1244 531 1295 tanquam
552 1235 607 1279 de
628 1244 778 1280 monte
799 1245 948 1280 sancto
966 1251 1066 1291 suo,
1092 1251 1163 1279 me
1185 1235 1404 1280 exaudivit
1423 1271 1435 1291 ,

47 1320 149 1350 cum
168 1304 386 1350 habitaret
403 1304 450 1349 in
469 1320 556 1361 me,
582 1304 628 1349 id
641 1314 721 1362 est,
740 1305 787 1349 in
808 1305 901 1366 ipso
922 1314 1087 1350 monte.
1100 1305 1277 1349 Planius
1291 1315 1438 1350 autem

46 1385 112 1420 est
126 1411 137 1432 ,
155 1385 200 1420 et
216 1375 479 1435 expeditius,
503 1376 538 1420 si
559 1376 821 1436 accipiamus
842 1376 1063 1420 exaudisse
1077 1379 1218 1421 Deum
1240 1376 1294 1420 de
1307 1377 1438 1437 justi-

48 1447 106 1491 tia
127 1462 218 1491 sua.
239 1450 263 1491 J
268 1445 415 1491 ustum
433 1447 547 1491 enim
571 1456 684 1502 erat,
709 1456 760 1491 ut
780 1447 1059 1491 innocentem
1077 1447 1282 1502 occisum,
1301 1456 1344 1490 et
1365 1447 1437 1491 cui

46 1517 265 1562 retributa
275 1526 378 1561 sunt
399 1515 513 1561 mala
533 1532 616 1576 pro
635 1517 785 1572 bonis,
813 1517 1084 1561 resuscitaret
1105 1533 1129 1561 a
1161 1517 1344 1561 mortuis
1358 1552 1368 1572 ,
1395 1526 1440 1561 ct

46 1586 179 1646 digna
200 1587 560 1648 persequentibus
576 1588 850 1632 retribueret.
874 1588 1076 1646 Legimus
1094 1587 1211 1631 enim
1235 1606 1244 1633 ε
1270 1591 1326 1632 «J
1333 1587 1438 1632 usti-

48 1675 70 1699 »
106 1657 164 1702 tia
187 1666 262 1702 tua
282 1657 394 1702 sicut
408 1667 578 1702 montes
596 1658 718 1702 Dei2.
743 1675 764 1698 »

105 1730 160 1772 V.
178 1731 298 1787 «Ego
309 1727 511 1783 dormivi,
526 1736 569 1772 et
582 1743 784 1772 somnum
793 1728 906 1787 cepi3
915 1763 923 1772 .
933 1745 953 1769 n
970 1730 1066 1773 Non
1080 1727 1438 1773 inconvenienter

46 1797 332 1843 animadverti
354 1807 512 1858 potest,
533 1797 654 1858 quod
674 1799 866 1857 positum
884 1807 963 1852 est,
993 1801 1135 1856 «Ego,
1150 1816 1170 1839 »
1198 1797 1252 1841 ad
1269 1798 1437 1856 signifi-

44 1867 236 1913 candum
258 1868 377 1929 quod
407 1884 484 1914 sua
504 1867 730 1913 voluntate
752 1877 938 1912 mortem
956 1868 1162 1912 sustinuit
1193 1868 1436 1912 secundum

44 1938 156 1983 illud
177 1958 185 1983 :
209 1943 474 1999 «Propterea
493 1943 619 1983 Pater
631 1955 702 1984 me
716 1938 877 1997 diligit,
895 1939 1104 1999 quoniam
1120 1954 1200 1998 ego
1218 1955 1335 1998 pono
1349 1941 1438 1983 ani-

47 2029 68 2052 »
86 2025 201 2054 mam
216 2025 358 2054 meam
371 2019 421 2054 ut
435 2010 593 2054 iterum
609 2025 778 2066 sumam
797 2024 906 2052 eam.
928 2012 1066 2054 Nemo
1086 2024 1180 2053 eam
1195 2009 1309 2053 tollit
1326 2026 1348 2054 a
1367 2026 1437 2054 me

44 2082 138 2141 ipso
156 2100 165 2126 :
181 2089 439 2141 potestatem
453 2081 595 2126 habeo
611 2081 767 2125 iterum
783 2079 977 2140 ponendi
992 2095 1103 2135 earn,
1122 2089 1166 2124 et
1177 2090 1435 2141 potestatem

45 2170 67 2195 »
101 2152 244 2196 habeo
259 2151 419 2196 iterum
435 2151 636 2196 sumendi
658 2152 825 2195 eam4.»
846 2153 943 2195 Non
962 2165 1079 2208 ergo,
1099 2150 1259 2211 inquit,
1277 2167 1353 2195 vos
1367 2166 1437 2195 me

43 2231 253 2284 tanquam
267 2222 454 2267 invitum
468 2222 656 2282 cepistis,
674 2231 718 2266 et
729 2219 944 2266 occidistis
965 2240 973 2266 :
991 2220 1067 2265 sed
1084 2240 1104 2263 «
1121 2224 1215 2280 Ego
1230 2221 1432 2277 dormivi,

47 2311 70 2336 »
103 2302 148 2337 et
172 2307 374 2337 somnum
397 2293 515 2352 cepi,
541 2301 585 2338 et
605 2292 825 2347 exurrexi,
841 2291 1050 2352 quoniam
1070 2293 1280 2337 Dominus
1299 2293 1436 2336 susci-

46 2382 69 2406 »
103 2365 193 2424 piet
205 2379 290 2408 me.
310 2381 331 2405 »
359 2366 569 2409 Somnum
594 2374 741 2409 autem
758 2379 838 2424 pro
858 2372 998 2407 morte
1016 2364 1205 2423 positum
1228 2364 1434 2409 innume-

46 2433 237 2486 rabiliter
252 2433 486 2493 Scripturae
503 2434 744 2490 con-tinent,
759 2434 872 2479 sicut
885 2433 1119 2493 Apostolus
1135 2435 1242 2479 dicit
1259 2454 1309 2486 2⁴«
1323 2434 1434 2484 Nolo

94 2537 103 2553 ¹
133 2533 212 2563 Dan.
232 2543 283 2573 11,
313 2529 368 2563 35.
401 2547 444 2554 ·-
463 2537 476 2553 2
513 2530 593 2563 Psal.
621 2542 730 2573 xxxv,
764 2542 795 2575 7.
816 2548 858 2553 ·—
879 2529 892 2554 3
919 2530 998 2563 Psal.
1034 2542 1086 2573 ιιι,
1117 2531 1209 2563 6.-
1227 2530 1243 2562 4
1271 2534 1364 2565 Joan.
1391 2544 1433 2573 x,

49 2598 111 2629 17,
136 2589 190 2620 18.
