1833 3284
930 210 947 220 l

216 273 458 304 ENARRATIO
490 277 523 303 11
555 277 601 303 nv
631 274 836 304 PsALMUM
867 277 1028 316 xxxm,
1062 277 1187 305 SERM.
1223 279 1272 305 11.
1366 266 1451 305 539

70 355 92 380 »
125 353 274 398 preces
297 355 468 386 eorum.
497 357 518 381 »
548 339 662 394 Quid
699 340 762 385 vis
794 340 995 400 amplius.
1028 342 1072 386 Si
1102 351 1452 386 murmurantem

66 424 240 455 servum
261 411 308 454 in
325 409 460 455 domo
488 424 644 468 magna
675 426 767 454 non
788 411 959 454 audiret
980 411 1310 470 paterfamilias,
1338 400 1450 472 que-

66 490 252 536 reretur,
269 490 316 525 et
340 480 528 526 diceret:
550 483 723 534 Quanta
742 480 812 524 hic
834 481 1039 540 patimur,
1064 491 1108 526 et
1129 498 1260 527 nemo
1276 498 1355 528 nos
1372 499 1452 527 au-

66 551 146 596 dit.
166 550 392 612 Numquid
413 551 521 597 dicis
541 550 652 596 illud
673 551 728 596 de
750 554 840 596 Deo
861 571 869 596 :
887 555 1060 606 Quanta
1082 553 1238 612 patior,
1263 563 1307 598 et
1323 569 1454 599 nemo

64 637 137 666 me
154 621 309 667 audit?
333 622 376 667 Si
397 621 568 666 audiret
588 637 658 665 me
673 657 684 677 ,
704 619 817 666 forte
838 622 944 666 dicis
959 658 970 677 ‚
994 621 1167 667 tolleret
1183 622 1290 666 mihi
1309 623 1453 667 tribu-

64 692 277 738 lationem
298 711 307 738 :
332 692 474 737 clamo
490 727 502 748 ,
533 702 578 740 et
599 691 800 737 tribulor.
824 695 1012 737 Tantum
1041 702 1090 737 tu
1111 702 1211 737 tene
1228 693 1316 738 vias
1333 695 1424 754 ejus
1438 728 1451 750 ‚

65 772 110 808 et
123 763 303 824 quando
324 763 546 808 tribularis
570 763 691 808 audit
708 771 766 807 te.
790 762 875 808 Sed
892 762 1086 808 medicus
1107 773 1187 822 est,
1204 763 1348 809 adhuc
1367 781 1454 825 pu·-

64 842 131 878 tre
151 834 286 879 habes
307 835 452 879 nescio
482 833 607 895 quid.
638 833 809 879 Clamas
831 853 839 878 :
862 834 939 878 sed
961 834 1105 880 adhuc
1127 845 1269 893 secat3
1299 845 1343 880 et
1364 851 1456 880 non

64 903 180 949 tollit
198 919 395 960 manum,
415 904 496 949 nisi
517 906 702 949 secuerit
723 913 936 964 quantum
959 904 1150 950 videtur.
1167 906 1341 950 Etenim
1359 921 1457 949 me-

64 973 187 1020 dicus
208 974 396 1019 crudelis
415 984 480 1020 est
495 975 571 1036 qui
591 974 769 1019 exaudit
785 975 1025 1030 hominem,
1044 985 1088 1020 et
1103 976 1243 1035 parcit
1263 974 1451 1032 vulneri,

64 1054 109 1090 et
127 1045 365 1106 putredini.
395 1048 554 1090 Matres
577 1044 801 1106 quomodo
829 1044 989 1089 fricant
1003 1046 1050 1089 in
1071 1045 1236 1090 balneis
1257 1044 1313 1090 ad
1335 1045 1455 1090 salu-

64 1126 154 1162 tem
186 1117 328 1162 filios?
348 1119 504 1163 Nonne
532 1116 702 1178 parvuli
733 1116 924 1162 clamant
957 1117 1071 1162 inter
1096 1133 1251 1161 manus
1272 1119 1455 1162 earum?

65 1187 159 1233 Illae
179 1204 283 1248 ergo
306 1187 504 1233 crudeles
525 1198 652 1243 sunt,
678 1197 728 1232 ut
757 1204 848 1232 non
874 1197 1078 1247 parcant,
1108 1203 1199 1231 non
1220 1186 1455 1233 exaudiant

62 1258 306 1317 lacrymas?
326 1262 482 1305 Nonne
503 1258 646 1319 plenae
665 1267 769 1303 sunt
800 1258 986 1318 pietate?
1018 1261 1075 1303 Et
1097 1267 1243 1302 tamen
1264 1257 1455 1302 clamant

62 1331 213 1391 pueri,
249 1339 293 1376 et
313 1346 404 1375 non
436 1330 496 1374 eis
515 1330 724 1390 parcitur.
750 1330 818 1374 Sic
837 1338 881 1373 et
905 1332 1021 1373 Deus
1043 1337 1189 1373 noster
1210 1328 1366 1389 plenus
1389 1339 1454 1373 est

63 1402 274 1447 charitate
291 1421 300 1448 :
317 1401 394 1447 sed
407 1400 507 1447 ideo
526 1400 700 1446 videtur
721 1417 812 1446 non
831 1400 1056 1457 exaudire,
1080 1411 1131 1445 ut
1152 1410 1274 1446 sanet
1289 1411 1333 1446 et
1349 1417 1452 1461 par-

63 1482 134 1518 cat
154 1473 199 1518 in
218 1473 549 1533 sempiternum.

121 1545 245 1589 XXI.
269 1543 431 1588 «Oculi
448 1544 621 1589 Domini
638 1558 767 1604 super
779 1544 918 1604 justos
930 1579 940 1598 ,
961 1552 1006 1587 et
1024 1558 1148 1587 aures
1166 1543 1256 1604 ejus
1278 1542 1334 1587 ad
1350 1558 1453 1603 pre-

65 1633 87 1658 »
121 1630 192 1660 ces
223 1630 390 1660 eorum.
419 1633 440 1656 >›
466 1617 598 1659 Forte
628 1615 782 1660 dicunt
818 1613 920 1658 mali
945 1634 955 1659 ι
986 1617 1103 1673 Ergo
1133 1629 1310 1658 securus
1341 1613 1452 1658 facio

57 1684 172 1730 mala
188 1719 199 1741 ,
223 1685 326 1746 quia
352 1700 443 1729 non
476 1700 606 1744 super
631 1700 701 1729 me
731 1695 834 1729 sunt
855 1683 970 1729 oculi
992 1684 1166 1728 Domini
1193 1699 1202 1729 :
1223 1685 1315 1745 jam
1337 1687 1452 1728 Deus

59 1757 116 1801 ad
130 1758 270 1817 justos
292 1755 500 1811 attendit,
520 1771 591 1800 me
613 1772 703 1801 non
724 1756 866 1811 videt,
885 1766 927 1800 et
948 1755 1166 1816 quidquid
1183 1755 1328 1800 fecero
1343 1791 1354 1810 ‚
1380 1772 1449 1800 se-

58 1842 188 1872 curus
206 1825 332 1872 facio.
365 1827 520 1871 Statim
541 1826 727 1886 subjecit
748 1825 899 1871 videns
918 1827 1201 1885 cogitationes
1220 1827 1451 1871 hominum

61 1898 244 1958 Spiritus
261 1906 435 1942 sanctus
451 1932 462 1952 ‚
492 1906 536 1942 et
557 1897 617 1941 ait
638 1916 647 1942 ;
671 1915 691 1940 «
716 1896 844 1941 Oculi
873 1897 1046 1941 Domini
1067 1912 1198 1956 super
1219 1898 1380 1957 justos,
1406 1907 1450 1942 et

61 1986 83 2010 »
118 1984 242 2013 aures
271 1969 364 2029 ejus
392 1967 448 2012 ad
465 1983 610 2027 preces
632 1983 784 2012 eorum
810 1987 819 2013 ;
845 1967 991 2012 vultus
1014 1978 1159 2012 autem
1184 1968 1353 2012 Domini
1376 1984 1450 2011 su-

61 2056 83 2082 »
117 2054 195 2099 per
215 2037 421 2084 facientes
451 2038 591 2094 mala,
616 2047 666 2082 ut
688 2038 841 2098 perdat
871 2038 925 2083 de
955 2047 1069 2083 terra
1094 2040 1349 2084 memoriam
1381 2054 1449 2083 eo-

62 2128 84 2152 »
118 2112 261 2155 rum¹.
293 2128 313 2151 »

118 2183 264 2227 XXII.
291 2200 311 2223 «
331 2179 640 2226 Clamaverunt
655 2180 787 2240 justi,
813 2189 856 2224 et
872 2180 1084 2224 Dominus
1107 2179 1328 2224 exaudivit
1347 2197 1419 2225 eos
1434 2217 1445 2236 ,

62 2269 84 2293 »
118 2260 163 2295 et
183 2266 236 2295 ex
257 2251 461 2295 omuibus
487 2250 841 2295 tribulationibus
860 2266 1010 2294 eorum
1034 2251 1146 2294 eruit
1161 2267 1232 2295 eos
1249 2255 1281 2295 ².
1304 2270 1323 2293 »
1338 2255 1361 2296 J
1367 2253 1450 2296 usti

60 2331 185 2366 erant
215 2331 301 2366 tres
333 2323 456 2381 pueri
481 2342 489 2367 :
516 2321 571 2367 de
586 2323 757 2366 camino
787 2323 1084 2366 clamaverunt
1117 2322 1170 2366 ad
1194 2323 1445 2378 Dominum,

60 2401 104 2436 et
126 2395 171 2436 in
190 2391 394 2437 laudibus
411 2408 562 2437 eorum
579 2393 697 2451 ignes
713 2392 970 2451 friguerunt.
996 2392 1211 2437 Accedere
1227 2402 1269 2437 et
1290 2392 1449 2437 laedere

61 2463 237 2507 flamma
263 2480 354 2508 non
382 2463 527 2523 potuit
558 2463 786 2508 laudantes
820 2468 959 2508 Deum
978 2464 1231 2508 innocentes
1252 2474 1296 2508 et
1310 2466 1449 2525 justos

60 2550 242 2594 pueros,
266 2544 310 2579 et
326 2535 439 2580 eruit
462 2551 534 2580 eos
553 2534 607 2579 de
631 2536 805 2580 flamma
879 2536 990 2579 Dicit
1012 2535 1191 2596 aliquis:
1214 2538 1326 2581 Ecce
1345 2551 1447 2580 vere

112 2625 120 2640 ¹
141 2618 222 2650 Psal.
249 2630 362 2660 xxxin,
383 2620 435 2660 16,
458 2629 510 2660 17.
526 2635 567 2642 --
588 2619 699 2652 ²1bid.
722 2619 772 2652 18.
802 2636 842 2641 —-
864 2617 876 2642 3
902 2622 980 2651 Dan.
1003 2630 1053 2659 111,
1070 2618 1122 2660 49.
