1833 3284
5 230 23 474 ί
272 268 274 270 v
427 255 669 285 ENARRA‘no
701 258 746 284 IN
778 255 983 286 PsALMUM
1013 260 1076 286 ix.
1362 250 1453 294 209,

3 341 9 350 ⁷
63 337 197 383 quam
230 338 308 383 per
338 332 485 384 portas
520 323 669 369 mortis
697 322 962 384 pervenitur.
998 328 1109 370 Sunt
1140 334 1287 370 autem
1315 336 1452 387 portae

19 419 21 448 g
62 392 162 437 filiae
183 393 287 439 Sion
301 429 312 450 ,
337 395 482 439 omnia
505 396 669 455 optima
691 395 833 440 studia
850 431 860 451 ,
887 412 965 456 per
987 412 1086 457 quac
1107 397 1281 442 venitur
1303 398 1358 442 ad
1383 398 1453 443 vi-

0 453 25 512 >i
60 463 225 509 sionem
254 465 369 525 pacis
397 466 443 509 in
465 475 612 511 sancta
634 467 841 511 Ecclesia.
873 469 925 511 In
945 467 1010 511 his
1033 467 1166 527 igitur
1183 468 1318 528 portis
1340 469 1453 514 bene

9 553 18 596 1·
60 535 378 581 annuntiantur
398 538 611 583 universae
633 536 783 582 laudes
801 537 899 593 Dei,
921 547 970 582 ut
987 553 1081 589 non
1103 537 1232 582 detur
1246 549 1447 584 sanctum

18 603 47 678 ᾗ.
58 607 262 663 canibus,
286 623 431 668 neque
454 607 740 668 projiciantur
756 608 999 668 margaritae
1017 618 1117 653 ante
1140 612 1348 669 porcos13
1373 611 1450 671 qui

58 676 230 721 malunt
245 678 522 738 pertinaciter
541 677 721 734 latrare,
751 695 881 740 quam
905 679 1096 724 studiose
1127 696 1350 741 quaerere,
1375 691 1450 726 aut

0 737 19 792 ‚³
57 748 134 809 qui
155 765 236 794 nec
256 748 412 794 latrare
438 766 519 795 nec
540 766 761 811 quaerere,
787 750 862 795 sed
889 751 933 795 in
965 767 1142 796 suarum
1169 753 1449 813 voluptatum

8 820 17 846 '¹
55 835 185 865 coeno
205 819 407 866 volutari.
430 822 542 866 Cum
558 831 703 865 autem
722 821 768 864 in
789 821 915 866 bonis
937 821 1088 866 studiis
1110 822 1260 868 laudes
1279 824 1357 867 Dei
1374 840 1448 868 an-

0 915 3 917 >
55 890 331 948 nuntiantur,
356 892 607 952 petentibus
631 892 776 948 datur,
801 901 845 936 et
866 893 1167 953 quaerentibus
1195 893 1448 939 manifesta-

56 970 142 1017 tur,
168 972 212 1007 et
232 962 502 1022 pulsantibus
531 963 738 1023 aperitur.
768 966 839 1007 An
865 961 978 1007 forte
1005 972 1143 1023 portae
1171 965 1320 1008 mortis
1343 975 1446 1010 sunt

5 1024 16 1042 ›÷
54 1033 298 1094 corporales
331 1050 479 1079 sensus
505 1044 548 1079 et
575 1034 713 1090 oculi,
740 1035 816 1095 qui
838 1035 974 1094 aperti
998 1044 1102 1079 sunt
1122 1036 1305 1090 homini,
1344 1053 1445 1081 cum

54 1103 109 1148 de
130 1103 248 1162 ligno
265 1105 400 1150 vetito
417 1114 628 1164 gustasset
640 1108 672 1161 ¹2,
697 1121 719 1149 a
733 1105 894 1165 quibus
908 1104 1167 1161 exaltantur,
1194 1106 1353 1166 quibus
1376 1107 1445 1151 di-

15 1168 17 1173 ’
53 1174 168 1219 citur
189 1184 240 1219 ut
262 1186 461 1236 quaerant
483 1192 573 1220 non
595 1192 694 1236 quae
716 1175 937 1230 videntur,
964 1175 1037 1219 sed
1060 1192 1158 1236 quae
1177 1192 1268 1220 non
1288 1177 1444 1222 viden-

53 1254 148 1303 tur,
183 1247 324 1300 «Quia
360 1264 459 1308 quae
480 1247 700 1302 videntur,
730 1246 985 1306 temporalia
1014 1256 1138 1305 sunt,
1170 1264 1269 1308 quae
1297 1259 1443 1293 autem

11 1317 14 1336 ²
55 1334 75 1358 »
101 1332 191 1361 non
212 1317 432 1373 videntur,
459 1327 620 1362 aeterna
638 1320 767 1362 sunt3
787 1337 796 1362 2
815 1337 834 1359 »
857 1327 1049 1377 etportae
1071 1328 1173 1362 sunt
1192 1319 1292 1362 filiae
1318 1320 1438 1376 Sion,

3 1434 5 1439 .
51 1396 317 1432 sacramenta
337 1398 380 1433 et
400 1389 520 1432 initia
540 1387 658 1442 fidei,
684 1404 783 1448 quae
797 1387 1069 1447 pulsantibus
1093 1389 1365 1447 aperiuntur,
1393 1400 1442 1435 ut

11 1462 13 1484 ³
50 1458 329 1518 perveniatur
346 1458 401 1503 ad
422 1458 594 1504 occulta
611 1458 734 1503 Filii?
761 1462 890 1503 «Non
912 1459 1027 1502 enim
1046 1459 1198 1503 oculus
1216 1460 1346 1516 vidit,
1366 1472 1441 1506 aut

5 1541 13 1585 ,ᾗ
52 1546 74 1570 »
100 1529 213 1574 auris
234 1528 427 1585 audivit,
447 1539 522 1575 aut
540 1530 586 1574 in
607 1545 681 1574 cor
698 1530 885 1574 hominis
901 1529 1119 1586 ascendit,
1145 1547 1244 1591 quae
1266 1547 1439 1592 praepa-

10 1594 13 1643 ῗ
54 1620 73 1643 »
99 1601 209 1645 ravit
224 1604 341 1652 Deus
362 1601 640 1659 diligentibus
658 1616 701 1645 se
717 1602 748 1645 ⁴¹.
765 1620 784 1642 »
806 1604 900 1645 Huc
917 1617 1055 1662 usque
1075 1611 1138 1646 est
1155 1602 1320 1647 clamor
1337 1620 1442 1664 pau-

9 1661 13 1674 *
49 1685 225 1730 perum,
254 1688 386 1732 quem
405 1687 496 1716 non
514 1672 676 1717 oblitus
696 1681 760 1716 est
777 1673 1001 1716 Dominus.

8 1732 11 1747 “
96 1744 193 1786 XV.
211 1741 375 1786 Deinde
387 1743 607 1802 sequitur:
625 1762 641 1782 «
654 1741 871 1787 Exultabo
889 1757 1018 1801 super
1035 1742 1222 1788 salutare
1241 1749 1433 1804 tuum-³3»

7 1807 9 1812 ¹
47 1811 94 1855 id
114 1821 203 1867 est,
229 1828 330 1857 cum
360 1812 633 1857 beatitudine
655 1812 915 1857 continebor
936 1828 960 1856 a
981 1812 1158 1857 salutari
1183 1823 1279 1869 tuo,
1316 1817 1438 1876 quod

47 1891 112 1926 est
147 1883 355 1927 Dominus
388 1892 534 1927 noster
570 1886 693 1927 Jesus
717 1883 941 1943 Christus,
969 1884 1115 1928 Virtus
1148 1894 1191 1928 ct
1221 1887 1437 1945 Sapientia

47 1952 166 1997 Deifi.
189 1956 304 2011 Ergo
326 1952 517 1997 Ecclesia
540 1952 670 2008 dicit,
696 1969 794 2013 qnae
816 1953 886 1997 hic
910 1954 1130 2011 affligitur,
1158 1965 1200 1999 et
1222 1971 1297 2015 spe
1319 1956 1438 2002 salva

5 2026 10 2074 ζ
47 2032 112 2068 est
130 2043 139 2068 ε
160 2023 357 2084 quandiu
379 2022 603 2068 occultum
625 2033 688 2067 est
702 2023 800 2067 Filii
811 2023 1028 2083 judicium
1046 2060 1056 2079 ,
1082 2025 1173 2084 ipsa
1195 2041 1269 2086 spe
1289 2026 1394 2072 dicit
1421 2049 1430 2074 :

49 2113 70 2137 «
89 2093 309 2139 Exultabo
328 2109 458 2154 super
478 2093 664 2139 salutare
686 2103 813 2138 tuum
830 2113 838 2139 2
862 2094 1003 2155 »quia
1020 2111 1138 2140 nunc
1157 2097 1432 2144 circumstre—

6 2198 7 2202 ,
43 2174 175 2225 pente
208 2181 285 2210 seu
322 2166 386 2221 vi,
425 2181 502 2210 seu
539 2181 682 2210 errore
717 2164 945 2225 gentilium
982 2167 1195 2211 atteritur.
1234 2188 1251 2209 «
1281 2171 1432 2215 Infixae

5 2280 7 2290 ὲ
46 2252 69 2277 »
91 2244 193 2280 sunt
215 2245 364 2295 gentes
385 2236 430 2279 in
449 2236 744 2296 corruptione,
769 2251 900 2296 quam
922 2236 1157 2282 fecerunt7.
1178 2258 1197 2280 »
1219 2240 1432 2286 Animad-

3 2307 7 2364 ᾗ
44 2315 162 2350 verte
179 2306 551 2367 quemadmodum
564 2317 758 2352 servetur
775 2323 907 2367 poena
925 2309 1140 2368 peccatori
1157 2310 1212 2353 de
1229 2312 1432 2370 operibus

3 2375 6 2426 J
44 2377 129 2422 suis
145 2398 156 2435 3
171 2386 214 2421 et
232 2376 605 2438 quemadmodum
614 2379 691 2439 qui
701 2378 936 2424 voluerunt
952 2381 1152 2440 persequi
1172 2381 1425 2440 Ecclesiam,

2 2443 5 2451 ’
43 2447 90 2492 in
111 2464 161 2492 ea
177 2448 456 2508 corruptione
473 2448 558 2493 sint
578 2449 673 2504 fixi,
688 2464 822 2509 quam
843 2465 886 2493 se
903 2448 1064 2494 inferre
1086 2451 1427 2501 arbitrabantur.

92 2551 101 2567 ¹
122 2544 235 2577 Matth.
260 2556 305 2577 vn
321 2570 330 2586 ‚
350 2544 383 2576 6.
416 2562 458 2568 -—-
477 2551 490 2567 ²
505 2546 585 2577 Gen.
608 2555 658 2584 m,
681 2556 711 2588 7.
733 2562 775 2568 —
792 2544 806 2568 3
835 2557 846 2576 1
869 2548 1015 2588 Cor.1v,
1046 2547 1095 2579 18.
1117 2565 1159 2570 --
1177 2546 1364 2594 41d.11‚9.
1392 2570 1429 2575 —

0 2635 7 2650 n
43 2597 60 2624 5
83 2600 152 2632 Psal
189 2611 233 2640 ix,
258 2600 307 2631 16.
332 2617 374 2622 -—
393 2598 408 2623 6
425 2612 437 2632 1
462 2603 534 2634 Cor.
555 2612 579 2642 1,
602 2599 656 2642 24.
677 2608 744 2634 -7
765 2600 842 2633 Psal.
871 2611 915 2642 ix,
939 2602 987 2633 16.
1163 2637 1168 2643 ¹

260 2664 382 2693 cxiv.
1196 2659 1243 2698 174
