1833 3284
417 238 755 267 ANNOTATIONUM
789 241 832 267 ΙΝ
865 242 956 278 iou,
993 241 1130 267 menn.
1388 230 1467 268 103

90 304 402 360 humilitatem,
425 304 501 365 qui
522 304 653 347 etiam
674 304 719 347 in
741 305 921 364 praesepi
944 312 1008 348 est
1027 304 1168 349 intans
1189 305 1373 364 positUS‚
1395 320 1465 353 re-

89 375 326 437 quiescitur
347 375 575 420 securitate
595 374 732 418 veniae
754 385 1055 435 peccatorum,
1081 384 1124 419 et
1150 375 1366 420 oblivione
1388 391 1468 421 cu-

89 461 237 492 rarum
266 445 393 490 malae
425 444 713 490 conscientiae.
753 463 774 487 «
810 447 867 490 Et
896 444 1091 504 alligabit
1119 446 1165 490 in
1191 444 1293 490 loris
1314 447 1470 506 jugum

89 535 112 559 υ
146 517 330 562 suum¹P
357 534 376 558 n
400 516 557 576 jugum
576 514 675 559 lene
695 524 871 575 portans
896 514 1120 574 alligatum
1140 515 1264 572 loris,
1287 517 1371 562 hoc
1388 527 1468 574 est,

87 587 134 633 in
156 585 487 632 auctoritatibus
509 601 684 641 eorum,
704 586 780 647 qui
802 601 977 631 carnem
1000 587 1391 644 mortificaverunt,
1410 598 1472 634 at-

86 673 174 719 que
198 657 479 703 domuerunt.
506 655 631 702 Unde
653 666 696 701 et
717 659 742 702 J
746 672 906 702 oannes
937 672 1044 702 zona
1065 656 1246 718 pellicea
1272 659 1473 718 cingeba-

86 731 208 784 tur2,
229 744 320 773 non
340 727 500 789 asperis
522 727 707 772 restibus
734 736 1030 787 peccatorum.
1061 747 1080 771 «
1111 731 1201 773 Aut
1230 728 1362 774 ducet
1391 729 1472 775 tibi

87 817 109 852 ³)
144 798 287 844 sulcos
312 799 360 844 in
385 792 596 859 campo3?
621 817 640 840 »
677 799 839 860 aperiet
868 808 1046 859 pectora
1070 799 1208 859 plebis
1231 799 1473 847 obedientis

85 869 142 923 ad
158 869 450 916 obtinendum
464 885 647 929 regnum
669 870 761 915 Dei.
792 889 813 914 «
835 869 1029 916 Confidis
1046 879 1194 915 autem
1214 871 1260 915 in
1282 887 1350 928 eo,
1370 872 1473 933 quia

87 960 108 985 »
143 950 312 986 mutata
337 949 402 986 est
432 940 568 987 virtus
602 941 748 1001 ejus⁴P
776 959 798 982 »
822 949 874 985 ut
893 956 983 986 non
1003 941 1238 986 vanitatem
1265 942 1472 987 humanae

82 1012 225 1058 laudis
252 1020 296 1057 et
322 1012 500 1057 honoris
522 1011 653 1056 etiam
679 1012 726 1056 in
753 1011 958 1057 Ecclesiae
982 1010 1224 1057 ministerio
1254 1013 1468 1073 requirat,

82 1082 196 1135 sicut
212 1082 462 1143 requirebat
475 1083 520 1126 in
538 1082 713 1127 saeculo.
739 1101 761 1125 «
779 1085 869 1127 Aut
889 1081 1081 1127 dimittes
1104 1082 1143 1126 ei
1165 1097 1295 1142 opera
1318 1085 1422 1129 tua?
1446 1102 1467 1128 »

81 1153 194 1199 sicut
220 1152 317 1209 ille,
347 1168 428 1214 pro
456 1169 545 1213 quo
573 1168 617 1198 se
645 1153 752 1200 dicit
781 1152 1015 1214 Apostolus
1045 1152 1262 1213 legatione
1295 1152 1469 1213 fungi⁵,

81 1224 312 1269 exhortans
343 1240 422 1287 pro
456 1223 629 1269 Christo
661 1223 928 1269 reconciliari
959 1228 1066 1270 Deo.
1102 1246 1121 1268 «
1152 1228 1209 1270 Et
1235 1224 1384 1271 credes
1406 1226 1468 1282 ei,

82 1313 104 1337 n
139 1295 241 1356 quia
270 1294 426 1340 reddet
452 1294 532 1341 tibi
566 1296 872 1340 sementemfi?
907 1314 927 1337 »
961 1296 1081 1342 Nihil
1109 1312 1160 1342 ex
1193 1313 1244 1342 eo
1279 1313 1358 1343 suo
1386 1296 1470 1343 do-

79 1366 264 1411 minatui
295 1364 552 1411 vindicabit.
586 1368 833 1411 Sementem
865 1366 1028 1427 quippe
1060 1367 1164 1413 dicit
1197 1384 1306 1429 opus
1338 1369 1470 1418 semi-

78 1435 229 1482 nandi.
261 1455 282 1479 «
309 1439 367 1482 Et
387 1435 435 1480 in
461 1451 604 1480 aream
631 1445 752 1481 tuam
781 1436 970 1483 inferet?
995 1457 1015 1480 »
1050 1441 1107 1483 Ut
1132 1439 1186 1482 sit
1206 1439 1322 1483 inter
1349 1438 1467 1495 illos,

79 1508 240 1570 quibus
257 1507 348 1568 ipse
370 1507 580 1552 Dominus
608 1508 807 1568 praecipit
835 1507 1078 1568 rogandum
1102 1510 1339 1555 Dominum
1356 1526 1469 1556 mes-

79 1579 155 1635 sis,
175 1588 227 1623 ut
255 1578 400 1623 mittat
423 1579 639 1639 operarios
665 1579 712 1624 in
738 1595 921 1624 messem
941 1582 1114 1626 suam⁷:
1138 1597 1233 1626 non
1255 1591 1402 1627 autem
1418 1591 1469 1627 ut

77 1650 161 1694 sibi
180 1648 286 1695 velit
307 1665 452 1695 aream
474 1648 771 1706 facere,sicut
790 1650 993 1711 princeps
1020 1652 1235 1696 haeresum
1262 1661 1307 1697 et
1332 1653 1471 1698 schis-

77 1729 264 1776 matum,
279 1730 322 1764 et
334 1720 600 1782 quicumque
613 1736 704 1765 non
716 1720 795 1765 Dei
810 1720 990 1780 gloriam
1003 1732 1223 1782 quaerunt,
1238 1722 1313 1768 sed
1326 1738 1464 1768 suam.

77 1789 395 1836 Difficillimum
411 1800 475 1835 est
496 1790 630 1847 enim,
647 1801 698 1836 ut
717 1791 823 1837 velit
844 1792 923 1837 iste
939 1809 1211 1850 monoceros,
1228 1793 1302 1839 sed
1320 1803 1468 1839 tamen

77 1870 122 1905 et
142 1862 226 1907 hoc
255 1871 432 1923 praestat
461 1871 593 1923 atque
624 1863 759 1908 efficit
786 1863 832 1908 in
853 1863 1042 1908 hominis
1069 1865 1236 1920 animo,
1261 1866 1336 1926 qui
1364 1866 1469 1910 facit

76 1931 293 1978 mirabilia
313 1932 453 1988 solus,
472 1932 649 1977 consilia
665 1932 907 1990 destruens,
932 1944 975 1978 et
997 1951 1173 1980 omnem
1193 1936 1468 1982 altitudinem

77 2002 357 2047 extollentem
377 2018 423 2047 se
450 2004 654 2048 adversus
676 2004 902 2048 scientiam
925 2006 1023 2059 Dei,
1050 2015 1093 2050 ct
1115 2008 1339 2066 captivans
1368 2023 1466 2052 om-

76 2087 176 2117 nem
200 2072 473 2118 intellectum
491 2072 548 2117 ad
568 2074 862 2118 obedientiam
875 2078 1031 2120 suamS.
1049 2096 1069 2118 «
1086 2080 1234 2121 Pcnna
1251 2078 1464 2123 struthio-

77 2160 100 2184 »
134 2158 242 2188 num
277 2143 410 2188 mixta
443 2153 507 2188 est
540 2143 617 2188 alis
652 2143 899 2190 herodionis
936 2155 979 2190 ct
1006 2147 1234 2206 accipitris.
1265 2167 1284 2190 »
1316 2148 1464 2194 Tardis

74 2214 272 2273 ingenio,
292 2227 403 2275 quos
419 2216 661 2273 significant
673 2217 955 2273 struthiones,
975 2217 1079 2278 quia
1094 2218 1243 2263 volare
1258 2235 1348 2264 non
1361 2236 1464 2280 pos-

75 2294 198 2340 sunt,
223 2285 436 2330 donatum
467 2301 556 2330 esse
588 2302 665 2346 per
692 2289 783 2348 ejus
810 2289 1014 2346 gratiam,
1040 2289 1116 2349 qui
1146 2289 1278 2335 stulta
1309 2291 1464 2335 muudi

76 2354 247 2415 elegitss,
268 2365 319 2400 ut
333 2365 613 2417 aequarentur
632 2358 954 2416 ingeniosorum
967 2358 1178 2407 celeritati
1190 2361 1350 2421 pariter
1365 2376 1461 2407 cre-

123 2467 134 2487 1
149 2461 223 2496 Job.
239 2473 348 2506 xxxix,
369 2474 420 2496 10.
434 2481 477 2486 —
496 2471 511 2487 2
524 2466 675 2507 Matt.1u,
695 2465 728 2509 4,
745 2472 778 2499 et
794 2468 894 2500 Marc.
920 2479 944 2510 1,
969 2467 1003 2500 6.
1023 2486 1065 2493 —
1089 2468 1102 2493 3
1126 2470 1201 2502 Joh.
1220 2480 1331 2512 xxxix,
1353 2479 1405 2502 ιο.
1423 2488 1466 2496 -—·

75 2516 193 2550 41hid.
220 2530 270 2557 μ.
293 2535 337 2542 —-
354 2517 492 2553 ⁵2Cor.
518 2529 688 2562 v,2o.—-
713 2520 729 2545 ὃ
749 2522 822 2555 Job.
848 2535 964 2566 xxxix,
988 2536 1039 2558 12.
1076 2543 1119 2550 --
1151 2533 1165 2559 7
1186 2527 1263 2560 Luc.
1298 2537 1338 2568 x,
1368 2534 1401 2557 2.
1426 2542 1468 2549 —

77 2570 92 2595 ⁵³
111 2582 130 2606 2
149 2576 222 2608 Cor.
240 2586 273 2618 x,
289 2574 323 2618 4,
339 2576 368 2608 5.
389 2593 431 2600 -
449 2581 638 2621 91Cor.1,
657 2587 712 2620 27.
