1833 3284
409 281 750 311 ANNOTATIONUM
783 284 828 312 [Ν
859 284 961 322 JOB,
996 283 1137 311 Limia.
1422 264 1477 304 85

91 371 109 393 »
130 349 300 394 tentis1.
332 368 350 391 »
379 348 462 394 Cui
493 347 732 408 plurimum
759 348 1014 403 dimittitur,
1041 346 1283 407 plurimum
1309 343 1470 403 diligit.

85 420 301 474 Quoniam
317 426 460 478 potest
476 426 520 461 et
540 417 724 477 impium
736 419 972 478 justificare
997 418 1073 477 qui
1092 426 1157 461 est
1168 416 1473 475 Omnipotens.

92 507 110 530 «
136 493 194 534 Et
221 505 312 534 non
328 488 572 533 invenimus
595 487 729 532 alium
761 488 944 532 similem
970 487 1120 533 virtuti
1143 487 1276 546 ejus²,
1306 506 1324 528 »
1353 484 1480 530 Solus

88 559 206 603 enim
226 559 297 603 hic
309 567 537 618 peccatum
559 574 650 602 non
672 557 790 613 feeit,
807 577 827 601 «
843 561 932 604 Nee
956 558 1158 603 inventus
1182 565 1246 600 est
1273 554 1400 600 dolus
1432 554 1481 597 in

91 647 112 671 »
134 644 208 673 ore
226 630 386 689 ejus3.»
410 627 534 673 Solus
551 628 667 672 enim
685 631 798 672 Deus
815 643 965 680 verax3
981 627 1162 672 «Omnis
1185 635 1331 670 autem
1345 626 1480 669 homo

94 719 112 742 »
138 699 352 744 mendax4
377 714 386 740 :
432 718 450 740 »
476 697 596 743 unde
631 698 736 742 vicit
765 714 867 743 cum
894 698 1165 758 judicaretur
1198 700 1314 741 Deus
1344 696 1480 739 homo

87 769 241 814 factus.
268 788 286 810 «
307 769 393 823 Qui
419 770 537 830 juste
562 768 752 829 judicat,
791 785 881 813 non
901 778 1028 828 putas
1058 767 1258 812 exaudire
1276 768 1430 811 eum⁵P
1457 787 1476 809 »

87 843 185 886 Non
206 841 354 900 itaque
376 840 510 885 homo
541 838 596 883 de
631 840 758 884 venia
792 837 1063 899 desperando
1082 874 1093 893 ,
1138 838 1271 882 addat
1301 846 1480 897 peccata

86 911 274 970 peccatis
291 945 302 965 ,
328 919 538 970 tanquam
565 909 764 954 addictus
778 911 869 970 jam
891 908 1184 964 damnationi,
1211 908 1314 968 quia
1336 916 1481 952 certus

86 990 150 1026 est
181 979 236 1025 de
256 980 423 1041 justitia
451 980 552 1035 Dei,
585 981 666 1024 sub
703 996 788 1040 qua
811 996 901 1025 non
929 989 1070 1040 potest
1092 995 1182 1024 esse
1218 979 1479 1038 impunitus.

86 1054 152 1095 Ita
173 1051 291 1095 enim
311 1054 426 1095 Deus
442 1051 558 1111 juste
569 1049 761 1111 judicat,
786 1059 836 1095 ut
854 1050 983 1095 etiam
1006 1048 1208 1094 exaudiat
1218 1049 1391 1094 veniam
1404 1046 1483 1091 de-

85 1130 310 1182 precantes
325 1142 336 1179 3
353 1130 396 1165 et
413 1130 535 1165 tanto
557 1122 694 1180 magis
711 1129 877 1181 quanto
899 1121 1034 1180 magis
1051 1121 1166 1181 juste
1183 1119 1368 1180 judicat.
1382 1120 1481 1164 Non

85 1191 202 1235 enim
226 1191 332 1252 justi
343 1190 498 1251 judicii
519 1200 598 1246 est,
624 1191 888 1250 poenitentes
925 1191 1142 1251 supplices
1171 1191 1349 1234 miscere
1379 1202 1482 1232 eum

84 1263 150 1318 iis,
167 1263 243 1323 qui
259 1272 461 1307 recusant
470 1261 763 1307 humilitatem
778 1272 822 1307 et
835 1262 1172 1308 satisfactionem
1186 1260 1478 1322 poenitentiae.

89 1352 107 1374 «
130 1337 364 1393 Propterea
388 1333 609 1378 timebunt
639 1348 740 1377 eum
767 1333 992 1378 homines⁰
1021 1334 1079 1378 :si
1106 1349 1150 1377 se
1171 1332 1368 1377 homines
1393 1345 1484 1386 esse

83 1404 377 1460 meminerint,
398 1402 649 1448 confitendo
663 1413 842 1463 peccata
865 1420 941 1448 sua
961 1424 969 1448 :
991 1405 1094 1464 quia
1119 1403 1264 1448 adhue
1280 1402 1481 1447 homines

84 1482 213 1528 sunt,
239 1474 402 1534 quibus
437 1472 597 1518 dieitur
617 1493 626 1518 ε
649 1492 668 1514 «
700 1476 855 1519 Nonne
883 1474 1082 1518 homines
1102 1474 1225 1517 estis?
1246 1472 1484 1516 Timebunt

89 1559 306 1604 »quoque
337 1558 438 1587 eum
466 1552 509 1587 et
537 1543 754 1603 sapientes
786 1544 974 1588 eorde⁷.·
1006 1563 1024 1585 »
1051 1559 1106 1587 ne
1134 1543 1214 1587 sibi
1245 1541 1482 1586 tribuendo

83 1613 207 1675 quod
223 1623 500 1674 acceperunt,
522 1623 565 1658 et
581 1613 769 1658 dicendo
781 1629 825 1658 se
840 1629 929 1658 esse
944 1615 1174 1674 sapientes,
1192 1613 1314 1658 stulti
1330 1614 1481 1657 fiantg.

83 1688 232 1729 Potest
253 1685 368 1728 enim
384 1683 544 1728 auferri
564 1685 778 1744 superbis,
799 1684 922 1745 quod
939 1685 1069 1729 datur
1086 1684 1344 1728 humilibus.
1364 1686 1484 1737 Qua-

83 1764 262 1815 propter
289 1763 333 1799 et
359 1755 574 1813 sapientes
607 1755 807 1814 quamvis
835 1754 976 1800 cordis
1004 1755 1352 1809 illuminatione,
1393 1769 1486 1799 non

84 1825 247 1884 linguae
263 1825 498 1885 jactatione
516 1825 728 1885 sapientes
751 1826 838 1869 sint
858 1835 902 1870 et
926 1841 1070 1885 reges,
1096 1824 1344 1886 spiritaliter
1361 1824 1487 1884 judi-

84 1905 231 1940 cantes
255 1905 438 1951 terram,
463 1896 544 1955 ipsi
571 1905 755 1940 autema
787 1897 963 1940 nemine
978 1895 1235 1957 judicentur
1250 1932 1261 1951 ,
1296 1896 1487 1940 serviant

84 1975 232 2010 tamen
254 1966 440 2010 Domino
462 1966 508 2009 in
536 1966 715 2021 timore,
742 1975 785 2009 et
817 1966 1013 2011 exultent
1041 1983 1143 2011 cum
1179 1976 1392 2020 tremore,
1429 1980 1485 2009 ne

83 2045 264 2095 pereant
281 2034 336 2089 de
357 2035 425 2079 via
443 2037 610 2093 recta⁹3
638 2039 790 2080 «Deus
809 2045 873 2080 est
897 2037 1012 2080 enim
1028 2038 1104 2097 qui
1129 2045 1335 2097 operatur
1357 2036 1402 2079 in
1425 2036 1484 2081 eis

87 2124 107 2148 »
128 2115 172 2150 et
186 2104 299 2150 velle
323 2114 366 2150 et
377 2106 547 2165 operari
567 2121 647 2165 pro
664 2106 782 2152 bona
798 2107 1026 2152 voluntate
1046 2110 1097 2152 1⁰.
1125 2126 1146 2150 n

140 2179 394 2220 XXXVIII.
435 2195 455 2218 «
480 2179 538 2220 Et
568 2186 852 2238 posteaquam
884 2179 1051 2239 quievit
1072 2178 1175 2222 Eliu
1192 2177 1343 2238 loqui,
1373 2178 1485 2223 dixit

86 2264 107 2288 n
141 2246 353 2291 Donn'n’us
376 2245 431 2290 ad
454 2246 539 2290 Job
566 2262 645 2306 per
665 2248 889 2292 turbinem
911 2248 1041 2292 nubis
1056 2250 1105 2292 ¹1.
1138 2266 1158 2290 ³>
1192 2248 1372 2293 Etiamsi
1397 2248 1484 2292 hoe

74 2315 216 2377 ‘modo
236 2331 322 2360 vox
343 2316 423 2360 ista
444 2315 557 2361 facta
583 2326 674 2372 est,
699 2318 922 2378 quomodo
960 2319 1015 2363 ad
1038 2322 1223 2377 Moysen
1239 2354 1250 2374 ,
1273 2317 1345 2363 vel
1367 2333 1482 2378 quo-

83 2386 216 2432 modo
239 2402 340 2430 cum
362 2402 406 2430 se
438 2388 648 2432 Dominus
670 2389 811 2433 tribus
833 2389 1063 2450 Discipulis
1085 2390 1130 2433 in
1152 2397 1302 2434 monte
1330 2398 1478 2433 osten-

131 2503 143 2520 ¹
169 2496 244 2528 Job.
269 2507 390 2536 xxxvu,
416 2505 472 2529 22.
500 2513 542 2520 —-
562 2497 672 2529 2ΙὶιίιΙ.
692 2498 747 2530 23.
770 2515 812 2521 —
828 2497 841 2521 3
864 2510 876 2530 1
903 2501 990 2530 Petr.
1010 2510 1045 2541 11,
1065 2508 1120 2532 22.
1139 2517 1181 2523 —
1199 2497 1215 2530 4
1244 2498 1311 2531 Psal
1327 2510 1400 2540 exv,
1425 2510 1477 2530 11.

86 2550 156 2575 —5
180 2552 255 2584 Job.
272 2564 383 2584 xxxvn
397 2578 406 2594 ,
422 2552 476 2585 23.
499 2570 531 2574 —
566 2551 581 2574 ⁶
600 2553 681 2585 Ibid.
699 2553 754 2596 24.
777 2570 819 2577 -··-
840 2561 853 2587 7
874 2554 955 2586 lbid.
972 2572 1014 2577 —-
1029 2553 1043 2577 ⁸
1062 2557 1154 2587 Rom.
1174 2567 1197 2593 ι,
1221 2563 1276 2587 22.
1297 2573 1339 2577 —
1358 2562 1373 2586 9
1394 2553 1480 2585 Psal.

82 2618 115 2648 n,
143 2619 194 2647 Π,
219 2619 268 2639 12.
291 2625 329 2630 --
354 2615 384 2631 ¹0
406 2609 518 2651 Philip.
537 2620 572 2649 u,
591 2609 640 2640 13.
664 2627 705 2631 -—
725 2617 750 2631 ¹¹
770 2610 842 2641 Job.
866 2621 994 2650 xxxviii,
1022 2622 1049 2640 1.
