1833 3284
383 283 626 313 ENARRA‘no
658 287 690 313 11
723 288 769 314 m
801 269 1152 314 PsALMUM'xxxr.
1375 273 1457 312 437

74 350 156 395 biae
178 349 357 395 damnat
377 353 507 395 Deus.
533 349 651 403 Quid
671 350 805 409 igitur
826 351 896 406 fit,
919 351 952 395 si
975 365 1019 394 se
1041 351 1175 395 homo
1193 350 1461 410 justificave-

72 421 144 476 rit,
169 431 213 465 et
231 420 287 465 de
301 420 469 481 justitia
489 436 564 464 sua
583 422 935 481 praesumpserit?
952 420 1094 465 Cadit.
1119 422 1161 465 Si
1185 421 1462 465 considerans

72 500 117 535 et
135 492 328 550 cogitans
348 491 645 540 infirmitatem
661 507 784 536 suam
806 500 849 535 et
870 506 1136 551 praesumens
1154 489 1208 534 de
1226 491 1462 535 misericor-

70 562 141 606 dia
164 562 263 617 Dei,
284 561 522 620 neglexerit
541 563 676 607 vitam
705 578 828 607 suam
850 561 1063 606 mundare
1092 579 1115 606 a
1137 562 1325 623 peccatis
1347 564 1433 606 suis
1447 597 1458 617 ,

69 643 112 678 et
133 649 178 678 se
200 634 320 678 omni
347 634 516 693 gurgite
540 634 805 694 flagitiorum
827 634 1109 692 demerserit,
1134 643 1178 678 et
1208 634 1298 693 ipse
1326 633 1458 678 cadit.

69 705 356 764 Praesumptio
372 705 426 749 de
437 705 620 765 justitia,
640 705 762 766 quasi
786 705 962 749 dextera
979 714 1044 749 est
1065 724 1073 749 :
1093 704 1300 763 cogitatio
1321 704 1464 764 impu-

68 776 214 820 nitatis
246 784 548 835 peccatorum,
574 776 696 836 quasi
727 776 897 820 sinistra
930 785 1007 820 est.
1035 775 1277 820 Audiamus
1308 790 1462 819 vocem

66 847 144 891 Dei
165 846 381 892 dicentem
403 847 556 906 nobis;
584 866 604 889 »
638 851 702 893 Ne
719 847 906 892 declines
929 848 974 891 in
997 846 1219 892 dexteram
1238 856 1314 891 aut
1337 847 1461 891 sinis-

70 935 91 959 »
126 927 236 962 tram
256 920 287 962 1.
316 922 421 964 »Ne
445 935 680 978 praesumas
706 919 761 963 ad
781 934 967 977 regnum
998 917 1052 962 de
1079 918 1246 978 justitia
1274 926 1375 972 tua,
1407 933 1461 961 ne

65 1003 301 1050 praesumas
323 990 379 1035 ad
400 991 670 1051 peccandum
687 991 742 1034 de
763 990 1056 1035 misericordia
1076 990 1168 1034 Dei.
1187 990 1256 1033 Ab
1274 999 1463 1050 utroque

65 1070 110 1105 te
135 1070 311 1106 revocat
341 1071 608 1122 praeceptum
631 1061 856 1119 divinum,
889 1071 933 1106 et
955 1061 1010 1105 ab
1037 1059 1111 1105 illa
1136 1059 1395 1116 altitudine,
1420 1070 1464 1105 et

65 1132 122 1176 ab
148 1132 230 1178 ista
250 1131 567 1192 profunditate.
599 1133 710 1177 Illuc
732 1134 765 1177 si
797 1132 1060 1187 ascenderis,
1096 1131 1459 1191 praecipitaberis3

64 1203 146 1248 hac
171 1204 206 1247 si
236 1204 381 1264 lapsus
404 1203 551 1259 fueris,
582 1203 857 1262 demergeris.
889 1206 952 1248 Ne
970 1238 981 1258 ,
1006 1203 1173 1263 inquit,
1200 1201 1392 1246 declines
1415 1203 1462 1246 in

64 1273 285 1319 dexteram
307 1284 383 1319 aut
402 1275 631 1319 sinistram.
660 1278 822 1318 Iterum
849 1274 947 1318 dico
970 1272 1091 1334 quod
1112 1273 1302 1317 breviter
1325 1274 1461 1317 fixum

62 1360 212 1389 omnes
232 1345 378 1390 animo
399 1345 580 1390 teneatis
607 1365 616 1390 z
641 1348 704 1391 Ne
732 1360 970 1405 praesumas
994 1345 1048 1388 ad
1079 1359 1261 1402 regnum
1286 1342 1342 1387 de
1360 1343 1460 1403 jus-

63 1415 157 1460 titia
179 1425 270 1471 tua,
288 1432 343 1460 ne
359 1431 596 1477 praesumas
611 1415 664 1460 ad
688 1414 958 1475 peccandum
978 1414 1032 1459 de
1054 1413 1345 1458 misericordia
1363 1415 1457 1458 Dei.

63 1486 365 1546 Respondebis
384 1487 525 1541 :Quid
546 1502 649 1545 ergo
673 1484 853 1530 faciam?
880 1484 1072 1530 Psalmns
1092 1485 1172 1528 iste
1194 1484 1323 1529 docet
1344 1500 1422 1529 nos
1449 1504 1458 1529 z

63 1573 152 1617 quo
185 1557 377 1617 perlecto
410 1566 541 1617 atque
574 1565 781 1612 tractato,
807 1557 1010 1611 arbitror,
1034 1555 1270 1616 adjuvante
1292 1555 1463 1599 miseri-

62 1627 209 1673 cordia
230 1628 428 1683 Domini,
452 1629 618 1673 visuros
640 1644 719 1672 nos
740 1628 856 1671 viam
877 1627 947 1672 vel
970 1627 1047 1670 ubi
1067 1627 1158 1687 jam
1181 1626 1460 1670 ambulemus

62 1698 132 1743 vel
154 1714 285 1758 quam
304 1707 451 1742 tenere
473 1698 725 1743 debeamus.
748 1697 1055 1757 Unusquisque
1077 1712 1158 1756 pro
1179 1695 1360 1740 modulo
1382 1712 1461 1740 suo

63 1769 228 1826 audiat,
253 1780 296 1815 et
325 1770 437 1815 sicut
460 1770 540 1815 sibi
571 1771 768 1815 conscius
794 1768 947 1824 fuerit,
972 1769 1032 1813 ita
1062 1768 1128 1813 vel
1155 1767 1301 1812 dolcat
1323 1768 1461 1813 corri-

64 1840 252 1900 gendus,
277 1840 348 1886 vel
372 1840 559 1900 gaudeat
582 1840 907 1901 approbandus.
938 1841 980 1885 Si
1000 1856 1043 1884 se
1066 1838 1259 1883 deviasse
1281 1839 1461 1883 invene-

62 1913 118 1957 rit
132 1912 320 1968 {redeat
344 1922 394 1957 ut
414 1913 460 1956 in
481 1913 551 1956 via
575 1912 771 1956 ambulet
794 1932 802 1956 :
828 1912 862 1956 si
883 1928 926 1956 sc
948 1912 993 1956 in
1018 1911 1088 1955 Via
1109 1910 1339 1966 invenerit,
1366 1926 1460 1954 am-

63 1983 186 2028 bulet
209 1993 258 2027 ut
275 1983 516 2043 perveniat.
542 1985 681 2029 Nemo
711 1984 764 2027 sit
790 1982 1000 2042 superbus
1028 1990 1146 2025 extra
1168 1981 1305 2037 viam,
1330 1997 1462 2027 nemo

61 2053 184 2113 piger
206 2054 251 2097 in
271 2054 356 2097 via.

121 2127 140 2168 Ι
147 2127 180 2168 Ι.
219 2127 348 2169 Hunc
377 2133 525 2168 autem
553 2124 773 2168 Psalmum
799 2122 854 2168 ad
889 2139 984 2168 eam
1006 2123 1186 2181 gratiam
1215 2122 1458 2183 pertinere,

61 2211 147 2255 qua
170 2195 404 2239 Christiani
421 2210 586 2250 sumus,
606 2204 786 2240 testatus
810 2204 874 2239 est
890 2193 1110 2254 apostolus
1125 2193 1286 2238 Paulus
1308 2213 1317 2238 :
1342 2193 1461 2238 unde

61 2266 198 2325 ipsam
219 2265 455 2309 lectionem
470 2266 592 2310 vobis
607 2265 692 2324 legi
705 2265 937 2310 voluimus.
966 2269 1059 2310 Hoc
1076 2264 1184 2309 dixit
1205 2264 1456 2324 Apostolus,

61 2327 162 2380 cum
184 2335 512 2380 commendaret
529 2337 739 2396 justitiam
759 2352 858 2398 quae
881 2352 931 2380 ex
949 2335 1035 2380 fide
1053 2345 1131 2391 est,
1160 2335 1364 2380 adversus
1387 2351 1460 2380 eos

61 2408 137 2468 qui
165 2405 406 2466 gloriantur
428 2406 482 2451 de
501 2408 668 2467 justitia
699 2424 799 2468 quae
822 2418 885 2452 cst
910 2424 962 2450 cx
983 2407 1212 2467 operibus,
1243 2408 1328 2451 hoc
1353 2407 1412 2451 ait
1446 2427 1455 2451 ε

66 2498 86 2520 «
120 2477 237 2532 Quid
259 2494 361 2537 ergo
383 2478 577 2523 dicemus
598 2479 810 2523 invenisse
832 2479 1052 2522 Abraham
1070 2487 1238 2538 patrem
1260 2487 1459 2523 nostrum

65 2567 86 2590 »
121 2548 362 2594 secundum
385 2552 586 2594 carnem?
606 2550 647 2595 Si
671 2551 788 2594 enim
811 2549 1033 2594 Abraham
1062 2565 1114 2592 ex
1137 2549 1344 2609 operibus
1361 2549 1456 2609 jus-

110 2640 118 2656 ¹
140 2635 236 2666 prov.
251 2645 298 2675 ιν,
318 2643 373 2667 20.
