<?xml version="1.0" encoding="UTF-8"?>
<!DOCTYPE html PUBLIC "-//W3C//DTD XHTML 1.0 Transitional//EN"
    "http://www.w3.org/TR/xhtml1/DTD/xhtml1-transitional.dtd">
<html xmlns="http://www.w3.org/1999/xhtml" xml:lang="en" lang="en">
 <head>
  <title>
</title>
<meta http-equiv="Content-Type" content="text/html;charset=utf-8" />
  <meta name='ocr-system' content='tesseract 3.04.00' />
  <meta name='ocr-capabilities' content='ocr_page ocr_carea ocr_par ocr_line ocrx_word'/>
</head>
<body>
  <div class='ocr_page' id='page_1' title='image "./operaomniaaccura07auguuoft_0021.png"; bbox 0 0 1833 3284; ppageno 0'>
   <div class='ocr_carea' id='block_1_1' title="bbox 420 224 1474 271">
    <p class='ocr_par' dir='ltr' id='par_1_1' title="bbox 420 224 1474 271">
     <span class='ocr_line' id='line_1_1' title="bbox 420 224 1474 271; baseline -0.001 -11"><span class='ocrx_word' id='word_1_1' title='bbox 420 230 761 260; x_wconf 65' lang='lat' dir='ltr'>Annona-mmm</span> <span class='ocrx_word' id='word_1_2' title='bbox 793 233 841 260; x_wconf 76' lang='lat' dir='ltr'>m</span> <span class='ocrx_word' id='word_1_3' title='bbox 870 233 968 271; x_wconf 72' lang='lat' dir='ltr'>son,</span> <span class='ocrx_word' id='word_1_4' title='bbox 1003 233 1142 260; x_wconf 68' lang='lat' dir='ltr'>mmm.</span> <span class='ocrx_word' id='word_1_5' title='bbox 1426 224 1474 260; x_wconf 85' lang='lat'>11</span> 
     </span>
    </p>
   </div>
   <div class='ocr_carea' id='block_1_2' title="bbox 73 295 1480 2485">
    <p class='ocr_par' dir='ltr' id='par_1_2' title="bbox 83 295 1480 1209">
     <span class='ocr_line' id='line_1_2' title="bbox 92 295 1477 358; baseline -0.001 -15"><span class='ocrx_word' id='word_1_6' title='bbox 92 307 208 343; x_wconf 85' lang='lat' dir='ltr'>sunt.</span> <span class='ocrx_word' id='word_1_7' title='bbox 234 297 416 358; x_wconf 87' lang='lat' dir='ltr'>Eliphaz</span> <span class='ocrx_word' id='word_1_8' title='bbox 436 297 508 341; x_wconf 91' lang='lat' dir='ltr'>hic</span> <span class='ocrx_word' id='word_1_9' title='bbox 535 306 669 352; x_wconf 83' lang='lat' dir='ltr'>errat,</span> <span class='ocrx_word' id='word_1_10' title='bbox 694 297 796 357; x_wconf 87' lang='lat' dir='ltr'>quia</span> <span class='ocrx_word' id='word_1_11' title='bbox 818 306 944 357; x_wconf 84' lang='lat' dir='ltr'>putat</span> <span class='ocrx_word' id='word_1_12' title='bbox 966 297 1022 342; x_wconf 85' lang='lat' dir='ltr'>de</span> <span class='ocrx_word' id='word_1_13' title='bbox 1052 298 1138 342; x_wconf 92' lang='lat' dir='ltr'>Job</span> <span class='ocrx_word' id='word_1_14' title='bbox 1169 295 1477 357; x_wconf 83' lang='lat' dir='ltr'>intelligenda,</span> 
     </span>
     <span class='ocr_line' id='line_1_3' title="bbox 92 367 1474 430; baseline 0 -18"><span class='ocrx_word' id='word_1_15' title='bbox 92 384 190 430; x_wconf 84' lang='lat' dir='ltr'>quae</span> <span class='ocrx_word' id='word_1_16' title='bbox 229 369 268 412; x_wconf 88' lang='lat' dir='ltr'>ei</span> <span class='ocrx_word' id='word_1_17' title='bbox 305 367 495 412; x_wconf 86' lang='lat' dir='ltr'>revelata</span> <span class='ocrx_word' id='word_1_18' title='bbox 534 377 658 423; x_wconf 83' lang='lat' dir='ltr'>sunt,</span> <span class='ocrx_word' id='word_1_19' title='bbox 696 383 798 412; x_wconf 90' lang='lat' dir='ltr'>cum</span> <span class='ocrx_word' id='word_1_20' title='bbox 832 377 971 412; x_wconf 83' lang='lat' dir='ltr'>totum</span> <span class='ocrx_word' id='word_1_21' title='bbox 1013 368 1201 412; x_wconf 89' lang='lat' dir='ltr'>Domino</span> <span class='ocrx_word' id='word_1_22' title='bbox 1238 376 1474 427; x_wconf 83' lang='lat' dir='ltr'>competat.</span> 
     </span>
     <span class='ocr_line' id='line_1_4' title="bbox 94 436 1478 499; baseline 0.001 -18"><span class='ocrx_word' id='word_1_23' title='bbox 94 457 116 481; x_wconf 72' lang='lat' dir='ltr'>a</span> <span class='ocrx_word' id='word_1_24' title='bbox 149 439 261 492; x_wconf 84' lang='lat' dir='ltr'>Quia</span> <span class='ocrx_word' id='word_1_25' title='bbox 299 454 401 484; x_wconf 88' lang='lat' dir='ltr'>cum</span> <span class='ocrx_word' id='word_1_26' title='bbox 431 437 651 499; x_wconf 84' lang='lat' dir='ltr'>lapidibus</span> <span class='ocrx_word' id='word_1_27' title='bbox 678 439 768 497; x_wconf 81' lang='lat' dir='ltr'>agri</span> <span class='ocrx_word' id='word_1_28' title='bbox 799 438 982 482; x_wconf 89' lang='lat' dir='ltr'>habebis</span> <span class='ocrx_word' id='word_1_29' title='bbox 1015 436 1203 481; x_wconf 43' lang='lat' dir='ltr'>foedus&amp;</span> <span class='ocrx_word' id='word_1_30' title='bbox 1235 455 1257 479; x_wconf 89' lang='lat'>»</span> <span class='ocrx_word' id='word_1_31' title='bbox 1293 437 1478 498; x_wconf 83' lang='lat' dir='ltr'>Lapides</span> 
     </span>
     <span class='ocr_line' id='line_1_5' title="bbox 91 507 1479 572; baseline -0.001 -17"><span class='ocrx_word' id='word_1_32' title='bbox 91 512 198 570; x_wconf 84' lang='lat' dir='ltr'>agri,</span> <span class='ocrx_word' id='word_1_33' title='bbox 219 512 322 572; x_wconf 86' lang='lat' dir='ltr'>quia</span> <span class='ocrx_word' id='word_1_34' title='bbox 343 512 388 555; x_wconf 90' lang='lat' dir='ltr'>in</span> <span class='ocrx_word' id='word_1_35' title='bbox 407 511 610 570; x_wconf 86' lang='lat' dir='ltr'>gentibus</span> <span class='ocrx_word' id='word_1_36' title='bbox 631 509 752 555; x_wconf 79' lang='lat' dir='ltr'>nulla</span> <span class='ocrx_word' id='word_1_37' title='bbox 770 509 987 555; x_wconf 80' lang='lat' dir='ltr'>ordinatio</span> <span class='ocrx_word' id='word_1_38' title='bbox 1011 510 1134 567; x_wconf 81' lang='lat' dir='ltr'>Legis</span> <span class='ocrx_word' id='word_1_39' title='bbox 1157 507 1257 564; x_wconf 85' lang='lat' dir='ltr'>suit,</span> <span class='ocrx_word' id='word_1_40' title='bbox 1281 518 1332 553; x_wconf 86' lang='lat' dir='ltr'>ut</span> <span class='ocrx_word' id='word_1_41' title='bbox 1356 509 1479 570; x_wconf 87' lang='lat' dir='ltr'>quasi</span> 
     </span>
     <span class='ocr_line' id='line_1_6' title="bbox 89 579 1480 642; baseline -0.001 -16"><span class='ocrx_word' id='word_1_42' title='bbox 89 581 358 627; x_wconf 73' lang='lat' dir='ltr'>de&#39;aedificio</span> <span class='ocrx_word' id='word_1_43' title='bbox 387 581 552 642; x_wconf 86' lang='lat' dir='ltr'>lapides</span> <span class='ocrx_word' id='word_1_44' title='bbox 582 591 738 626; x_wconf 80' lang='lat' dir='ltr'><strong>essent.</strong></span> <span class='ocrx_word' id='word_1_45' title='bbox 768 601 789 623; x_wconf 72' lang='grc' dir='ltr'>(ι</span> <span class='ocrx_word' id='word_1_46' title='bbox 821 581 973 625; x_wconf 86' lang='lat' dir='ltr'>Bestiae</span> <span class='ocrx_word' id='word_1_47' title='bbox 1005 581 1123 624; x_wconf 85' lang='lat' dir='ltr'>enim</span> <span class='ocrx_word' id='word_1_48' title='bbox 1153 579 1257 624; x_wconf 84' lang='lat' dir='ltr'>ferae</span> <span class='ocrx_word' id='word_1_49' title='bbox 1288 590 1480 640; x_wconf 84' lang='lat' dir='ltr'>paccatae</span> 
     </span>
     <span class='ocr_line' id='line_1_7' title="bbox 91 651 1480 710; baseline 0.001 -16"><span class='ocrx_word' id='word_1_50' title='bbox 91 670 113 695; x_wconf 73' lang='lat' dir='ltr'>n</span> <span class='ocrx_word' id='word_1_51' title='bbox 148 662 278 697; x_wconf 87' lang='lat' dir='ltr'>erunt</span> <span class='ocrx_word' id='word_1_52' title='bbox 298 653 395 707; x_wconf 81' lang='lat' dir='ltr'>tibi,</span> <span class='ocrx_word' id='word_1_53' title='bbox 423 670 445 694; x_wconf 89' lang='lat'>»</span> <span class='ocrx_word' id='word_1_54' title='bbox 469 653 558 697; x_wconf 79' lang='lat' dir='ltr'>sive</span> <span class='ocrx_word' id='word_1_55' title='bbox 577 651 632 696; x_wconf 91' lang='lat' dir='ltr'>de</span> <span class='ocrx_word' id='word_1_56' title='bbox 653 651 816 696; x_wconf 78' lang='lat' dir='ltr'>Judaeis</span> <span class='ocrx_word' id='word_1_57' title='bbox 837 652 925 695; x_wconf 84' lang='lat' dir='ltr'>sive</span> <span class='ocrx_word' id='word_1_58' title='bbox 948 651 1002 695; x_wconf 90' lang='lat' dir='ltr'>de</span> <span class='ocrx_word' id='word_1_59' title='bbox 1020 651 1239 710; x_wconf 84' lang='lat' dir='ltr'>gentibus.</span> <span class='ocrx_word' id='word_1_60' title='bbox 1270 670 1291 694; x_wconf 83' lang='lat'>«</span> <span class='ocrx_word' id='word_1_61' title='bbox 1310 651 1480 695; x_wconf 83' lang='lat' dir='ltr'>Deinde</span> 
     </span>
     <span class='ocr_line' id='line_1_8' title="bbox 90 721 1474 784; baseline 0 -18"><span class='ocrx_word' id='word_1_62' title='bbox 90 741 112 765; x_wconf 69' lang='lat' dir='ltr'>n</span> <span class='ocrx_word' id='word_1_63' title='bbox 145 723 251 767; x_wconf 88' lang='lat' dir='ltr'>scies</span> <span class='ocrx_word' id='word_1_64' title='bbox 276 722 399 784; x_wconf 90' lang='lat' dir='ltr'>quod</span> <span class='ocrx_word' id='word_1_65' title='bbox 419 723 465 766; x_wconf 90' lang='lat' dir='ltr'>in</span> <span class='ocrx_word' id='word_1_66' title='bbox 492 738 600 782; x_wconf 88' lang='lat' dir='ltr'>pace</span> <span class='ocrx_word' id='word_1_67' title='bbox 620 723 701 767; x_wconf 88' lang='lat' dir='ltr'>erit</span> <span class='ocrx_word' id='word_1_68' title='bbox 721 722 877 767; x_wconf 90' lang='lat' dir='ltr'>domus</span> <span class='ocrx_word' id='word_1_69' title='bbox 900 731 975 766; x_wconf 87' lang='lat' dir='ltr'>tua</span> <span class='ocrx_word' id='word_1_70' title='bbox 1004 742 1013 767; x_wconf 78' lang='lat'>2</span> <span class='ocrx_word' id='word_1_71' title='bbox 1041 739 1061 762; x_wconf 70' lang='lat' dir='ltr'>n</span> <span class='ocrx_word' id='word_1_72' title='bbox 1086 722 1133 765; x_wconf 90' lang='lat' dir='ltr'>id</span> <span class='ocrx_word' id='word_1_73' title='bbox 1154 731 1239 778; x_wconf 83' lang='lat' dir='ltr'>est,</span> <span class='ocrx_word' id='word_1_74' title='bbox 1264 721 1474 766; x_wconf 83' lang='lat' dir='ltr'>Ecclesia.</span> 
     </span>
     <span class='ocr_line' id='line_1_9' title="bbox 91 793 1474 856; baseline -0.002 -19"><span class='ocrx_word' id='word_1_75' title='bbox 91 812 112 838; x_wconf 87' lang='lat'>«</span> <span class='ocrx_word' id='word_1_76' title='bbox 146 798 204 840; x_wconf 90' lang='lat' dir='ltr'>Et</span> <span class='ocrx_word' id='word_1_77' title='bbox 231 795 309 840; x_wconf 87' lang='lat' dir='ltr'>filii</span> <span class='ocrx_word' id='word_1_78' title='bbox 337 795 400 840; x_wconf 85' lang='lat' dir='ltr'>tui</span> <span class='ocrx_word' id='word_1_79' title='bbox 426 804 557 840; x_wconf 85' lang='lat' dir='ltr'>erunt</span> <span class='ocrx_word' id='word_1_80' title='bbox 588 805 798 856; x_wconf 82' lang='lat' dir='ltr'>tanquam</span> <span class='ocrx_word' id='word_1_81' title='bbox 831 793 972 839; x_wconf 91' lang='lat' dir='ltr'>omnis</span> <span class='ocrx_word' id='word_1_82' title='bbox 1005 793 1144 838; x_wconf 82' lang='lat' dir='ltr'>herba</span> <span class='ocrx_word' id='word_1_83' title='bbox 1176 794 1222 837; x_wconf 90' lang='lat' dir='ltr'>in</span> <span class='ocrx_word' id='word_1_84' title='bbox 1244 808 1427 852; x_wconf 87' lang='lat' dir='ltr'>campo:</span> <span class='ocrx_word' id='word_1_85' title='bbox 1451 810 1474 834; x_wconf 64' lang='grc' dir='ltr'>η</span> 
     </span>
     <span class='ocr_line' id='line_1_10' title="bbox 84 863 1479 926; baseline -0.002 -16"><span class='ocrx_word' id='word_1_86' title='bbox 84 866 177 911; x_wconf 87' lang='lat' dir='ltr'>sine</span> <span class='ocrx_word' id='word_1_87' title='bbox 195 866 412 911; x_wconf 87' lang='lat' dir='ltr'>ariditate.</span> <span class='ocrx_word' id='word_1_88' title='bbox 433 885 452 908; x_wconf 71' lang='grc' dir='ltr'>ε(</span> <span class='ocrx_word' id='word_1_89' title='bbox 468 869 526 912; x_wconf 90' lang='lat' dir='ltr'>Et</span> <span class='ocrx_word' id='word_1_90' title='bbox 546 868 692 912; x_wconf 88' lang='lat' dir='ltr'>venies</span> <span class='ocrx_word' id='word_1_91' title='bbox 708 867 753 910; x_wconf 88' lang='lat' dir='ltr'>in</span> <span class='ocrx_word' id='word_1_92' title='bbox 777 865 1026 926; x_wconf 87' lang='lat' dir='ltr'>sepulcrum</span> <span class='ocrx_word' id='word_1_93' title='bbox 1045 874 1256 925; x_wconf 84' lang='lat' dir='ltr'>tanquam</span> <span class='ocrx_word' id='word_1_94' title='bbox 1278 863 1479 908; x_wconf 88' lang='lat' dir='ltr'>frumen-</span> 
     </span>
     <span class='ocr_line' id='line_1_11' title="bbox 87 934 1480 997; baseline -0.001 -18"><span class='ocrx_word' id='word_1_95' title='bbox 87 955 109 978; x_wconf 82' lang='lat'>»</span> <span class='ocrx_word' id='word_1_96' title='bbox 144 946 239 981; x_wconf 88' lang='lat' dir='ltr'>tum</span> <span class='ocrx_word' id='word_1_97' title='bbox 256 947 477 982; x_wconf 90' lang='lat' dir='ltr'>maturum</span> <span class='ocrx_word' id='word_1_98' title='bbox 497 956 506 983; x_wconf 79' lang='lat'>2</span> <span class='ocrx_word' id='word_1_99' title='bbox 531 956 550 980; x_wconf 88' lang='lat'>»</span> <span class='ocrx_word' id='word_1_100' title='bbox 571 946 670 997; x_wconf 87' lang='lat' dir='ltr'>post</span> <span class='ocrx_word' id='word_1_101' title='bbox 686 936 945 997; x_wconf 85' lang='lat' dir='ltr'>passionem.</span> <span class='ocrx_word' id='word_1_102' title='bbox 969 955 989 977; x_wconf 85' lang='lat'>«</span> <span class='ocrx_word' id='word_1_103' title='bbox 1010 938 1123 979; x_wconf 90' lang='lat' dir='ltr'>Ecce</span> <span class='ocrx_word' id='word_1_104' title='bbox 1139 936 1234 979; x_wconf 83' lang='lat' dir='ltr'>haec</span> <span class='ocrx_word' id='word_1_105' title='bbox 1252 934 1312 979; x_wconf 91' lang='lat' dir='ltr'>ita</span> <span class='ocrx_word' id='word_1_106' title='bbox 1330 935 1480 995; x_wconf 83' lang='lat' dir='ltr'>exqui-</span> 
     </span>
     <span class='ocr_line' id='line_1_12' title="bbox 87 1005 1478 1067; baseline 0 -18"><span class='ocrx_word' id='word_1_107' title='bbox 87 1025 108 1048; x_wconf 74' lang='lat' dir='ltr'>n</span> <span class='ocrx_word' id='word_1_108' title='bbox 143 1008 321 1052; x_wconf 88' lang='lat' dir='ltr'>sivimus</span> <span class='ocrx_word' id='word_1_109' title='bbox 335 1012 368 1053; x_wconf 81' lang='lat'>2.</span> <span class='ocrx_word' id='word_1_110' title='bbox 394 1027 415 1050; x_wconf 88' lang='lat'>»</span> <span class='ocrx_word' id='word_1_111' title='bbox 442 1008 524 1053; x_wconf 93' lang='lat' dir='ltr'>Hic</span> <span class='ocrx_word' id='word_1_112' title='bbox 549 1007 782 1052; x_wconf 78' lang='lat' dir='ltr'>auctoritas</span> <span class='ocrx_word' id='word_1_113' title='bbox 810 1007 940 1067; x_wconf 82' lang='lat' dir='ltr'>hujus</span> <span class='ocrx_word' id='word_1_114' title='bbox 972 1005 1214 1066; x_wconf 82' lang='lat' dir='ltr'>prophetiae</span> <span class='ocrx_word' id='word_1_115' title='bbox 1244 1006 1478 1050; x_wconf 88' lang='lat' dir='ltr'>confirma-</span> 
     </span>
     <span class='ocr_line' id='line_1_13' title="bbox 83 1077 1479 1139; baseline 0.001 -18"><span class='ocrx_word' id='word_1_116' title='bbox 83 1087 171 1122; x_wconf 88' lang='lat' dir='ltr'>tur.</span> <span class='ocrx_word' id='word_1_117' title='bbox 213 1097 234 1121; x_wconf 73' lang='lat' dir='ltr'>(t</span> <span class='ocrx_word' id='word_1_118' title='bbox 273 1082 339 1123; x_wconf 87' lang='lat' dir='ltr'>Tu</span> <span class='ocrx_word' id='word_1_119' title='bbox 371 1095 474 1123; x_wconf 85' lang='lat' dir='ltr'>vero</span> <span class='ocrx_word' id='word_1_120' title='bbox 516 1080 624 1124; x_wconf 87' lang='lat' dir='ltr'>scito</span> <span class='ocrx_word' id='word_1_121' title='bbox 656 1080 962 1139; x_wconf 75' lang='lat' dir='ltr'>temetipsum,</span> <span class='ocrx_word' id='word_1_122' title='bbox 996 1077 1105 1138; x_wconf 88' lang='lat' dir='ltr'>quid</span> <span class='ocrx_word' id='word_1_123' title='bbox 1136 1078 1295 1138; x_wconf 81' lang='lat' dir='ltr'>egeris.</span> <span class='ocrx_word' id='word_1_124' title='bbox 1323 1097 1344 1120; x_wconf 92' lang='lat'>»</span> <span class='ocrx_word' id='word_1_125' title='bbox 1378 1081 1479 1125; x_wconf 92' lang='lat' dir='ltr'>Non</span> 
     </span>
     <span class='ocr_line' id='line_1_14' title="bbox 83 1148 1181 1209; baseline 0 -17"><span class='ocrx_word' id='word_1_126' title='bbox 83 1148 202 1192; x_wconf 88' lang='lat' dir='ltr'>enim</span> <span class='ocrx_word' id='word_1_127' title='bbox 221 1149 381 1209; x_wconf 86' lang='lat' dir='ltr'>injuste</span> <span class='ocrx_word' id='word_1_128' title='bbox 403 1150 497 1194; x_wconf 87' lang='lat' dir='ltr'>haec</span> <span class='ocrx_word' id='word_1_129' title='bbox 519 1149 598 1194; x_wconf 91' lang='lat' dir='ltr'>tibi</span> <span class='ocrx_word' id='word_1_130' title='bbox 618 1153 733 1194; x_wconf 90' lang='lat' dir='ltr'>Deus</span> <span class='ocrx_word' id='word_1_131' title='bbox 753 1149 949 1209; x_wconf 86' lang='lat' dir='ltr'>permisit</span> <span class='ocrx_word' id='word_1_132' title='bbox 971 1148 1181 1193; x_wconf 87' lang='lat' dir='ltr'>accidere.</span> 
     </span>
    </p>

    <p class='ocr_par' dir='ltr' id='par_1_3' title="bbox 73 1219 1477 2485">
     <span class='ocr_line' id='line_1_15' title="bbox 142 1219 1475 1275; baseline -0.002 -13"><span class='ocrx_word' id='word_1_133' title='bbox 142 1221 218 1263; x_wconf 89' lang='lat' dir='ltr'>Vl.</span> <span class='ocrx_word' id='word_1_134' title='bbox 243 1222 391 1264; x_wconf 78' lang='lat' dir='ltr'><strong>VERBA</strong></span> <span class='ocrx_word' id='word_1_135' title='bbox 413 1220 514 1266; x_wconf 84' lang='lat' dir='ltr'>Job.</span> <span class='ocrx_word' id='word_1_136' title='bbox 545 1240 564 1263; x_wconf 92' lang='lat'>«</span> <span class='ocrx_word' id='word_1_137' title='bbox 591 1220 676 1265; x_wconf 88' lang='lat' dir='ltr'>Sed</span> <span class='ocrx_word' id='word_1_138' title='bbox 699 1229 749 1264; x_wconf 94' lang='lat' dir='ltr'>ut</span> <span class='ocrx_word' id='word_1_139' title='bbox 773 1219 962 1275; x_wconf 76' lang='lat' dir='ltr'>videtur,</span> <span class='ocrx_word' id='word_1_140' title='bbox 986 1220 1120 1263; x_wconf 82' lang='lat' dir='ltr'>verba</span> <span class='ocrx_word' id='word_1_141' title='bbox 1143 1228 1246 1264; x_wconf 88' lang='lat' dir='ltr'>sunt</span> <span class='ocrx_word' id='word_1_142' title='bbox 1268 1219 1382 1263; x_wconf 90' lang='lat' dir='ltr'>mala</span> <span class='ocrx_word' id='word_1_143' title='bbox 1392 1220 1424 1275; x_wconf 78' lang='lat'>³,</span> <span class='ocrx_word' id='word_1_144' title='bbox 1452 1236 1475 1260; x_wconf 84' lang='lat'>»</span> 
     </span>
     <span class='ocr_line' id='line_1_16' title="bbox 82 1290 1473 1353; baseline -0.002 -16"><span class='ocrx_word' id='word_1_145' title='bbox 82 1293 181 1337; x_wconf 92' lang='lat' dir='ltr'>Non</span> <span class='ocrx_word' id='word_1_146' title='bbox 216 1291 334 1336; x_wconf 90' lang='lat' dir='ltr'>enim</span> <span class='ocrx_word' id='word_1_147' title='bbox 364 1292 495 1337; x_wconf 85' lang='lat' dir='ltr'>verba</span> <span class='ocrx_word' id='word_1_148' title='bbox 529 1292 614 1337; x_wconf 89' lang='lat' dir='ltr'>Job</span> <span class='ocrx_word' id='word_1_149' title='bbox 647 1291 702 1336; x_wconf 91' lang='lat' dir='ltr'>de</span> <span class='ocrx_word' id='word_1_150' title='bbox 740 1291 1013 1353; x_wconf 82' lang='lat' dir='ltr'>impatientia</span> <span class='ocrx_word' id='word_1_151' title='bbox 1044 1301 1147 1335; x_wconf 87' lang='lat' dir='ltr'>sunt</span> <span class='ocrx_word' id='word_1_152' title='bbox 1178 1290 1473 1349; x_wconf 84' lang='lat' dir='ltr'>ssageflorum,</span> 
     </span>
     <span class='ocr_line' id='line_1_17' title="bbox 83 1360 1477 1423; baseline -0.001 -17"><span class='ocrx_word' id='word_1_153' title='bbox 83 1377 184 1406; x_wconf 91' lang='lat' dir='ltr'>cum</span> <span class='ocrx_word' id='word_1_154' title='bbox 205 1363 446 1421; x_wconf 85' lang='lat' dir='ltr'>significent</span> <span class='ocrx_word' id='word_1_155' title='bbox 468 1363 688 1419; x_wconf 83' lang='lat' dir='ltr'>dolorem⁷</span> <span class='ocrx_word' id='word_1_156' title='bbox 713 1378 804 1407; x_wconf 87' lang='lat' dir='ltr'>non</span> <span class='ocrx_word' id='word_1_157' title='bbox 828 1362 1090 1423; x_wconf 88' lang='lat' dir='ltr'>peculiarem</span> <span class='ocrx_word' id='word_1_158' title='bbox 1112 1365 1135 1406; x_wconf 88' lang='lat' dir='ltr'>J</span> <span class='ocrx_word' id='word_1_159' title='bbox 1141 1362 1220 1417; x_wconf 82' lang='lat' dir='ltr'>ob,</span> <span class='ocrx_word' id='word_1_160' title='bbox 1246 1360 1322 1406; x_wconf 91' lang='lat' dir='ltr'>sed</span> <span class='ocrx_word' id='word_1_161' title='bbox 1345 1377 1477 1422; x_wconf 89' lang='lat' dir='ltr'>quem</span> 
     </span>
     <span class='ocr_line' id='line_1_18' title="bbox 83 1432 1476 1492; baseline -0.001 -15"><span class='ocrx_word' id='word_1_162' title='bbox 83 1433 238 1477; x_wconf 86' lang='lat' dir='ltr'>habuit</span> <span class='ocrx_word' id='word_1_163' title='bbox 261 1434 316 1477; x_wconf 86' lang='lat' dir='ltr'>de</span> <span class='ocrx_word' id='word_1_164' title='bbox 340 1434 460 1478; x_wconf 92' lang='lat' dir='ltr'>omni</span> <span class='ocrx_word' id='word_1_165' title='bbox 482 1449 638 1492; x_wconf 84' lang='lat' dir='ltr'>genere</span> <span class='ocrx_word' id='word_1_166' title='bbox 665 1434 875 1477; x_wconf 84' lang='lat' dir='ltr'>humano.</span> <span class='ocrx_word' id='word_1_167' title='bbox 907 1453 927 1475; x_wconf 90' lang='lat'>«</span> <span class='ocrx_word' id='word_1_168' title='bbox 959 1434 1135 1492; x_wconf 84' lang='lat' dir='ltr'>Sagittae</span> <span class='ocrx_word' id='word_1_169' title='bbox 1156 1433 1272 1476; x_wconf 90' lang='lat' dir='ltr'>enim</span> <span class='ocrx_word' id='word_1_170' title='bbox 1299 1432 1476 1476; x_wconf 89' lang='lat' dir='ltr'>Domini</span> 
     </span>
     <span class='ocr_line' id='line_1_19' title="bbox 88 1503 1476 1564; baseline 0.001 -19"><span class='ocrx_word' id='word_1_171' title='bbox 88 1521 109 1545; x_wconf 68' lang='lat'>&gt;1</span> <span class='ocrx_word' id='word_1_172' title='bbox 143 1504 190 1548; x_wconf 91' lang='lat' dir='ltr'>in</span> <span class='ocrx_word' id='word_1_173' title='bbox 229 1519 411 1564; x_wconf 87' lang='lat' dir='ltr'>corpore</span> <span class='ocrx_word' id='word_1_174' title='bbox 445 1520 543 1549; x_wconf 90' lang='lat' dir='ltr'>meo</span> <span class='ocrx_word' id='word_1_175' title='bbox 577 1506 720 1549; x_wconf 74' lang='lat' dir='ltr'>sunt4.</span> <span class='ocrx_word' id='word_1_176' title='bbox 757 1522 778 1545; x_wconf 86' lang='lat'>»</span> <span class='ocrx_word' id='word_1_177' title='bbox 821 1504 965 1548; x_wconf 87' lang='lat' dir='ltr'>Verba</span> <span class='ocrx_word' id='word_1_178' title='bbox 1000 1504 1099 1557; x_wconf 82' lang='lat' dir='ltr'>Dei,</span> <span class='ocrx_word' id='word_1_179' title='bbox 1135 1503 1296 1563; x_wconf 89' lang='lat' dir='ltr'>quibus</span> <span class='ocrx_word' id='word_1_180' title='bbox 1331 1503 1476 1547; x_wconf 88' lang='lat' dir='ltr'>anima</span> 
     </span>
     <span class='ocr_line' id='line_1_20' title="bbox 80 1573 1477 1635; baseline -0.001 -16"><span class='ocrx_word' id='word_1_181' title='bbox 80 1575 370 1634; x_wconf 83' lang='lat' dir='ltr'>transfigitur,</span> <span class='ocrx_word' id='word_1_182' title='bbox 389 1590 490 1619; x_wconf 92' lang='lat' dir='ltr'>cum</span> <span class='ocrx_word' id='word_1_183' title='bbox 512 1576 684 1635; x_wconf 81' lang='lat' dir='ltr'>cogitur</span> <span class='ocrx_word' id='word_1_184' title='bbox 706 1575 762 1619; x_wconf 88' lang='lat' dir='ltr'>ad</span> <span class='ocrx_word' id='word_1_185' title='bbox 783 1574 1116 1620; x_wconf 88' lang='lat' dir='ltr'>consessionem.</span> <span class='ocrx_word' id='word_1_186' title='bbox 1143 1593 1163 1616; x_wconf 90' lang='lat'>«</span> <span class='ocrx_word' id='word_1_187' title='bbox 1184 1577 1381 1628; x_wconf 88' lang='lat' dir='ltr'>Quarum</span> <span class='ocrx_word' id='word_1_188' title='bbox 1403 1573 1477 1618; x_wconf 86' lang='lat' dir='ltr'>fu-</span> 
     </span>
     <span class='ocr_line' id='line_1_21' title="bbox 81 1645 1471 1706; baseline 0.001 -17"><span class='ocrx_word' id='word_1_189' title='bbox 81 1664 102 1689; x_wconf 82' lang='lat'>»</span> <span class='ocrx_word' id='word_1_190' title='bbox 138 1662 210 1691; x_wconf 91' lang='lat' dir='ltr'>ror</span> <span class='ocrx_word' id='word_1_191' title='bbox 233 1647 347 1691; x_wconf 88' lang='lat' dir='ltr'>bibit</span> <span class='ocrx_word' id='word_1_192' title='bbox 369 1648 622 1706; x_wconf 81' lang='lat' dir='ltr'>sanguinem</span> <span class='ocrx_word' id='word_1_193' title='bbox 645 1663 809 1691; x_wconf 92' lang='lat' dir='ltr'>meum.</span> <span class='ocrx_word' id='word_1_194' title='bbox 834 1665 855 1687; x_wconf 72' lang='lat' dir='ltr'>n</span> <span class='ocrx_word' id='word_1_195' title='bbox 883 1645 1063 1692; x_wconf 81' lang='lat' dir='ltr'>Tollunt</span> <span class='ocrx_word' id='word_1_196' title='bbox 1085 1646 1203 1690; x_wconf 91' lang='lat' dir='ltr'>enim</span> <span class='ocrx_word' id='word_1_197' title='bbox 1227 1655 1471 1706; x_wconf 87' lang='lat' dir='ltr'>peccatum.</span> 
     </span>
     <span class='ocr_line' id='line_1_22' title="bbox 81 1715 1473 1778; baseline 0.001 -20"><span class='ocrx_word' id='word_1_198' title='bbox 81 1735 103 1758; x_wconf 87' lang='lat'>»</span> <span class='ocrx_word' id='word_1_199' title='bbox 137 1719 251 1762; x_wconf 87' lang='lat' dir='ltr'>Cum</span> <span class='ocrx_word' id='word_1_200' title='bbox 281 1717 397 1762; x_wconf 90' lang='lat' dir='ltr'>enim</span> <span class='ocrx_word' id='word_1_201' title='bbox 423 1718 584 1778; x_wconf 90' lang='lat' dir='ltr'>incipio</span> <span class='ocrx_word' id='word_1_202' title='bbox 605 1716 752 1778; x_wconf 82' lang='lat' dir='ltr'>loqui,</span> <span class='ocrx_word' id='word_1_203' title='bbox 774 1716 1001 1769; x_wconf 70' lang='lat' dir='ltr'>stimulant</span> <span class='ocrx_word' id='word_1_204' title='bbox 1029 1732 1114 1760; x_wconf 86' lang='lat' dir='ltr'>me.</span> <span class='ocrx_word' id='word_1_205' title='bbox 1144 1734 1165 1757; x_wconf 86' lang='lat'>»</span> <span class='ocrx_word' id='word_1_206' title='bbox 1197 1715 1328 1770; x_wconf 89' lang='lat' dir='ltr'>Quod</span> <span class='ocrx_word' id='word_1_207' title='bbox 1357 1716 1473 1760; x_wconf 89' lang='lat' dir='ltr'>enim</span> 
     </span>
     <span class='ocr_line' id='line_1_23' title="bbox 78 1786 1475 1849; baseline 0 -17"><span class='ocrx_word' id='word_1_208' title='bbox 78 1786 251 1849; x_wconf 85' lang='lat' dir='ltr'>loquor,</span> <span class='ocrx_word' id='word_1_209' title='bbox 271 1786 358 1832; x_wconf 85' lang='lat' dir='ltr'>illae</span> <span class='ocrx_word' id='word_1_210' title='bbox 375 1797 556 1847; x_wconf 84' lang='lat' dir='ltr'>cogunt.</span> <span class='ocrx_word' id='word_1_211' title='bbox 580 1806 602 1829; x_wconf 85' lang='lat'>»</span> <span class='ocrx_word' id='word_1_212' title='bbox 628 1788 745 1842; x_wconf 87' lang='lat' dir='ltr'>Quid</span> <span class='ocrx_word' id='word_1_213' title='bbox 767 1788 916 1832; x_wconf 80' lang='lat' dir='ltr'>enim?</span> <span class='ocrx_word' id='word_1_214' title='bbox 938 1786 1164 1849; x_wconf 87' lang='lat' dir='ltr'>Numquid</span> <span class='ocrx_word' id='word_1_215' title='bbox 1185 1787 1344 1831; x_wconf 84' lang='lat' dir='ltr'>frustra</span> <span class='ocrx_word' id='word_1_216' title='bbox 1368 1803 1475 1832; x_wconf 84' lang='lat' dir='ltr'>ona-</span> 
     </span>
     <span class='ocr_line' id='line_1_24' title="bbox 80 1857 1472 1919; baseline 0.001 -19"><span class='ocrx_word' id='word_1_217' title='bbox 80 1877 101 1901; x_wconf 84' lang='lat'>»</span> <span class='ocrx_word' id='word_1_218' title='bbox 137 1874 212 1918; x_wconf 84' lang='lat' dir='ltr'>ger</span> <span class='ocrx_word' id='word_1_219' title='bbox 238 1858 460 1914; x_wconf 84' lang='lat' dir='ltr'>clamabit,</span> <span class='ocrx_word' id='word_1_220' title='bbox 485 1859 567 1903; x_wconf 90' lang='lat' dir='ltr'>nisi</span> <span class='ocrx_word' id='word_1_221' title='bbox 593 1875 735 1904; x_wconf 90' lang='lat' dir='ltr'>escam</span> <span class='ocrx_word' id='word_1_222' title='bbox 757 1859 1040 1919; x_wconf 78' lang='lat' dir='ltr'>requirens⁵P</span> <span class='ocrx_word' id='word_1_223' title='bbox 1066 1877 1087 1900; x_wconf 88' lang='lat'>»</span> <span class='ocrx_word' id='word_1_224' title='bbox 1115 1867 1164 1903; x_wconf 94' lang='lat' dir='ltr'>ut</span> <span class='ocrx_word' id='word_1_225' title='bbox 1185 1857 1289 1902; x_wconf 89' lang='lat' dir='ltr'>inde</span> <span class='ocrx_word' id='word_1_226' title='bbox 1309 1858 1472 1902; x_wconf 89' lang='lat' dir='ltr'>famem</span> 
     </span>
     <span class='ocr_line' id='line_1_25' title="bbox 76 1929 1473 1990; baseline -0.001 -16"><span class='ocrx_word' id='word_1_227' title='bbox 76 1930 292 1989; x_wconf 84' lang='lat' dir='ltr'>patiatur,</span> <span class='ocrx_word' id='word_1_228' title='bbox 318 1930 422 1990; x_wconf 90' lang='lat' dir='ltr'>quia</span> <span class='ocrx_word' id='word_1_229' title='bbox 448 1930 561 1974; x_wconf 88' lang='lat' dir='ltr'>liber</span> <span class='ocrx_word' id='word_1_230' title='bbox 582 1945 674 1974; x_wconf 89' lang='lat' dir='ltr'>esse</span> <span class='ocrx_word' id='word_1_231' title='bbox 703 1929 867 1974; x_wconf 88' lang='lat' dir='ltr'>voluit:</span> <span class='ocrx_word' id='word_1_232' title='bbox 897 1949 917 1971; x_wconf 91' lang='lat'>«</span> <span class='ocrx_word' id='word_1_233' title='bbox 939 1933 1029 1974; x_wconf 89' lang='lat' dir='ltr'>Aut</span> <span class='ocrx_word' id='word_1_234' title='bbox 1058 1929 1137 1974; x_wconf 86' lang='lat' dir='ltr'>bos</span> <span class='ocrx_word' id='word_1_235' title='bbox 1158 1929 1348 1988; x_wconf 78' lang='lat' dir='ltr'>mugiet,</span> <span class='ocrx_word' id='word_1_236' title='bbox 1369 1944 1473 1973; x_wconf 92' lang='lat' dir='ltr'>cum</span> 
     </span>
     <span class='ocr_line' id='line_1_26' title="bbox 79 1998 1472 2060; baseline 0.001 -19"><span class='ocrx_word' id='word_1_237' title='bbox 79 2018 101 2041; x_wconf 91' lang='lat'>»</span> <span class='ocrx_word' id='word_1_238' title='bbox 136 2000 294 2044; x_wconf 85' lang='lat' dir='ltr'>habeat</span> <span class='ocrx_word' id='word_1_239' title='bbox 314 2000 360 2044; x_wconf 91' lang='lat' dir='ltr'>in</span> <span class='ocrx_word' id='word_1_240' title='bbox 383 2000 565 2060; x_wconf 87' lang='lat' dir='ltr'>praesepi</span> <span class='ocrx_word' id='word_1_241' title='bbox 593 2000 742 2045; x_wconf 74' lang='lat' dir='ltr'>cibos?</span> <span class='ocrx_word' id='word_1_242' title='bbox 773 2019 792 2041; x_wconf 84' lang='lat'>»</span> <span class='ocrx_word' id='word_1_243' title='bbox 819 1999 952 2044; x_wconf 88' lang='lat' dir='ltr'>Asino</span> <span class='ocrx_word' id='word_1_244' title='bbox 984 1999 1145 2044; x_wconf 88' lang='lat' dir='ltr'>cibaria</span> <span class='ocrx_word' id='word_1_245' title='bbox 1173 1998 1325 2044; x_wconf 89' lang='lat' dir='ltr'>labore</span> <span class='ocrx_word' id='word_1_246' title='bbox 1347 1999 1472 2043; x_wconf 87' lang='lat' dir='ltr'>bovis</span> 
     </span>
     <span class='ocr_line' id='line_1_27' title="bbox 75 2069 1471 2131; baseline -0.001 -17"><span class='ocrx_word' id='word_1_247' title='bbox 75 2079 393 2131; x_wconf 83' lang='lat' dir='ltr'>praeparantur,</span> <span class='ocrx_word' id='word_1_248' title='bbox 409 2071 520 2115; x_wconf 87' lang='lat' dir='ltr'>sicut</span> <span class='ocrx_word' id='word_1_249' title='bbox 538 2070 741 2130; x_wconf 82' lang='lat' dir='ltr'>gentibus</span> <span class='ocrx_word' id='word_1_250' title='bbox 762 2069 912 2115; x_wconf 84' lang='lat' dir='ltr'>labore</span> <span class='ocrx_word' id='word_1_251' title='bbox 936 2071 1251 2130; x_wconf 89' lang='lat' dir='ltr'>Prophetarum</span> <span class='ocrx_word' id='word_1_252' title='bbox 1271 2078 1314 2113; x_wconf 90' lang='lat' dir='ltr'>et</span> <span class='ocrx_word' id='word_1_253' title='bbox 1330 2071 1471 2129; x_wconf 85' lang='lat' dir='ltr'>Apos-</span> 
     </span>
     <span class='ocr_line' id='line_1_28' title="bbox 75 2139 1470 2201; baseline -0.001 -16"><span class='ocrx_word' id='word_1_254' title='bbox 75 2140 291 2196; x_wconf 86' lang='lat' dir='ltr'>tolorum,</span> <span class='ocrx_word' id='word_1_255' title='bbox 316 2141 392 2201; x_wconf 91' lang='lat' dir='ltr'>qui</span> <span class='ocrx_word' id='word_1_256' title='bbox 424 2141 577 2201; x_wconf 88' lang='lat' dir='ltr'>utique</span> <span class='ocrx_word' id='word_1_257' title='bbox 615 2140 759 2185; x_wconf 86' lang='lat' dir='ltr'>Judaei</span> <span class='ocrx_word' id='word_1_258' title='bbox 792 2139 986 2184; x_wconf 86' lang='lat' dir='ltr'>suerunt.</span> <span class='ocrx_word' id='word_1_259' title='bbox 1023 2144 1177 2200; x_wconf 85' lang='lat' dir='ltr'>Itaque</span> <span class='ocrx_word' id='word_1_260' title='bbox 1207 2141 1303 2184; x_wconf 88' lang='lat' dir='ltr'>haec</span> <span class='ocrx_word' id='word_1_261' title='bbox 1337 2139 1470 2184; x_wconf 86' lang='lat' dir='ltr'>verba</span> 
     </span>
     <span class='ocr_line' id='line_1_29' title="bbox 75 2209 1468 2270; baseline -0.001 -15"><span class='ocrx_word' id='word_1_262' title='bbox 75 2212 224 2256; x_wconf 91' lang='lat' dir='ltr'>cibum</span> <span class='ocrx_word' id='word_1_263' title='bbox 241 2210 525 2256; x_wconf 87' lang='lat' dir='ltr'>desiderantis</span> <span class='ocrx_word' id='word_1_264' title='bbox 547 2221 665 2267; x_wconf 85' lang='lat' dir='ltr'>sunt,</span> <span class='ocrx_word' id='word_1_265' title='bbox 682 2212 727 2256; x_wconf 90' lang='lat' dir='ltr'>id</span> <span class='ocrx_word' id='word_1_266' title='bbox 749 2221 828 2267; x_wconf 81' lang='lat' dir='ltr'>est,</span> <span class='ocrx_word' id='word_1_267' title='bbox 843 2211 1068 2267; x_wconf 80' lang='lat' dir='ltr'>auxilium,</span> <span class='ocrx_word' id='word_1_268' title='bbox 1093 2227 1183 2256; x_wconf 91' lang='lat' dir='ltr'>non</span> <span class='ocrx_word' id='word_1_269' title='bbox 1200 2209 1468 2270; x_wconf 87' lang='lat' dir='ltr'>impatientis</span> 
     </span>
     <span class='ocr_line' id='line_1_30' title="bbox 74 2282 1464 2344; baseline -0.003 -17"><span class='ocrx_word' id='word_1_270' title='bbox 74 2282 131 2327; x_wconf 88' lang='lat' dir='ltr'>ad</span> <span class='ocrx_word' id='word_1_271' title='bbox 161 2283 372 2327; x_wconf 89' lang='lat' dir='ltr'>dolorem.</span> <span class='ocrx_word' id='word_1_272' title='bbox 410 2302 432 2325; x_wconf 86' lang='lat'>«</span> <span class='ocrx_word' id='word_1_273' title='bbox 466 2283 695 2344; x_wconf 86' lang='lat' dir='ltr'>Numquid</span> <span class='ocrx_word' id='word_1_274' title='bbox 728 2293 871 2344; x_wconf 87' lang='lat' dir='ltr'>potest</span> <span class='ocrx_word' id='word_1_275' title='bbox 904 2283 996 2328; x_wconf 86' lang='lat' dir='ltr'>sine</span> <span class='ocrx_word' id='word_1_276' title='bbox 1024 2282 1111 2327; x_wconf 89' lang='lat' dir='ltr'>sale</span> <span class='ocrx_word' id='word_1_277' title='bbox 1139 2282 1211 2327; x_wconf 87' lang='lat' dir='ltr'>edi</span> <span class='ocrx_word' id='word_1_278' title='bbox 1240 2282 1404 2342; x_wconf 77' lang='lat' dir='ltr'>panis⁰.</span> <span class='ocrx_word' id='word_1_279' title='bbox 1442 2299 1464 2322; x_wconf 89' lang='lat'>»</span> 
     </span>
     <span class='ocr_line' id='line_1_31' title="bbox 73 2352 1464 2414; baseline 0 -18"><span class='ocrx_word' id='word_1_280' title='bbox 73 2354 202 2406; x_wconf 87' lang='lat' dir='ltr'>Quasi</span> <span class='ocrx_word' id='word_1_281' title='bbox 225 2353 265 2397; x_wconf 91' lang='lat' dir='ltr'>ei</span> <span class='ocrx_word' id='word_1_282' title='bbox 284 2353 527 2399; x_wconf 82' lang='lat' dir='ltr'>diceretur:</span> <span class='ocrx_word' id='word_1_283' title='bbox 562 2372 582 2396; x_wconf 91' lang='lat'>«</span> <span class='ocrx_word' id='word_1_284' title='bbox 607 2356 697 2399; x_wconf 89' lang='lat' dir='ltr'>Cur</span> <span class='ocrx_word' id='word_1_285' title='bbox 715 2354 774 2398; x_wconf 89' lang='lat' dir='ltr'>sic</span> <span class='ocrx_word' id='word_1_286' title='bbox 796 2370 846 2398; x_wconf 85' lang='lat' dir='ltr'>ea</span> <span class='ocrx_word' id='word_1_287' title='bbox 867 2369 944 2414; x_wconf 87' lang='lat' dir='ltr'>per</span> <span class='ocrx_word' id='word_1_288' title='bbox 967 2354 1127 2413; x_wconf 81' lang='lat' dir='ltr'>figuras</span> <span class='ocrx_word' id='word_1_289' title='bbox 1147 2352 1254 2397; x_wconf 88' lang='lat' dir='ltr'>dicis</span> <span class='ocrx_word' id='word_1_290' title='bbox 1274 2373 1286 2411; x_wconf 79' lang='lat'>3</span> <span class='ocrx_word' id='word_1_291' title='bbox 1307 2370 1328 2393; x_wconf 88' lang='lat'>»</span> <span class='ocrx_word' id='word_1_292' title='bbox 1354 2355 1464 2396; x_wconf 85' lang='lat' dir='ltr'>Res-</span> 
     </span>
     <span class='ocr_line' id='line_1_32' title="bbox 73 2423 1455 2485; baseline -0.001 -17"><span class='ocrx_word' id='word_1_293' title='bbox 73 2423 254 2484; x_wconf 78' lang='lat' dir='ltr'>pondet,</span> <span class='ocrx_word' id='word_1_294' title='bbox 278 2425 381 2485; x_wconf 88' lang='lat' dir='ltr'>quia</span> <span class='ocrx_word' id='word_1_295' title='bbox 401 2425 436 2469; x_wconf 88' lang='lat' dir='ltr'>si</span> <span class='ocrx_word' id='word_1_296' title='bbox 452 2440 503 2469; x_wconf 86' lang='lat' dir='ltr'>ex</span> <span class='ocrx_word' id='word_1_297' title='bbox 518 2440 702 2485; x_wconf 84' lang='lat' dir='ltr'>persona</span> <span class='ocrx_word' id='word_1_298' title='bbox 728 2441 806 2470; x_wconf 91' lang='lat' dir='ltr'>sua</span> <span class='ocrx_word' id='word_1_299' title='bbox 833 2440 882 2470; x_wconf 88' lang='lat' dir='ltr'>ea</span> <span class='ocrx_word' id='word_1_300' title='bbox 903 2424 1090 2479; x_wconf 86' lang='lat' dir='ltr'>diceret,</span> <span class='ocrx_word' id='word_1_301' title='bbox 1114 2423 1277 2468; x_wconf 84' lang='lat' dir='ltr'>insulsa</span> <span class='ocrx_word' id='word_1_302' title='bbox 1299 2431 1455 2467; x_wconf 83' lang='lat' dir='ltr'>essent.</span> 
     </span>
    </p>
   </div>
   <div class='ocr_carea' id='block_1_3' title="bbox 77 2518 1455 2610">
    <p class='ocr_par' dir='ltr' id='par_1_4' title="bbox 77 2518 1455 2610">
     <span class='ocr_line' id='line_1_33' title="bbox 121 2518 1455 2564; baseline -0.001 -11"><span class='ocrx_word' id='word_1_303' title='bbox 121 2527 131 2544; x_wconf 79' lang='grc' dir='ltr'>ι</span> <span class='ocrx_word' id='word_1_304' title='bbox 147 2521 221 2553; x_wconf 70' lang='lat'>101).</span> <span class='ocrx_word' id='word_1_305' title='bbox 237 2533 272 2563; x_wconf 82' lang='lat' dir='ltr'>v,</span> <span class='ocrx_word' id='word_1_306' title='bbox 290 2521 344 2554; x_wconf 81' lang='lat'>23.</span> <span class='ocrx_word' id='word_1_307' title='bbox 363 2529 434 2546; x_wconf 63' lang='grc' dir='ltr'>-α</span> <span class='ocrx_word' id='word_1_308' title='bbox 454 2522 534 2555; x_wconf 68' lang='lat' dir='ltr'>mid.</span> <span class='ocrx_word' id='word_1_309' title='bbox 556 2521 676 2564; x_wconf 65' lang='lat'>24-27.</span> <span class='ocrx_word' id='word_1_310' title='bbox 697 2539 739 2546; x_wconf 90' lang='lat'>-</span> <span class='ocrx_word' id='word_1_311' title='bbox 757 2520 770 2545; x_wconf 80' lang='lat'>³</span> <span class='ocrx_word' id='word_1_312' title='bbox 794 2522 842 2555; x_wconf 71' lang='grc' dir='ltr'>ω.</span> <span class='ocrx_word' id='word_1_313' title='bbox 864 2534 909 2562; x_wconf 74' lang='lat' dir='ltr'>v1,</span> <span class='ocrx_word' id='word_1_314' title='bbox 929 2521 960 2554; x_wconf 83' lang='lat'>3.</span> <span class='ocrx_word' id='word_1_315' title='bbox 981 2539 1024 2544; x_wconf 86' lang='lat'><em>-</em></span> <span class='ocrx_word' id='word_1_316' title='bbox 1048 2519 1160 2554; x_wconf 65' lang='lat' dir='ltr'>mma.</span> <span class='ocrx_word' id='word_1_317' title='bbox 1182 2518 1404 2563; x_wconf 75' lang='lat' dir='ltr'>4.-⁵1bia.</span> <span class='ocrx_word' id='word_1_318' title='bbox 1424 2519 1455 2551; x_wconf 86' lang='lat'>5.</span> 
     </span>
     <span class='ocr_line' id='line_1_34' title="bbox 77 2575 309 2610; baseline 0.009 -2"><span class='ocrx_word' id='word_1_319' title='bbox 77 2575 148 2601; x_wconf 69' lang='lat'>-6</span> <span class='ocrx_word' id='word_1_320' title='bbox 167 2577 248 2610; x_wconf 77' lang='lat' dir='ltr'>Ibid.</span> <span class='ocrx_word' id='word_1_321' title='bbox 277 2580 309 2610; x_wconf 89' lang='lat'>6.</span> 
     </span>
    </p>
   </div>
  </div>
 </body>
</html>
