<?xml version="1.0" encoding="UTF-8"?>
<!DOCTYPE html PUBLIC "-//W3C//DTD XHTML 1.0 Transitional//EN"
    "http://www.w3.org/TR/xhtml1/DTD/xhtml1-transitional.dtd">
<html xmlns="http://www.w3.org/1999/xhtml" xml:lang="en" lang="en">
 <head>
  <title>
</title>
<meta http-equiv="Content-Type" content="text/html;charset=utf-8" />
  <meta name='ocr-system' content='tesseract 3.04.00' />
  <meta name='ocr-capabilities' content='ocr_page ocr_carea ocr_par ocr_line ocrx_word'/>
</head>
<body>
  <div class='ocr_page' id='page_1' title='image "./operaomniaaccura07auguuoft_0511.png"; bbox 0 0 1833 3284; ppageno 0'>
   <div class='ocr_carea' id='block_1_1' title="bbox 174 273 1441 322">
    <p class='ocr_par' dir='ltr' id='par_1_1' title="bbox 174 273 1441 322">
     <span class='ocr_line' id='line_1_1' title="bbox 174 273 1441 322; baseline 0.002 -12"><span class='ocrx_word' id='word_1_1' title='bbox 174 291 177 292; x_wconf 40' lang='lat'><em>⁷</em></span> <span class='ocrx_word' id='word_1_2' title='bbox 205 281 447 312; x_wconf 72' lang='lat' dir='ltr'>ENAmiA‘no</span> <span class='ocrx_word' id='word_1_3' title='bbox 479 285 530 310; x_wconf 88' lang='lat'>111</span> <span class='ocrx_word' id='word_1_4' title='bbox 562 285 607 311; x_wconf 74' lang='lat' dir='ltr'>m</span> <span class='ocrx_word' id='word_1_5' title='bbox 639 283 843 312; x_wconf 74' lang='lat' dir='ltr'>PsALMUM</span> <span class='ocrx_word' id='word_1_6' title='bbox 875 284 1018 322; x_wconf 78' lang='lat' dir='ltr'>xxxii,</span> <span class='ocrx_word' id='word_1_7' title='bbox 1053 283 1180 311; x_wconf 67' lang='lat' dir='ltr'>ssim.</span> <span class='ocrx_word' id='word_1_8' title='bbox 1217 286 1263 312; x_wconf 87' lang='lat'>11.</span> <span class='ocrx_word' id='word_1_9' title='bbox 1359 273 1441 313; x_wconf 75' lang='lat'>487</span> 
     </span>
    </p>
   </div>
   <div class='ocr_carea' id='block_1_2' title="bbox 18 349 1455 2619">
    <p class='ocr_par' dir='ltr' id='par_1_2' title="bbox 18 349 1453 1476">
     <span class='ocr_line' id='line_1_2' title="bbox 56 349 1440 407; baseline 0.002 -13"><span class='ocrx_word' id='word_1_10' title='bbox 56 349 165 394; x_wconf 82' lang='lat' dir='ltr'>ritus</span> <span class='ocrx_word' id='word_1_11' title='bbox 186 350 286 405; x_wconf 85' lang='lat' dir='ltr'>Dei,</span> <span class='ocrx_word' id='word_1_12' title='bbox 310 349 425 394; x_wconf 81' lang='lat' dir='ltr'>inter</span> <span class='ocrx_word' id='word_1_13' title='bbox 441 359 658 395; x_wconf 82' lang='lat' dir='ltr'>creaturas</span> <span class='ocrx_word' id='word_1_14' title='bbox 680 365 780 394; x_wconf 89' lang='lat' dir='ltr'>eum</span> <span class='ocrx_word' id='word_1_15' title='bbox 798 359 1044 395; x_wconf 85' lang='lat' dir='ltr'>numerant.</span> <span class='ocrx_word' id='word_1_16' title='bbox 1071 350 1141 394; x_wconf 86' lang='lat' dir='ltr'>Illi</span> <span class='ocrx_word' id='word_1_17' title='bbox 1161 350 1440 407; x_wconf 68' lang='lat' dir='ltr'>discernunt,</span> 
     </span>
     <span class='ocr_line' id='line_1_3' title="bbox 57 419 1446 477; baseline 0.001 -11"><span class='ocrx_word' id='word_1_18' title='bbox 57 430 101 466; x_wconf 76' lang='lat' dir='ltr'>et</span> <span class='ocrx_word' id='word_1_19' title='bbox 136 419 418 466; x_wconf 71' lang='lat' dir='ltr'>confundunt</span> <span class='ocrx_word' id='word_1_20' title='bbox 449 436 458 462; x_wconf 91' lang='lat'>:</span> <span class='ocrx_word' id='word_1_21' title='bbox 492 420 845 477; x_wconf 85' lang='lat' dir='ltr'>confundantur,</span> <span class='ocrx_word' id='word_1_22' title='bbox 879 430 929 465; x_wconf 92' lang='lat' dir='ltr'>ut</span> <span class='ocrx_word' id='word_1_23' title='bbox 965 431 1290 467; x_wconf 84' lang='lat' dir='ltr'>convertantur.</span> <span class='ocrx_word' id='word_1_24' title='bbox 1326 422 1446 468; x_wconf 87' lang='lat' dir='ltr'>Audi</span> 
     </span>
     <span class='ocr_line' id='line_1_4' title="bbox 56 492 1447 553; baseline 0.001 -15"><span class='ocrx_word' id='word_1_25' title='bbox 56 493 190 538; x_wconf 89' lang='lat' dir='ltr'>modo</span> <span class='ocrx_word' id='word_1_26' title='bbox 214 507 353 538; x_wconf 88' lang='lat' dir='ltr'>unum</span> <span class='ocrx_word' id='word_1_27' title='bbox 381 508 490 552; x_wconf 88' lang='lat' dir='ltr'>opus</span> <span class='ocrx_word' id='word_1_28' title='bbox 517 492 616 537; x_wconf 88' lang='lat' dir='ltr'>Filii</span> <span class='ocrx_word' id='word_1_29' title='bbox 642 502 686 537; x_wconf 88' lang='lat' dir='ltr'>et</span> <span class='ocrx_word' id='word_1_30' title='bbox 709 493 891 553; x_wconf 88' lang='lat' dir='ltr'><strong>Spiritus</strong></span> <span class='ocrx_word' id='word_1_31' title='bbox 913 493 1065 537; x_wconf 87' lang='lat' dir='ltr'>sancti.</span> <span class='ocrx_word' id='word_1_32' title='bbox 1095 493 1292 538; x_wconf 85' lang='lat' dir='ltr'><strong>Verbum</strong></span> <span class='ocrx_word' id='word_1_33' title='bbox 1329 503 1447 539; x_wconf 87' lang='lat' dir='ltr'>certe</span> 
     </span>
     <span class='ocr_line' id='line_1_5' title="bbox 55 563 1445 624; baseline 0.001 -15"><span class='ocrx_word' id='word_1_34' title='bbox 55 564 134 609; x_wconf 88' lang='lat' dir='ltr'>Dei</span> <span class='ocrx_word' id='word_1_35' title='bbox 162 564 298 608; x_wconf 90' lang='lat' dir='ltr'>Filius</span> <span class='ocrx_word' id='word_1_36' title='bbox 330 572 418 618; x_wconf 87' lang='lat' dir='ltr'>est,</span> <span class='ocrx_word' id='word_1_37' title='bbox 451 573 495 608; x_wconf 92' lang='lat' dir='ltr'>et</span> <span class='ocrx_word' id='word_1_38' title='bbox 518 563 702 623; x_wconf 85' lang='lat' dir='ltr'>Spiritus</span> <span class='ocrx_word' id='word_1_39' title='bbox 724 564 808 608; x_wconf 88' lang='lat' dir='ltr'>oris</span> <span class='ocrx_word' id='word_1_40' title='bbox 830 564 922 624; x_wconf 84' lang='lat' dir='ltr'>ejus</span> <span class='ocrx_word' id='word_1_41' title='bbox 947 563 1130 624; x_wconf 83' lang='lat' dir='ltr'>Spiritus</span> <span class='ocrx_word' id='word_1_42' title='bbox 1161 573 1335 609; x_wconf 86' lang='lat' dir='ltr'>sanctus</span> <span class='ocrx_word' id='word_1_43' title='bbox 1365 574 1445 610; x_wconf 87' lang='lat' dir='ltr'>est.</span> 
     </span>
     <span class='ocr_line' id='line_1_6' title="bbox 60 633 1450 688; baseline 0.002 -11"><span class='ocrx_word' id='word_1_44' title='bbox 60 653 82 677; x_wconf 92' lang='lat'>«</span> <span class='ocrx_word' id='word_1_45' title='bbox 116 633 262 678; x_wconf 88' lang='lat' dir='ltr'>Verbo</span> <span class='ocrx_word' id='word_1_46' title='bbox 283 634 458 678; x_wconf 89' lang='lat' dir='ltr'>Domini</span> <span class='ocrx_word' id='word_1_47' title='bbox 478 633 581 678; x_wconf 88' lang='lat' dir='ltr'>coeli</span> <span class='ocrx_word' id='word_1_48' title='bbox 609 633 780 679; x_wconf 87' lang='lat' dir='ltr'>solidati</span> <span class='ocrx_word' id='word_1_49' title='bbox 803 643 921 678; x_wconf 85' lang='lat' dir='ltr'>sunt.</span> <span class='ocrx_word' id='word_1_50' title='bbox 943 649 967 675; x_wconf 67' lang='lat' dir='ltr'>t»</span> <span class='ocrx_word' id='word_1_51' title='bbox 991 633 1108 688; x_wconf 89' lang='lat' dir='ltr'>Quid</span> <span class='ocrx_word' id='word_1_52' title='bbox 1128 644 1194 679; x_wconf 89' lang='lat' dir='ltr'>est</span> <span class='ocrx_word' id='word_1_53' title='bbox 1211 644 1358 680; x_wconf 86' lang='lat' dir='ltr'>autem</span> <span class='ocrx_word' id='word_1_54' title='bbox 1379 651 1450 681; x_wconf 91' lang='lat' dir='ltr'>so-</span> 
     </span>
     <span class='ocr_line' id='line_1_7' title="bbox 54 704 1450 760; baseline 0.002 -11"><span class='ocrx_word' id='word_1_55' title='bbox 54 704 212 749; x_wconf 88' lang='lat' dir='ltr'>lidatos</span> <span class='ocrx_word' id='word_1_56' title='bbox 228 720 335 760; x_wconf 87' lang='lat' dir='ltr'>esse,</span> <span class='ocrx_word' id='word_1_57' title='bbox 356 705 437 749; x_wconf 90' lang='lat' dir='ltr'>nisi</span> <span class='ocrx_word' id='word_1_58' title='bbox 453 705 616 750; x_wconf 88' lang='lat' dir='ltr'>habere</span> <span class='ocrx_word' id='word_1_59' title='bbox 633 705 835 750; x_wconf 86' lang='lat' dir='ltr'>stabilem</span> <span class='ocrx_word' id='word_1_60' title='bbox 855 714 900 750; x_wconf 86' lang='lat' dir='ltr'>et</span> <span class='ocrx_word' id='word_1_61' title='bbox 915 705 1085 750; x_wconf 88' lang='lat' dir='ltr'>firmam</span> <span class='ocrx_word' id='word_1_62' title='bbox 1104 707 1339 752; x_wconf 80' lang='lat' dir='ltr'>virtutem?</span> <span class='ocrx_word' id='word_1_63' title='bbox 1360 710 1450 752; x_wconf 85' lang='lat' dir='ltr'>«Et</span> 
     </span>
     <span class='ocr_line' id='line_1_8' title="bbox 60 775 1447 836; baseline 0.002 -18"><span class='ocrx_word' id='word_1_64' title='bbox 60 795 80 818; x_wconf 83' lang='lat'>»</span> <span class='ocrx_word' id='word_1_65' title='bbox 114 775 279 836; x_wconf 85' lang='lat' dir='ltr'>Spiritu</span> <span class='ocrx_word' id='word_1_66' title='bbox 297 775 382 820; x_wconf 90' lang='lat' dir='ltr'>oris</span> <span class='ocrx_word' id='word_1_67' title='bbox 397 777 490 836; x_wconf 84' lang='lat' dir='ltr'>ejus</span> <span class='ocrx_word' id='word_1_68' title='bbox 503 776 644 829; x_wconf 86' lang='lat' dir='ltr'>omnis</span> <span class='ocrx_word' id='word_1_69' title='bbox 662 775 799 821; x_wconf 86' lang='lat' dir='ltr'>virtus</span> <span class='ocrx_word' id='word_1_70' title='bbox 815 791 982 822; x_wconf 83' lang='lat' dir='ltr'>eorum.</span> <span class='ocrx_word' id='word_1_71' title='bbox 1003 794 1023 818; x_wconf 92' lang='lat'>»</span> <span class='ocrx_word' id='word_1_72' title='bbox 1043 780 1192 822; x_wconf 88' lang='lat' dir='ltr'>Posset</span> <span class='ocrx_word' id='word_1_73' title='bbox 1209 787 1253 822; x_wconf 91' lang='lat' dir='ltr'>et</span> <span class='ocrx_word' id='word_1_74' title='bbox 1268 777 1328 822; x_wconf 92' lang='lat' dir='ltr'>sic</span> <span class='ocrx_word' id='word_1_75' title='bbox 1343 777 1447 834; x_wconf 90' lang='lat' dir='ltr'>dici,</span> 
     </span>
     <span class='ocr_line' id='line_1_9' title="bbox 18 846 1451 908; baseline 0 -16"><span class='ocrx_word' id='word_1_76' title='bbox 18 894 21 897; x_wconf 77' lang='grc'><strong>,</strong></span> <span class='ocrx_word' id='word_1_77' title='bbox 57 847 223 907; x_wconf 85' lang='lat' dir='ltr'>Spiritu</span> <span class='ocrx_word' id='word_1_78' title='bbox 263 847 350 892; x_wconf 91' lang='lat' dir='ltr'>oris</span> <span class='ocrx_word' id='word_1_79' title='bbox 388 849 482 908; x_wconf 87' lang='lat' dir='ltr'>ejus</span> <span class='ocrx_word' id='word_1_80' title='bbox 523 846 626 892; x_wconf 87' lang='lat' dir='ltr'>coeli</span> <span class='ocrx_word' id='word_1_81' title='bbox 663 846 834 892; x_wconf 87' lang='lat' dir='ltr'>solidati</span> <span class='ocrx_word' id='word_1_82' title='bbox 869 857 993 904; x_wconf 85' lang='lat' dir='ltr'>sunt,</span> <span class='ocrx_word' id='word_1_83' title='bbox 1033 857 1077 892; x_wconf 86' lang='lat' dir='ltr'>et</span> <span class='ocrx_word' id='word_1_84' title='bbox 1097 848 1244 894; x_wconf 87' lang='lat' dir='ltr'>Verbo</span> <span class='ocrx_word' id='word_1_85' title='bbox 1275 849 1451 894; x_wconf 88' lang='lat' dir='ltr'>Domini</span> 
     </span>
     <span class='ocr_line' id='line_1_10' title="bbox 55 916 1452 972; baseline 0.002 -10"><span class='ocrx_word' id='word_1_86' title='bbox 55 918 196 962; x_wconf 91' lang='lat' dir='ltr'>omnis</span> <span class='ocrx_word' id='word_1_87' title='bbox 229 917 367 964; x_wconf 85' lang='lat' dir='ltr'>virtus</span> <span class='ocrx_word' id='word_1_88' title='bbox 402 933 568 963; x_wconf 89' lang='lat' dir='ltr'>eorum.</span> <span class='ocrx_word' id='word_1_89' title='bbox 604 916 736 972; x_wconf 87' lang='lat' dir='ltr'>Quod</span> <span class='ocrx_word' id='word_1_90' title='bbox 763 927 828 962; x_wconf 88' lang='lat' dir='ltr'>est</span> <span class='ocrx_word' id='word_1_91' title='bbox 857 919 977 962; x_wconf 85' lang='lat' dir='ltr'>enim</span> <span class='ocrx_word' id='word_1_92' title='bbox 1002 919 1195 964; x_wconf 88' lang='lat' dir='ltr'>«Omnis</span> <span class='ocrx_word' id='word_1_93' title='bbox 1215 919 1353 965; x_wconf 86' lang='lat' dir='ltr'>virtus</span> <span class='ocrx_word' id='word_1_94' title='bbox 1374 936 1452 965; x_wconf 91' lang='lat' dir='ltr'>eo-</span> 
     </span>
     <span class='ocr_line' id='line_1_11' title="bbox 54 988 1451 1049; baseline 0.002 -17"><span class='ocrx_word' id='word_1_95' title='bbox 54 1003 177 1044; x_wconf 90' lang='lat' dir='ltr'>rum,</span> <span class='ocrx_word' id='word_1_96' title='bbox 201 1006 222 1029; x_wconf 86' lang='lat'>»</span> <span class='ocrx_word' id='word_1_97' title='bbox 262 989 348 1033; x_wconf 91' lang='lat' dir='ltr'>hoc</span> <span class='ocrx_word' id='word_1_98' title='bbox 376 998 464 1045; x_wconf 87' lang='lat' dir='ltr'>est,</span> <span class='ocrx_word' id='word_1_99' title='bbox 499 1008 517 1030; x_wconf 91' lang='lat'>«</span> <span class='ocrx_word' id='word_1_100' title='bbox 538 988 719 1034; x_wconf 87' lang='lat' dir='ltr'>Solidati</span> <span class='ocrx_word' id='word_1_101' title='bbox 749 998 867 1033; x_wconf 88' lang='lat' dir='ltr'>sunt.</span> <span class='ocrx_word' id='word_1_102' title='bbox 891 1007 912 1031; x_wconf 92' lang='lat'>»</span> <span class='ocrx_word' id='word_1_103' title='bbox 938 990 1032 1034; x_wconf 90' lang='lat' dir='ltr'>Hoc</span> <span class='ocrx_word' id='word_1_104' title='bbox 1055 1005 1158 1049; x_wconf 87' lang='lat' dir='ltr'>ergo</span> <span class='ocrx_word' id='word_1_105' title='bbox 1190 988 1293 1035; x_wconf 88' lang='lat' dir='ltr'>facit</span> <span class='ocrx_word' id='word_1_106' title='bbox 1314 990 1451 1036; x_wconf 86' lang='lat' dir='ltr'>Filius</span> 
     </span>
     <span class='ocr_line' id='line_1_12' title="bbox 55 1059 1453 1120; baseline 0.002 -16"><span class='ocrx_word' id='word_1_107' title='bbox 55 1068 100 1104; x_wconf 89' lang='lat' dir='ltr'>et</span> <span class='ocrx_word' id='word_1_108' title='bbox 123 1059 307 1119; x_wconf 87' lang='lat' dir='ltr'>Spiritus</span> <span class='ocrx_word' id='word_1_109' title='bbox 331 1068 521 1105; x_wconf 85' lang='lat' dir='ltr'>sanctus.</span> <span class='ocrx_word' id='word_1_110' title='bbox 557 1059 784 1120; x_wconf 89' lang='lat' dir='ltr'>Numquid</span> <span class='ocrx_word' id='word_1_111' title='bbox 804 1060 896 1104; x_wconf 85' lang='lat' dir='ltr'>sine</span> <span class='ocrx_word' id='word_1_112' title='bbox 917 1062 1077 1104; x_wconf 79' lang='lat' dir='ltr'>Patre?</span> <span class='ocrx_word' id='word_1_113' title='bbox 1098 1061 1204 1115; x_wconf 89' lang='lat' dir='ltr'>Quis</span> <span class='ocrx_word' id='word_1_114' title='bbox 1226 1076 1328 1120; x_wconf 86' lang='lat' dir='ltr'>ergo</span> <span class='ocrx_word' id='word_1_115' title='bbox 1348 1060 1453 1107; x_wconf 86' lang='lat' dir='ltr'>facit</span> 
     </span>
     <span class='ocr_line' id='line_1_13' title="bbox 54 1130 1452 1193; baseline 0.002 -19"><span class='ocrx_word' id='word_1_116' title='bbox 54 1145 133 1191; x_wconf 87' lang='lat' dir='ltr'>per</span> <span class='ocrx_word' id='word_1_117' title='bbox 154 1130 351 1176; x_wconf 87' lang='lat' dir='ltr'>Verbum</span> <span class='ocrx_word' id='word_1_118' title='bbox 371 1146 501 1176; x_wconf 90' lang='lat' dir='ltr'>suum</span> <span class='ocrx_word' id='word_1_119' title='bbox 523 1139 567 1175; x_wconf 90' lang='lat' dir='ltr'>et</span> <span class='ocrx_word' id='word_1_120' title='bbox 592 1131 802 1190; x_wconf 88' lang='lat' dir='ltr'>Spiritum</span> <span class='ocrx_word' id='word_1_121' title='bbox 824 1146 954 1175; x_wconf 90' lang='lat' dir='ltr'>suum</span> <span class='ocrx_word' id='word_1_122' title='bbox 970 1166 982 1187; x_wconf 86' lang='lat'>‚</span> <span class='ocrx_word' id='word_1_123' title='bbox 1003 1131 1087 1176; x_wconf 88' lang='lat' dir='ltr'>nisi</span> <span class='ocrx_word' id='word_1_124' title='bbox 1108 1133 1232 1193; x_wconf 85' lang='lat' dir='ltr'>cujus</span> <span class='ocrx_word' id='word_1_125' title='bbox 1254 1132 1452 1177; x_wconf 87' lang='lat' dir='ltr'>Verbum</span> 
     </span>
     <span class='ocr_line' id='line_1_14' title="bbox 55 1202 1453 1263; baseline 0.001 -17"><span class='ocrx_word' id='word_1_126' title='bbox 55 1211 120 1247; x_wconf 89' lang='lat' dir='ltr'>est</span> <span class='ocrx_word' id='word_1_127' title='bbox 132 1236 145 1257; x_wconf 87' lang='lat'>‚</span> <span class='ocrx_word' id='word_1_128' title='bbox 169 1211 214 1246; x_wconf 88' lang='lat' dir='ltr'>et</span> <span class='ocrx_word' id='word_1_129' title='bbox 229 1203 354 1263; x_wconf 85' lang='lat' dir='ltr'>cujus</span> <span class='ocrx_word' id='word_1_130' title='bbox 373 1202 584 1262; x_wconf 78' lang='lat' dir='ltr'>Spiritus?</span> <span class='ocrx_word' id='word_1_131' title='bbox 599 1202 783 1247; x_wconf 85' lang='lat' dir='ltr'>Trinitas</span> <span class='ocrx_word' id='word_1_132' title='bbox 801 1217 904 1261; x_wconf 87' lang='lat' dir='ltr'>ergo</span> <span class='ocrx_word' id='word_1_133' title='bbox 919 1203 1015 1247; x_wconf 86' lang='lat' dir='ltr'>haec</span> <span class='ocrx_word' id='word_1_134' title='bbox 1037 1219 1152 1247; x_wconf 91' lang='lat' dir='ltr'>unus</span> <span class='ocrx_word' id='word_1_135' title='bbox 1170 1206 1300 1248; x_wconf 88' lang='lat' dir='ltr'>Deus.</span> <span class='ocrx_word' id='word_1_136' title='bbox 1322 1205 1453 1248; x_wconf 90' lang='lat' dir='ltr'>Hunc</span> 
     </span>
     <span class='ocr_line' id='line_1_15' title="bbox 56 1272 1452 1350; baseline 0.001 -32"><span class='ocrx_word' id='word_1_137' title='bbox 56 1272 210 1318; x_wconf 73' lang='lat' dir='ltr'>adorat</span> <span class='ocrx_word' id='word_1_138' title='bbox 228 1274 306 1334; x_wconf 92' lang='lat' dir='ltr'>qui</span> <span class='ocrx_word' id='word_1_139' title='bbox 322 1273 444 1318; x_wconf 84' lang='lat' dir='ltr'>novit</span> <span class='ocrx_word' id='word_1_140' title='bbox 464 1274 660 1350; x_wconf 79' lang='lat' dir='ltr'>adorare,</span> <span class='ocrx_word' id='word_1_141' title='bbox 686 1273 807 1318; x_wconf 91' lang='lat' dir='ltr'>hunc</span> <span class='ocrx_word' id='word_1_142' title='bbox 824 1273 991 1334; x_wconf 85' lang='lat' dir='ltr'>ubique</span> <span class='ocrx_word' id='word_1_143' title='bbox 1005 1274 1140 1319; x_wconf 87' lang='lat' dir='ltr'>habet</span> <span class='ocrx_word' id='word_1_144' title='bbox 1155 1275 1268 1335; x_wconf 87' lang='lat' dir='ltr'>,qui</span> <span class='ocrx_word' id='word_1_145' title='bbox 1289 1290 1333 1319; x_wconf 90' lang='lat' dir='ltr'>se</span> <span class='ocrx_word' id='word_1_146' title='bbox 1345 1290 1452 1319; x_wconf 92' lang='lat' dir='ltr'>con-</span> 
     </span>
     <span class='ocr_line' id='line_1_16' title="bbox 54 1310 1452 1405; baseline 0.002 -17"><span class='ocrx_word' id='word_1_147' title='bbox 54 1344 248 1388; x_wconf 83' lang='lat' dir='ltr'>verterit.</span> <span class='ocrx_word' id='word_1_148' title='bbox 273 1346 373 1390; x_wconf 90' lang='lat' dir='ltr'>Non</span> <span class='ocrx_word' id='word_1_149' title='bbox 407 1343 524 1388; x_wconf 85' lang='lat' dir='ltr'>enim</span> <span class='ocrx_word' id='word_1_150' title='bbox 551 1343 764 1404; x_wconf 84' lang='lat' dir='ltr'>quaeritur</span> <span class='ocrx_word' id='word_1_151' title='bbox 791 1345 847 1388; x_wconf 88' lang='lat' dir='ltr'>ab</span> <span class='ocrx_word' id='word_1_152' title='bbox 883 1345 1066 1402; x_wconf 76' lang='lat' dir='ltr'>aversi53</span> <span class='ocrx_word' id='word_1_153' title='bbox 1097 1310 1170 1389; x_wconf 63' lang='lat' dir='ltr'>sed</span> <span class='ocrx_word' id='word_1_154' title='bbox 1205 1345 1297 1405; x_wconf 83' lang='lat' dir='ltr'>ipse</span> <span class='ocrx_word' id='word_1_155' title='bbox 1324 1355 1452 1391; x_wconf 85' lang='lat' dir='ltr'>vocat</span> 
     </span>
     <span class='ocr_line' id='line_1_17' title="bbox 57 1416 799 1476; baseline 0.001 -16"><span class='ocrx_word' id='word_1_156' title='bbox 57 1431 254 1472; x_wconf 84' lang='lat' dir='ltr'>aversos,</span> <span class='ocrx_word' id='word_1_157' title='bbox 279 1425 331 1460; x_wconf 90' lang='lat' dir='ltr'>ut</span> <span class='ocrx_word' id='word_1_158' title='bbox 351 1416 532 1476; x_wconf 89' lang='lat' dir='ltr'>impleat</span> <span class='ocrx_word' id='word_1_159' title='bbox 552 1431 799 1461; x_wconf 89' lang='lat' dir='ltr'>conversos.</span> 
     </span>
    </p>

    <p class='ocr_par' dir='ltr' id='par_1_3' title="bbox 42 1486 1455 2619">
     <span class='ocr_line' id='line_1_18' title="bbox 136 1486 1451 1548; baseline 0.002 -17"><span class='ocrx_word' id='word_1_160' title='bbox 136 1490 214 1532; x_wconf 92' lang='lat' dir='ltr'>VI.</span> <span class='ocrx_word' id='word_1_161' title='bbox 252 1490 390 1543; x_wconf 87' lang='lat' dir='ltr'>Sane,</span> <span class='ocrx_word' id='word_1_162' title='bbox 431 1486 585 1532; x_wconf 85' lang='lat' dir='ltr'>fratres</span> <span class='ocrx_word' id='word_1_163' title='bbox 607 1523 618 1542; x_wconf 88' lang='lat'>‚</span> <span class='ocrx_word' id='word_1_164' title='bbox 658 1487 845 1547; x_wconf 84' lang='lat' dir='ltr'>exceptis</span> <span class='ocrx_word' id='word_1_165' title='bbox 880 1486 963 1532; x_wconf 89' lang='lat' dir='ltr'>illis</span> <span class='ocrx_word' id='word_1_166' title='bbox 999 1488 1120 1533; x_wconf 89' lang='lat' dir='ltr'>coelis</span> <span class='ocrx_word' id='word_1_167' title='bbox 1156 1489 1451 1548; x_wconf 85' lang='lat' dir='ltr'>superioribus</span> 
     </span>
     <span class='ocr_line' id='line_1_19' title="bbox 54 1558 1451 1619; baseline 0.001 -16"><span class='ocrx_word' id='word_1_168' title='bbox 54 1559 216 1618; x_wconf 81' lang='lat' dir='ltr'>ignotis</span> <span class='ocrx_word' id='word_1_169' title='bbox 237 1559 363 1604; x_wconf 88' lang='lat' dir='ltr'>nobis</span> <span class='ocrx_word' id='word_1_170' title='bbox 386 1559 432 1602; x_wconf 90' lang='lat' dir='ltr'>in</span> <span class='ocrx_word' id='word_1_171' title='bbox 449 1568 563 1603; x_wconf 85' lang='lat' dir='ltr'>terra</span> <span class='ocrx_word' id='word_1_172' title='bbox 594 1558 918 1615; x_wconf 86' lang='lat' dir='ltr'>laborantibus,</span> <span class='ocrx_word' id='word_1_173' title='bbox 944 1568 987 1604; x_wconf 89' lang='lat' dir='ltr'>et</span> <span class='ocrx_word' id='word_1_174' title='bbox 1008 1575 1085 1619; x_wconf 85' lang='lat' dir='ltr'>per</span> <span class='ocrx_word' id='word_1_175' title='bbox 1106 1561 1320 1604; x_wconf 87' lang='lat' dir='ltr'>humanas</span> <span class='ocrx_word' id='word_1_176' title='bbox 1342 1576 1451 1605; x_wconf 91' lang='lat' dir='ltr'>con-</span> 
     </span>
     <span class='ocr_line' id='line_1_20' title="bbox 51 1631 1451 1693; baseline 0.002 -19"><span class='ocrx_word' id='word_1_177' title='bbox 51 1631 241 1691; x_wconf 83' lang='lat' dir='ltr'>jecturas</span> <span class='ocrx_word' id='word_1_178' title='bbox 276 1638 518 1691; x_wconf 82' lang='lat' dir='ltr'>utcumque</span> <span class='ocrx_word' id='word_1_179' title='bbox 547 1631 625 1676; x_wconf 88' lang='lat' dir='ltr'>ista</span> <span class='ocrx_word' id='word_1_180' title='bbox 659 1632 985 1692; x_wconf 78' lang='lat' dir='ltr'>quaerentibus3</span> <span class='ocrx_word' id='word_1_181' title='bbox 1013 1633 1202 1693; x_wconf 81' lang='lat' dir='ltr'>exceptis</span> <span class='ocrx_word' id='word_1_182' title='bbox 1230 1648 1334 1691; x_wconf 84' lang='lat' dir='ltr'>ergo</span> <span class='ocrx_word' id='word_1_183' title='bbox 1366 1632 1451 1677; x_wconf 91' lang='lat' dir='ltr'>illis</span> 
     </span>
     <span class='ocr_line' id='line_1_21' title="bbox 56 1702 1450 1764; baseline 0.001 -18"><span class='ocrx_word' id='word_1_184' title='bbox 56 1702 206 1758; x_wconf 73' lang='lat' dir='ltr'>coelis,</span> <span class='ocrx_word' id='word_1_185' title='bbox 222 1702 299 1763; x_wconf 90' lang='lat' dir='ltr'>qui</span> <span class='ocrx_word' id='word_1_186' title='bbox 316 1703 539 1762; x_wconf 85' lang='lat' dir='ltr'>quomodo</span> <span class='ocrx_word' id='word_1_187' title='bbox 561 1703 647 1747; x_wconf 90' lang='lat' dir='ltr'>sint</span> <span class='ocrx_word' id='word_1_188' title='bbox 668 1718 798 1762; x_wconf 89' lang='lat' dir='ltr'>super</span> <span class='ocrx_word' id='word_1_189' title='bbox 816 1702 1001 1747; x_wconf 90' lang='lat' dir='ltr'>invicem</span> <span class='ocrx_word' id='word_1_190' title='bbox 1023 1702 1093 1747; x_wconf 84' lang='lat' dir='ltr'>vel</span> <span class='ocrx_word' id='word_1_191' title='bbox 1114 1713 1223 1764; x_wconf 84' lang='lat' dir='ltr'>quot</span> <span class='ocrx_word' id='word_1_192' title='bbox 1243 1704 1329 1748; x_wconf 82' lang='lat' dir='ltr'>sint</span> <span class='ocrx_word' id='word_1_193' title='bbox 1344 1739 1356 1759; x_wconf 86' lang='lat'>‚</span> <span class='ocrx_word' id='word_1_194' title='bbox 1380 1702 1450 1748; x_wconf 80' lang='lat' dir='ltr'>vel</span> 
     </span>
     <span class='ocr_line' id='line_1_22' title="bbox 56 1773 1448 1834; baseline 0.001 -18"><span class='ocrx_word' id='word_1_195' title='bbox 56 1773 217 1834; x_wconf 92' lang='lat' dir='ltr'>quibus</span> <span class='ocrx_word' id='word_1_196' title='bbox 244 1773 385 1818; x_wconf 91' lang='lat' dir='ltr'>modis</span> <span class='ocrx_word' id='word_1_197' title='bbox 414 1773 609 1818; x_wconf 87' lang='lat' dir='ltr'>distincti</span> <span class='ocrx_word' id='word_1_198' title='bbox 641 1774 748 1829; x_wconf 84' lang='lat' dir='ltr'>sint,</span> <span class='ocrx_word' id='word_1_199' title='bbox 781 1774 941 1834; x_wconf 87' lang='lat' dir='ltr'>quibus</span> <span class='ocrx_word' id='word_1_200' title='bbox 968 1773 1120 1818; x_wconf 89' lang='lat' dir='ltr'>incolis</span> <span class='ocrx_word' id='word_1_201' title='bbox 1144 1773 1312 1834; x_wconf 87' lang='lat' dir='ltr'>impleti</span> <span class='ocrx_word' id='word_1_202' title='bbox 1339 1775 1420 1819; x_wconf 90' lang='lat' dir='ltr'>sint</span> <span class='ocrx_word' id='word_1_203' title='bbox 1436 1809 1448 1829; x_wconf 76' lang='grc'>,</span> 
     </span>
     <span class='ocr_line' id='line_1_23' title="bbox 57 1845 1452 1909; baseline 0.001 -20"><span class='ocrx_word' id='word_1_204' title='bbox 57 1861 146 1905; x_wconf 84' lang='lat' dir='ltr'>qua</span> <span class='ocrx_word' id='word_1_205' title='bbox 181 1845 464 1909; x_wconf 61' lang='lat' dir='ltr'>dispositione</span> <span class='ocrx_word' id='word_1_206' title='bbox 496 1854 724 1904; x_wconf 85' lang='lat' dir='ltr'>regantur,</span> <span class='ocrx_word' id='word_1_207' title='bbox 762 1845 987 1907; x_wconf 86' lang='lat' dir='ltr'>quomodo</span> <span class='ocrx_word' id='word_1_208' title='bbox 1025 1846 1086 1890; x_wconf 86' lang='lat' dir='ltr'>ibi</span> <span class='ocrx_word' id='word_1_209' title='bbox 1122 1862 1237 1890; x_wconf 82' lang='lat' dir='ltr'>unus</span> <span class='ocrx_word' id='word_1_210' title='bbox 1271 1846 1452 1907; x_wconf 90' lang='lat' dir='ltr'>quidam</span> 
     </span>
     <span class='ocr_line' id='line_1_24' title="bbox 56 1915 1448 1976; baseline 0.001 -16"><span class='ocrx_word' id='word_1_211' title='bbox 56 1916 249 1975; x_wconf 84' lang='lat' dir='ltr'>hymnus</span> <span class='ocrx_word' id='word_1_212' title='bbox 263 1915 514 1960; x_wconf 86' lang='lat' dir='ltr'>indeficiens</span> <span class='ocrx_word' id='word_1_213' title='bbox 531 1916 766 1960; x_wconf 84' lang='lat' dir='ltr'>concinens</span> <span class='ocrx_word' id='word_1_214' title='bbox 778 1917 832 1961; x_wconf 86' lang='lat' dir='ltr'>ab</span> <span class='ocrx_word' id='word_1_215' title='bbox 849 1917 1053 1961; x_wconf 89' lang='lat' dir='ltr'>omnibus</span> <span class='ocrx_word' id='word_1_216' title='bbox 1068 1917 1276 1976; x_wconf 82' lang='lat' dir='ltr'>praedicet</span> <span class='ocrx_word' id='word_1_217' title='bbox 1292 1921 1448 1973; x_wconf 89' lang='lat' dir='ltr'>Deum,</span> 
     </span>
     <span class='ocr_line' id='line_1_25' title="bbox 57 1987 1448 2049; baseline 0.001 -17"><span class='ocrx_word' id='word_1_218' title='bbox 57 1987 250 2033; x_wconf 88' lang='lat' dir='ltr'>multum</span> <span class='ocrx_word' id='word_1_219' title='bbox 270 1997 334 2032; x_wconf 85' lang='lat' dir='ltr'>est</span> <span class='ocrx_word' id='word_1_220' title='bbox 355 1987 411 2033; x_wconf 90' lang='lat' dir='ltr'>ad</span> <span class='ocrx_word' id='word_1_221' title='bbox 432 2004 512 2032; x_wconf 87' lang='lat' dir='ltr'>nos</span> <span class='ocrx_word' id='word_1_222' title='bbox 532 1988 750 2043; x_wconf 88' lang='lat' dir='ltr'>invenire,</span> <span class='ocrx_word' id='word_1_223' title='bbox 776 1989 1009 2047; x_wconf 82' lang='lat' dir='ltr'>satagimus</span> <span class='ocrx_word' id='word_1_224' title='bbox 1031 1998 1178 2033; x_wconf 86' lang='lat' dir='ltr'>tamen</span> <span class='ocrx_word' id='word_1_225' title='bbox 1205 1990 1448 2049; x_wconf 85' lang='lat' dir='ltr'>pervenire.</span> 
     </span>
     <span class='ocr_line' id='line_1_26' title="bbox 58 2059 1451 2120; baseline 0.001 -17"><span class='ocrx_word' id='word_1_226' title='bbox 58 2059 129 2104; x_wconf 90' lang='lat' dir='ltr'>lbi</span> <span class='ocrx_word' id='word_1_227' title='bbox 149 2068 213 2103; x_wconf 89' lang='lat' dir='ltr'>est</span> <span class='ocrx_word' id='word_1_228' title='bbox 233 2059 351 2103; x_wconf 88' lang='lat' dir='ltr'>enim</span> <span class='ocrx_word' id='word_1_229' title='bbox 383 2059 523 2119; x_wconf 80' lang='lat' dir='ltr'>patria</span> <span class='ocrx_word' id='word_1_230' title='bbox 545 2068 715 2115; x_wconf 82' lang='lat' dir='ltr'>nostra,</span> <span class='ocrx_word' id='word_1_231' title='bbox 741 2075 875 2120; x_wconf 86' lang='lat' dir='ltr'>quam</span> <span class='ocrx_word' id='word_1_232' title='bbox 899 2059 1031 2119; x_wconf 84' lang='lat' dir='ltr'>longa</span> <span class='ocrx_word' id='word_1_233' title='bbox 1051 2059 1234 2105; x_wconf 87' lang='lat' dir='ltr'>fortasse</span> <span class='ocrx_word' id='word_1_234' title='bbox 1257 2061 1451 2120; x_wconf 82' lang='lat' dir='ltr'>peregri-</span> 
     </span>
     <span class='ocr_line' id='line_1_27' title="bbox 59 2129 1450 2185; baseline 0.001 -11"><span class='ocrx_word' id='word_1_235' title='bbox 59 2131 235 2175; x_wconf 87' lang='lat' dir='ltr'>natione</span> <span class='ocrx_word' id='word_1_236' title='bbox 257 2129 382 2174; x_wconf 89' lang='lat' dir='ltr'>obliti</span> <span class='ocrx_word' id='word_1_237' title='bbox 403 2146 567 2174; x_wconf 86' lang='lat' dir='ltr'>sumus.</span> <span class='ocrx_word' id='word_1_238' title='bbox 593 2133 689 2175; x_wconf 81' lang='lat' dir='ltr'>Vox</span> <span class='ocrx_word' id='word_1_239' title='bbox 711 2131 828 2174; x_wconf 90' lang='lat' dir='ltr'>enim</span> <span class='ocrx_word' id='word_1_240' title='bbox 849 2140 995 2175; x_wconf 86' lang='lat' dir='ltr'>nostra</span> <span class='ocrx_word' id='word_1_241' title='bbox 1017 2141 1081 2175; x_wconf 90' lang='lat' dir='ltr'>est</span> <span class='ocrx_word' id='word_1_242' title='bbox 1099 2131 1146 2174; x_wconf 89' lang='lat' dir='ltr'>in</span> <span class='ocrx_word' id='word_1_243' title='bbox 1167 2130 1242 2176; x_wconf 90' lang='lat' dir='ltr'>illo</span> <span class='ocrx_word' id='word_1_244' title='bbox 1261 2131 1450 2185; x_wconf 77' lang='lat' dir='ltr'>Psalmo,</span> 
     </span>
     <span class='ocr_line' id='line_1_28' title="bbox 65 2200 1453 2262; baseline 0.002 -19"><span class='ocrx_word' id='word_1_245' title='bbox 65 2203 208 2245; x_wconf 86' lang='lat' dir='ltr'>«Heu</span> <span class='ocrx_word' id='word_1_246' title='bbox 239 2216 309 2245; x_wconf 86' lang='lat' dir='ltr'>me</span> <span class='ocrx_word' id='word_1_247' title='bbox 329 2236 340 2256; x_wconf 83' lang='lat'>,</span> <span class='ocrx_word' id='word_1_248' title='bbox 376 2201 585 2261; x_wconf 88' lang='lat' dir='ltr'>quoniam</span> <span class='ocrx_word' id='word_1_249' title='bbox 620 2201 913 2261; x_wconf 88' lang='lat' dir='ltr'>peregrinatio</span> <span class='ocrx_word' id='word_1_250' title='bbox 944 2217 1041 2245; x_wconf 88' lang='lat' dir='ltr'>mea</span> <span class='ocrx_word' id='word_1_251' title='bbox 1071 2200 1313 2262; x_wconf 86' lang='lat' dir='ltr'>longinqua</span> <span class='ocrx_word' id='word_1_252' title='bbox 1338 2200 1453 2246; x_wconf 77' lang='lat' dir='ltr'>facta</span> 
     </span>
     <span class='ocr_line' id='line_1_29' title="bbox 63 2271 1449 2333; baseline 0.003 -19"><span class='ocrx_word' id='word_1_253' title='bbox 63 2291 84 2315; x_wconf 88' lang='lat'>»</span> <span class='ocrx_word' id='word_1_254' title='bbox 110 2275 214 2316; x_wconf 69' lang='lat' dir='ltr'>estl.</span> <span class='ocrx_word' id='word_1_255' title='bbox 239 2274 389 2331; x_wconf 82' lang='lat' dir='ltr'>»Ergo</span> <span class='ocrx_word' id='word_1_256' title='bbox 412 2272 468 2317; x_wconf 86' lang='lat' dir='ltr'>de</span> <span class='ocrx_word' id='word_1_257' title='bbox 488 2271 572 2317; x_wconf 90' lang='lat' dir='ltr'>illis</span> <span class='ocrx_word' id='word_1_258' title='bbox 593 2272 715 2318; x_wconf 85' lang='lat' dir='ltr'>coelis</span> <span class='ocrx_word' id='word_1_259' title='bbox 732 2282 776 2318; x_wconf 87' lang='lat' dir='ltr'>et</span> <span class='ocrx_word' id='word_1_260' title='bbox 797 2273 905 2317; x_wconf 88' lang='grc'><strong>1111111</strong></span> <span class='ocrx_word' id='word_1_261' title='bbox 924 2272 1103 2318; x_wconf 83' lang='lat' dir='ltr'>difficile</span> <span class='ocrx_word' id='word_1_262' title='bbox 1125 2282 1189 2317; x_wconf 87' lang='lat' dir='ltr'>est</span> <span class='ocrx_word' id='word_1_263' title='bbox 1210 2273 1449 2333; x_wconf 77' lang='lat' dir='ltr'>disputare,</span> 
     </span>
     <span class='ocr_line' id='line_1_30' title="bbox 60 2344 1454 2406; baseline 0.001 -18"><span class='ocrx_word' id='word_1_264' title='bbox 60 2344 96 2388; x_wconf 92' lang='lat' dir='ltr'>si</span> <span class='ocrx_word' id='word_1_265' title='bbox 116 2353 264 2388; x_wconf 87' lang='lat' dir='ltr'>tamen</span> <span class='ocrx_word' id='word_1_266' title='bbox 288 2360 378 2388; x_wconf 91' lang='lat' dir='ltr'>non</span> <span class='ocrx_word' id='word_1_267' title='bbox 410 2344 698 2404; x_wconf 86' lang='lat' dir='ltr'>impossibile,</span> <span class='ocrx_word' id='word_1_268' title='bbox 723 2354 767 2389; x_wconf 90' lang='lat' dir='ltr'>et</span> <span class='ocrx_word' id='word_1_269' title='bbox 800 2345 924 2390; x_wconf 85' lang='lat' dir='ltr'>vobis</span> <span class='ocrx_word' id='word_1_270' title='bbox 946 2344 1202 2403; x_wconf 82' lang='lat' dir='ltr'>intelligere.</span> <span class='ocrx_word' id='word_1_271' title='bbox 1228 2347 1356 2390; x_wconf 88' lang='lat' dir='ltr'>Certe</span> <span class='ocrx_word' id='word_1_272' title='bbox 1377 2346 1454 2406; x_wconf 88' lang='lat' dir='ltr'>qui</span> 
     </span>
     <span class='ocr_line' id='line_1_31' title="bbox 60 2415 1452 2476; baseline 0.001 -17"><span class='ocrx_word' id='word_1_273' title='bbox 60 2430 131 2459; x_wconf 86' lang='lat' dir='ltr'>me</span> <span class='ocrx_word' id='word_1_274' title='bbox 151 2415 199 2459; x_wconf 91' lang='lat' dir='ltr'>in</span> <span class='ocrx_word' id='word_1_275' title='bbox 219 2415 285 2459; x_wconf 87' lang='lat' dir='ltr'>his</span> <span class='ocrx_word' id='word_1_276' title='bbox 306 2415 436 2460; x_wconf 85' lang='lat' dir='ltr'>rebus</span> <span class='ocrx_word' id='word_1_277' title='bbox 457 2415 685 2461; x_wconf 86' lang='lat' dir='ltr'>intellectu</span> <span class='ocrx_word' id='word_1_278' title='bbox 705 2416 937 2476; x_wconf 81' lang='lat' dir='ltr'>praevenit,</span> <span class='ocrx_word' id='word_1_279' title='bbox 962 2415 1134 2460; x_wconf 82' lang='lat' dir='ltr'>fruatur</span> <span class='ocrx_word' id='word_1_280' title='bbox 1155 2431 1244 2476; x_wconf 92' lang='lat' dir='ltr'>quo</span> <span class='ocrx_word' id='word_1_281' title='bbox 1265 2432 1452 2476; x_wconf 85' lang='lat' dir='ltr'>praeces-</span> 
     </span>
     <span class='ocr_line' id='line_1_32' title="bbox 42 2485 1454 2548; baseline 0.003 -19"><span class='ocrx_word' id='word_1_282' title='bbox 42 2485 142 2540; x_wconf 79' lang='lat' dir='ltr'>,sit,</span> <span class='ocrx_word' id='word_1_283' title='bbox 167 2495 211 2530; x_wconf 85' lang='lat' dir='ltr'>et</span> <span class='ocrx_word' id='word_1_284' title='bbox 242 2496 337 2531; x_wconf 89' lang='lat' dir='ltr'>oret</span> <span class='ocrx_word' id='word_1_285' title='bbox 362 2503 443 2547; x_wconf 90' lang='lat' dir='ltr'>pro</span> <span class='ocrx_word' id='word_1_286' title='bbox 475 2502 546 2531; x_wconf 87' lang='lat' dir='ltr'>me</span> <span class='ocrx_word' id='word_1_287' title='bbox 567 2496 617 2532; x_wconf 88' lang='lat' dir='ltr'>ut</span> <span class='ocrx_word' id='word_1_288' title='bbox 638 2503 794 2548; x_wconf 88' lang='lat' dir='ltr'>sequar</span> <span class='ocrx_word' id='word_1_289' title='bbox 816 2503 911 2546; x_wconf 78' lang='lat' dir='ltr'>ego.</span> <span class='ocrx_word' id='word_1_290' title='bbox 949 2487 1130 2531; x_wconf 88' lang='lat' dir='ltr'>Interim</span> <span class='ocrx_word' id='word_1_291' title='bbox 1151 2487 1339 2548; x_wconf 86' lang='lat' dir='ltr'>exceptis</span> <span class='ocrx_word' id='word_1_292' title='bbox 1370 2487 1454 2534; x_wconf 87' lang='lat' dir='ltr'>illis</span> 
     </span>
     <span class='ocr_line' id='line_1_33' title="bbox 64 2555 1455 2619; baseline 0.001 -19"><span class='ocrx_word' id='word_1_293' title='bbox 64 2555 202 2612; x_wconf 85' lang='lat' dir='ltr'>coelis,</span> <span class='ocrx_word' id='word_1_294' title='bbox 235 2557 378 2603; x_wconf 89' lang='lat' dir='ltr'>habeo</span> <span class='ocrx_word' id='word_1_295' title='bbox 416 2557 470 2602; x_wconf 89' lang='lat' dir='ltr'>de</span> <span class='ocrx_word' id='word_1_296' title='bbox 504 2558 665 2619; x_wconf 91' lang='lat' dir='ltr'>quibus</span> <span class='ocrx_word' id='word_1_297' title='bbox 690 2559 761 2603; x_wconf 89' lang='lat' dir='ltr'>hic</span> <span class='ocrx_word' id='word_1_298' title='bbox 786 2568 1028 2619; x_wconf 88' lang='lat' dir='ltr'>utcumque</span> <span class='ocrx_word' id='word_1_299' title='bbox 1062 2557 1291 2615; x_wconf 83' lang='lat' dir='ltr'>disseram,</span> <span class='ocrx_word' id='word_1_300' title='bbox 1328 2558 1455 2603; x_wconf 90' lang='lat' dir='ltr'>nobis</span> 
     </span>
    </p>
   </div>
   <div class='ocr_carea' id='block_1_3' title="bbox 114 2641 379 2682">
    <p class='ocr_par' dir='ltr' id='par_1_4' title="bbox 114 2641 379 2682">
     <span class='ocr_line' id='line_1_34' title="bbox 114 2641 379 2682; baseline 0.011 -11"><span class='ocrx_word' id='word_1_301' title='bbox 114 2647 124 2663; x_wconf 86' lang='lat'>¹</span> <span class='ocrx_word' id='word_1_302' title='bbox 148 2641 228 2673; x_wconf 84' lang='lat' dir='ltr'>Psal.</span> <span class='ocrx_word' id='word_1_303' title='bbox 249 2652 332 2682; x_wconf 78' lang='lat' dir='ltr'>cxix,</span> <span class='ocrx_word' id='word_1_304' title='bbox 349 2641 379 2675; x_wconf 87' lang='lat'>5.</span> 
     </span>
    </p>
   </div>
  </div>
 </body>
</html>
