1833 3284
215 221 456 248 Eiram-nino
486 222 518 247 11
552 222 596 248 m
630 221 833 249 PsALMUM
867 223 984 259 xxx,
1019 223 1144 250 SEnM.
1183 224 1228 249 ιι.
1335 211 1411 249 413

21 285 146 330 -videt
169 305 178 330 :
208 284 416 331 «Postula
442 302 466 331 a
488 301 580 341 me,
607 296 650 331 et
681 286 797 331 dabo
824 286 904 331 tibi
934 296 1080 345 gentes
1113 287 1423 332 haereditatem-

32 376 50 399 »
86 365 231 411 tuam,
263 366 307 402 et
333 357 642 416 possessionem
676 366 796 401 tuam
825 357 1030 402 terminos
1058 361 1239 402 terrae¹?
1263 377 1283 399 »
1317 362 1415 404 Non

25 426 86 471 ibi
106 425 224 471 videt
259 445 268 471 ε
299 445 320 469 «
345 427 833 482 Commemorabuntur,
862 437 905 472 et
921 438 1232 473 convertentur
1254 429 1309 473 ad
1328 433 1416 474 Do-

28 515 50 539 »
84 497 252 541 minum
274 496 464 542 universi
481 498 589 542 fines
612 507 759 553 terrae,
785 507 829 542 et
847 497 1094 543 adorabunt
1110 498 1155 542 in
1178 509 1414 559 conspectu

22 584 50 609 .»
84 567 176 628 ejus
210 567 421 612 universae
447 568 599 627 patriae
631 569 884 628 gentium2?
909 587 929 610 »
966 569 1010 614 Si
1043 568 1163 614 vides
1196 570 1258 614 ibi
1283 571 1415 615 totius

25 638 141 685 orbis
162 638 372 684 unitatem
385 674 396 694 ‚
421 639 529 700 quid
550 638 664 684 foras
685 638 798 700 fugis
824 649 875 685 ut
891 656 981 685 non
999 640 1141 686 solum
1163 640 1253 700 ipse
1275 641 1416 701 patia—

25 710 106 766 ris,
131 726 283 756 verum
297 720 342 755 et
357 710 450 755 aliis
467 710 596 756 facias
618 711 887 756 caecitatem?
912 731 930 753 «
948 712 1033 766 Qui
1054 711 1264 757 videbant
1286 729 1372 768 me,
1391 732 1411 755 »

23 781 71 826 id
97 791 182 838 est,
207 782 284 843 qui
305 791 518 827 noverant
539 781 646 842 quid
673 782 728 826 sit
747 781 939 827 Ecclesia
953 818 964 837 ,
985 783 1061 844 qui
1083 799 1176 827 eam
1198 784 1242 828 in
1268 784 1415 844 Scrip-

18 852 132 898 -turis
150 853 452 908 intuebantur,
480 872 500 895 «
522 856 654 897 Foras
673 851 883 912 fugerunt
903 869 927 896 a
947 869 1061 897 me.»
1089 855 1254 899 Putatis
1276 855 1410 910 enim,

23 922 308 987 fratresmei,
333 923 433 984 quia
452 922 514 967 illi
536 939 686 968 omnes
708 923 784 983 qui
800 922 1002 969 fecerunt
1023 925 1204 969 haereses
1223 941 1300 985 per
1317 924 1414 970 loca

25 1003 70 1039 et
89 1002 254 1054 partes,
291 1009 381 1038 non
411 1003 625 1037 noverant
646 993 692 1037 in
716 993 946 1053 Scripturis
970 995 1061 1049 Dei,
1091 995 1192 1055 quia
1221 994 1414 1040 Ecclesia

23 1080 115 1110 non
144 1073 208 1109 est
235 1063 441 1124 praedicta
477 1064 558 1108 nisi
586 1073 679 1108 toto
710 1073 924 1108 terrarum
955 1065 1060 1108 orbe
1096 1065 1280 1109 diffusa?
1304 1069 1414 1109 Vere

22 1136 123 1180 dico
163 1135 375 1180 Charitati
399 1137 563 1178 Vestrae
597 1138 758 1179 :Certe
786 1149 936 1180 omnes
971 1135 1206 1180 Christiani
1239 1152 1409 1191 sumus,

21 1206 91 1252 vel
114 1206 346 1252 Christiani
369 1221 518 1250 omnes
540 1205 742 1259 dicimur,
764 1215 807 1250 et
829 1222 978 1250 omnes
1002 1207 1162 1251 Christi
1179 1207 1301 1265 signo
1324 1208 1410 1266 sig-

21 1293 179 1322 namur
199 1297 208 1322 :
231 1277 458 1321 obscurius
487 1275 693 1320 dixerunt
716 1277 945 1336 Prophetae
974 1277 1028 1321 de
1051 1278 1224 1322 Christo
1239 1313 1250 1332 ,
1277 1294 1410 1338 quam

21 1348 78 1393 de
110 1348 301 1393 Ecclesia
340 1367 348 1392 :
384 1356 492 1407 puto
520 1356 747 1407 propterea
780 1348 881 1407 quia
913 1347 1121 1392 videbant
1151 1349 1196 1392 in
1227 1349 1410 1408 Spiritu,

21 1428 174 1464 contra
195 1417 432 1463 Ecclesiam
456 1418 654 1462 homines
686 1416 877 1462 facturos
903 1433 992 1462 esse
1013 1418 1266 1477 particulas,
1293 1428 1336 1462 et
1358 1418 1412 1463 de

21 1489 196 1536 Christo
223 1504 314 1533 non
336 1497 501 1533 tantam
521 1487 641 1532 litem
665 1488 915 1543 habituros,
940 1489 996 1532 de
1025 1489 1214 1533 Ecclesia
1236 1505 1413 1548 magnas

23 1560 326 1606 contentiones
343 1560 617 1604 excitaturos.
645 1557 750 1604 Ideo
763 1559 873 1603 illud
896 1559 1014 1603 unde
1032 1561 1215 1620 majores
1226 1559 1322 1605 lites
1338 1560 1409 1605 fu-

23 1641 134 1677 turae
143 1640 282 1685 erant,
297 1629 469 1690 planius
481 1629 736 1690 praedictum
751 1639 793 1673 et
804 1630 994 1689 apertius
1005 1631 1317 1691 prophetatum
1327 1641 1406 1687 est,

23 1712 73 1748 ut
94 1702 372 1763 adjudicium
396 1701 480 1746 illis
496 1700 725 1761 valeatqui
740 1700 959 1755 viderunt,
986 1711 1030 1745 et
1046 1700 1159 1746 foras
1182 1700 1406 1761 fugerunt.

80 1776 159 1819 IX.
194 1772 394 1833 Exempli
428 1772 580 1832 gratia,
617 1787 752 1816 unum
782 1773 1148 1818 commemorabo.
1190 1773 1411 1817 Abraham

23 1854 145 1906 pater
181 1853 327 1895 noster
361 1843 468 1898 fuit,
503 1859 593 1888 non
618 1852 796 1903 propter
824 1843 1110 1903 propaginem
1141 1843 1303 1898 carnis,
1337 1843 1412 1888 sed

23 1925 201 1977 propter
221 1915 509 1960 imitationem
524 1913 642 1967 fidei,
658 1915 799 1974 justus
818 1923 860 1957 et
872 1913 1047 1972 placens
1060 1917 1166 1968 Deo,
1186 1929 1262 1973 per
1279 1914 1412 1958 fidem

23 1988 213 2048 suscepit
233 1986 374 2031 filiurn
395 1985 475 2030 sibi
492 1985 751 2045 promissum
778 1988 895 2028 Isaac
917 1983 972 2028 de
995 1987 1097 2030 Sara
1118 1985 1252 2029 sterili
1275 2001 1408 2029 uxore

21 2075 97 2104 sua
119 2059 163 2102 in
186 2066 408 2102 senectute
430 2072 505 2100 sua
559 2075 567 2100 :
589 2057 733 2116 jussus
752 2064 816 2099 est
837 2053 1062 2099 immolare
1088 2059 1177 2099 Deo
1207 2056 1409 2100 eumdem

21 2128 188 2184 filium,
213 2143 293 2172 nec
314 2126 554 2181 dubitavit,
581 2141 661 2170 nec
693 2124 971 2185 disceptavit,
1000 2140 1080 2169 nec
1104 2125 1159 2169 de
1182 2127 1306 2186 jussu
1334 2125 1410 2170 Dei

21 2198 284 2260 disputavit,
314 2213 396 2242 nec
412 2195 578 2241 malum
603 2196 774 2256 putavit
795 2195 915 2256 quod
928 2195 1084 2255 jubere
1116 2196 1306 2255 optimus
1328 2212 1410 2255 po-

22 2271 128 2329 tuit,
163 2270 285 2314 duxit
321 2268 458 2313 filium
495 2283 622 2312 suum
657 2267 712 2311 ad
752 2265 1091 2322 immolandum,
1128 2267 1336 2327 imposuit
1371 2267 1409 2310 ei

20 2339 138 2400 ligna
162 2339 383 2393 sacrificii,
419 2338 618 2398 pervenit
649 2337 704 2381 ad
725 2337 872 2381 locum
890 2371 903 2392 ,
938 2338 1073 2381 erexit
1106 2336 1330 2381 dexteram
1361 2345 1411 2380 ut

21 2419 290 2473 percuteret,
323 2425 374 2453 eo
396 2409 658 2469 prohibente
675 2408 900 2468 deposuit,
923 2424 1012 2468 quo
1030 2408 1214 2468 jubente
1233 2408 1409 2453 levave-

23 2483 137 2540 rat⁴3
161 2481 239 2543 qui
258 2484 633 2540 obtemperaverat
651 2488 701 2523 ut
717 2479 881 2532 feriret,
902 2479 1218 2537 obtemperavit
1235 2488 1284 2524 ut
1306 2495 1408 2540 par—

72 2575 80 2591 ¹
104 2567 182 2599 psal.
203 2579 237 2609 n,
252 2567 284 2600 8.
303 2583 344 2590 ——-
361 2572 376 2589 ²
392 2566 437 2598 ld.
459 2576 523 2606 ur,
540 2567 592 2597 28.
610 2582 651 2588 -
671 2563 684 2588 3
704 2567 783 2597 Gen.
805 2575 873 2605 xxi,
895 2573 924 2596 2.
946 2582 987 2587 —
1007 2563 1021 2594 4
1042 2565 1085 2596 ld.
1102 2576 1179 2606 xxii,
1197 2565 1227 2595 3.
