1833 3284
359 308 414 346 92
781 317 814 346 s.
851 315 1082 345 Aueusnm
1113 317 1294 346 Eprscom

360 383 540 426 brarum
567 380 712 439 locus,
736 382 839 442 quia
856 397 1006 426 omnes
1023 381 1168 437 etiam,
1194 383 1270 442 qui
1287 383 1378 443 jam
1401 380 1456 426 ad
1479 384 1616 426 Deum
1634 395 1742 426 eon-

358 454 468 497 versi
491 462 592 497 sunt
607 488 618 507 ,
645 455 689 497 in
711 453 812 513 ipsis
830 453 989 498 semitis
1012 452 1370 508 ambulaverunt,
1406 462 1641 513 antequam
1669 467 1744 496 ac-

357 526 552 583 ciperent
569 540 593 567 a
615 527 705 568 Deo
725 525 906 583 gratiam
922 560 932 579 ,
957 540 1044 584 qua
1061 525 1268 584 justificat
1289 525 1499 584 impium:
1526 522 1744 584 numquid

357 595 436 638 scis
470 604 643 649 tamen,
684 595 785 655 quia
816 604 922 639 tunc
955 594 1035 638 tibi
1059 594 1196 639 extitit
1221 610 1349 639 causa
1385 593 1627 638 mortaliter
1652 609 1746 637 nas-

358 665 485 710 cendi
508 666 553 709 in
578 666 660 710 hoe
683 665 863 720 saeculo,
892 681 992 711 cum
1017 664 1189 710 easdem
1212 667 1383 710 semitas
1406 666 1597 710 inierunt
1615 664 1747 725 primi

358 737 553 782 omnium
572 737 801 782 hominum
821 746 1035 797 parentes,
1057 737 1134 797 qui
1149 738 1501 797 praevaricatione
1511 737 1633 796 impii
1650 751 1745 781 ma-

357 807 487 850 nibus
518 816 562 850 et
591 807 732 851 verbis
755 808 1044 853 accersierunt
1064 817 1250 852 mortem
1268 844 1278 863 ,
1299 818 1349 853 ut
1370 824 1520 853 omnes
1542 808 1588 851 in
1604 805 1746 851 Adam

357 880 661 922 morerentur?
684 881 782 923 Non
804 880 919 923 enim
945 895 996 923 ex
1018 895 1106 939 quo
1128 879 1313 940 quisque
1335 880 1380 923 in
1401 879 1483 924 hac
1501 879 1589 922 vita
1611 873 1748 938 appa-

357 948 459 1002 ruit,
481 948 802 1007 computandus
821 958 885 994 est
896 965 1103 994 numerus
1122 965 1338 994 annorum
1355 951 1445 1010 ejus
1462 958 1552 994 tam
1570 964 1744 1008 parvus,

356 1018 433 1063 sed
456 1035 506 1063 cx
534 1035 622 1080 quo
644 1018 758 1065 facta
777 1030 841 1065 est
862 1022 1001 1080 prima
1023 1021 1216 1066 mortalis
1235 1021 1451 1066 nativitas.
1475 1022 1587 1066 Cum
1606 1019 1746 1074 enim,

354 1090 479 1134 verbi
500 1091 657 1148 gratia,
683 1100 811 1136 natus
832 1101 896 1136 est
919 1093 1139 1137 Abraham
1155 1127 1166 1147 ,
1192 1101 1298 1137 tunc
1322 1107 1472 1137 omnes
1493 1091 1539 1134 in
1560 1089 1637 1134 illo
1660 1093 1751 1134 He-

355 1160 462 1204 braei
479 1161 568 1205 nati
587 1171 702 1206 sunt.
729 1165 946 1207 Numerus
966 1178 1069 1222 ergo
1089 1178 1305 1207 annorum
1323 1162 1562 1222 unicuique
1584 1159 1750 1205 multus

355 1240 419 1274 est
445 1231 689 1275 secundum
717 1232 991 1278 mortalitatis
1020 1233 1262 1292 originem,
1299 1249 1401 1294 quae
1429 1241 1578 1276 exorta
1606 1241 1670 1276 est
1701 1231 1748 1275 in

354 1301 516 1346 semitis
533 1302 783 1362 impiorum.
810 1303 915 1356 Quis
938 1312 1084 1347 autem
1107 1303 1307 1348 meminit
1324 1302 1455 1347 fuisse
1469 1318 1530 1357 se,
1551 1311 1627 1346 aut
1648 1317 1751 1346 cum

355 1381 483 1427 esset,
510 1373 617 1417 scire
633 1375 779 1433 potuit
800 1389 890 1418 esse
918 1374 963 1417 in
985 1372 1147 1418 lumbis
1175 1374 1307 1433 patris
1337 1374 1438 1418 sui?
1460 1371 1754 1432 Quandoqui-

353 1442 455 1485 dem
478 1458 558 1486 nec
580 1443 691 1487 illud
714 1453 886 1503 tempus
904 1445 1136 1505 quisquam
1153 1442 1362 1498 recoluit,
1383 1459 1472 1504 quo
1495 1459 1585 1488 non
1604 1445 1651 1488 in
1669 1459 1750 1503 pa-

353 1513 567 1568 rentibus,
589 1513 665 1558 sed
682 1514 727 1558 in
750 1529 794 1558 se
811 1515 904 1574 ipso
918 1524 1045 1559 natus
1063 1524 1149 1572 est3
1167 1530 1256 1575 quo
1276 1524 1472 1574 tempore
1488 1523 1605 1558 certe
1621 1529 1752 1558 nemo

352 1582 551 1638 dubitat,
577 1585 699 1645 quod
723 1587 816 1646 jam
839 1595 930 1630 erat
946 1621 957 1641 ,
988 1595 1031 1630 et
1052 1586 1247 1641 vivebat,
1273 1595 1318 1630 et
1338 1585 1567 1630 sentiebat.
1593 1585 1752 1630 Omnia

353 1664 502 1698 autem
525 1655 604 1699 scit
622 1655 694 1700 illa
720 1657 937 1715 Sapientia
955 1693 965 1711 ‚
983 1673 1083 1717 quae
1102 1656 1263 1701 format
1280 1657 1425 1701 omnia
1440 1692 1451 1711 ,
1471 1672 1562 1701 non
1580 1665 1754 1701 tantum

353 1723 427 1768 illa
452 1725 794 1784 supercoelestia,
820 1726 896 1771 sed
909 1728 1039 1771 etiam
1061 1728 1138 1771 ista
1162 1727 1375 1772 mortalia.
1403 1730 1460 1771 Et
1479 1728 1583 1786 quia
1600 1727 1754 1772 Chris·
1817 1717 1820 1779 Ξ

353 1804 423 1839 tus
456 1796 531 1839 Dei
565 1796 701 1840 virtus
736 1806 800 1841 est
828 1807 871 1841 et
900 1798 978 1841 Dei
1008 1798 1225 1857 Sapientia
1245 1801 1277 1852 1,
1309 1798 1388 1842 scit
1425 1797 1505 1841 ista
1543 1797 1642 1852 ille,
1675 1798 1753 1858 qui
1818 1785 1819 1792 ἵ

352 1866 482 1909 etiam
506 1866 747 1911 mortaliter
768 1877 898 1912 natus
920 1877 984 1912 est
999 1903 1010 1923 ,
1036 1884 1127 1912 non
1150 1866 1402 1912 conditione
1423 1867 1620 1923 mortali,
1646 1868 1752 1928 quia
1816 1862 1818 1910 l

351 1935 398 1979 in
419 1937 600 1980 mortuis
629 1936 755 1993 liber,
790 1938 865 1981 secl
891 1938 1166 1982 miseratione
1188 1938 1440 1982 mortalium
1456 1973 1466 1993 ,
1493 1948 1544 1982 ut
1566 1955 1590 1982 a
1611 1947 1753 1982 morte
1816 1944 1817 1951 ’

351 2006 514 2049 faceret
530 2006 704 2051 liberos.
728 2026 748 2050 α
768 2011 858 2052 Aut
869 2008 1026 2052 venisti
1049 2008 1095 2051 in
1117 2007 1329 2052 thesauris
1350 2008 1523 2051 nivis‘2?
1544 2026 1564 2049 υ
1590 2007 1636 2051 id
1659 2017 1749 2063 est,

351 2075 408 2119 ad
437 2091 532 2120 eam
564 2077 860 2135 cognitionem
887 2078 1149 2137 pervenisti,
1179 2078 1291 2122 sieut
1323 2077 1397 2121 ille
1430 2077 1590 2122 sciebat
1618 2077 1751 2121 etiam

352 2157 620 2206 opportunas
665 2164 815 2192 causas
857 2149 1184 2193 imminentium
1218 2147 1522 2193 scandalorum
1566 2158 1752 2193 secretas

351 2226 482 2277 atque
505 2217 688 2262 abditas.
714 2221 824 2264 Nam
841 2219 944 2263 inde
961 2218 1152 2278 appellat
1174 2220 1423 2274 thesauros,
1449 2218 1505 2263 ad
1522 2218 1752 2279 probanda

350 2296 394 2331 et
430 2287 668 2333 exercenda
701 2289 963 2348 spiritalium
994 2289 1126 2334 corda
1158 2304 1260 2333 eum
1297 2289 1558 2334 exclamaret
1598 2309 1607 2334 :
1639 2291 1749 2333 «Vae

354 2377 372 2398 υ
408 2359 576 2403 mundo
600 2375 624 2403 a
646 2359 875 2404 scandalis.
903 2361 1088 2420 Oportet
1109 2360 1227 2404 enim
1252 2360 1398 2404 venire
1426 2359 1658 2417 scandala,
1682 2374 1750 2404 vae

354 2445 374 2468 »
410 2437 556 2471 autem
585 2428 648 2472 illi
682 2429 849 2473 homini
885 2445 963 2489 per
990 2445 1123 2490 quem
1152 2429 1406 2475 scandalum
1430 2430 1630 2474 venit3.»
1668 2433 1750 2473 Per

349 2499 598 2558 superbiam
619 2501 781 2560 quippe
804 2500 903 2544 elati
924 2501 970 2545 in
993 2500 1080 2545 alto
1097 2536 1107 2555 ,
1128 2516 1248 2544 more
1270 2501 1379 2544 nivis
1401 2499 1717 2559 congelascunt
1731 2536 1742 2555 ,

350 2579 394 2613 et
424 2569 616 2629 cadunt3
650 2587 700 2615 ex
729 2587 919 2632 quorum
946 2572 1175 2633 iniquitate
1211 2570 1464 2616 abundante
1494 2570 1766 2628 refrigescat·

401 2662 408 2677 ¹
432 2667 441 2687 1
461 2658 532 2688 Cor.
555 2668 577 2696 t,
597 2656 650 2698 94.
674 2675 714 2680 —-
730 2664 741 2679 ²
761 2657 990 2698 Job.xxw111‚
1009 2666 1063 2690 22.
1090 2674 1129 2680 -—-
1153 2656 1165 2679 3
1184 2657 1296 2689 Matth.
1319 2668 1409 2698 xvm,
1433 2668 1468 2698 7.
