1833 3284
207 295 450 324 mannum
483 296 515 323 11
548 297 593 324 m·
626 296 829 324 rsALMUM
861 297 978 335 xxx,
1012 292 1138 324 snam.
1175 296 1223 323 11.
1325 282 1415 323 409

30 382 51 407 »
85 377 175 407 esse
214 377 315 407 cum
337 361 537 413 Christo;
567 360 707 406 multo
737 361 854 405 enim
883 361 1019 419 magis
1040 361 1256 421 optimum
1284 379 1294 406 ε
1321 376 1415 404 ma-

28 452 50 477 »
83 448 187 477 nere
238 441 384 478 autem
421 432 466 476 in
507 447 636 476 carne
678 431 965 476 necessarium
1009 441 1187 492 propter
1228 447 1305 476 vos
1330 434 1360 475 ¹.
1390 450 1411 473 »

25 501 212 559 Quando
225 511 373 548 autem
393 501 513 548 videt
527 503 660 547 homo
681 519 732 547 ex
748 502 1070 562 dispensatione
1092 519 1168 547 sua
1181 537 1192 557 ,
1218 518 1270 546 ex
1290 501 1416 546 labo-

24 574 144 620 ribus
166 574 252 619 suis
268 609 279 630 ,
304 589 354 618 ex
375 573 686 634 praedicatione
708 590 783 618 sua
801 609 812 628 ,
838 589 926 618 non
949 574 1160 634 proficere
1183 574 1382 618 homines
1399 609 1410 628 ‚

23 644 270 690 infirmatur
285 645 331 689 in
353 652 540 703 egestate
555 644 644 690 vita
665 644 867 689 hominis.
895 646 1005 688 Vere
1027 642 1280 688 miserabilis
1298 659 1416 703 eges-

23 725 87 762 tas
107 725 151 761 et
165 714 299 760 fames
315 735 325 760 ι
341 714 702 776 quandoquidem
725 730 812 770 eos,
833 731 942 775 quos
967 715 1153 760 Domino
1174 713 1410 769 lucramur,

22 785 214 848 quodam
227 785 360 832 modo
382 786 621 831 manducat
634 785 839 831 Ecclesia.
857 785 971 840 Quid
987 795 1050 830 est
1072 785 1338 831 manducat?
1362 789 1414 830 In

21 873 179 918 corpus
214 873 343 902 suum
381 857 568 918 trajicit,
593 856 808 918 quidquid
850 857 965 901 enim
995 857 1308 902 manducamus
1324 893 1334 912 ,
1369 857 1413 902 in

21 944 178 989 corpus
200 938 399 974 nostrum
422 929 673 990 trajicimus.
703 932 796 973 Hoc
808 929 897 988 agit
915 927 1106 973 Ecclesia
1123 944 1198 989 per
1218 938 1410 986 sanctos,

20 999 152 1043 esurit
169 1014 278 1060 quos
289 998 449 1043 lucrari
460 998 571 1054 vult,
592 1008 635 1043 et
648 1015 757 1060 quos
774 998 940 1044 lucrata
954 997 1083 1043 fuerit
1101 998 1248 1060 aliquo
1261 998 1409 1055 modo,

19 1069 257 1116 manducat
267 1070 460 1131 quodam
480 1069 628 1115 modo.
647 1072 780 1131 Cujus
798 1085 1025 1130 personam
1044 1070 1222 1130 gerebat
1241 1073 1409 1126 Petrus,

18 1140 243 1203 quandoei
255 1142 310 1186 dc
320 1140 432 1187 coelo
441 1142 677 1187 submissus
694 1152 756 1187 est
769 1142 911 1187 discus
926 1142 1080 1202 plenus
1096 1143 1299 1187 omnibus
1316 1143 1412 1186 ani-

18 1211 204 1258 malibus
216 1212 593 1274 quadrupedibus,
614 1214 903 1273 serpentibus,
915 1223 958 1258 et
967 1212 1218 1257 volatilibus
1230 1233 1237 1258 :
1250 1213 1412 1274 quibus

19 1283 249 1344 generibus
268 1299 417 1328 omnes
435 1293 583 1343 gentes
598 1284 911 1343 significantur.
931 1285 1243 1342 Praefigurabat
1260 1286 1410 1329 Domi-

17 1370 99 1399 nus
117 1354 370 1410 Ecclesiam,
388 1354 509 1415 quod
523 1370 674 1399 omnes
689 1364 836 1413 gentes
849 1364 940 1399 erat
954 1364 1294 1410 transvoratura,
1310 1354 1411 1399 etin

17 1440 175 1485 corpus
197 1440 324 1469 suum
348 1440 607 1470 conversura
631 1444 638 1470 ι
661 1434 702 1469 et
725 1425 783 1469 ait
803 1429 930 1469 Petro
954 1445 962 1471 :
996 1446 1016 1468 «
1033 1429 1172 1470 Macta
1187 1462 1198 1482 ,
1225 1435 1268 1469 ct
1282 1441 1422 1469 man--

22 1515 41 1538 »
76 1496 189 1540 duca
203 1499 235 1539 ².
253 1496 290 1540 O
306 1494 495 1540 Ecclesia
509 1531 519 1550 ,
544 1496 656 1554 (hoc
669 1504 732 1540 est
747 1531 757 1551 ,
777 1499 901 1540 Petre
913 1532 924 1551 ,
945 1497 1048 1556 quia
1062 1512 1191 1556 super
1206 1497 1318 1540 hanc
1330 1511 1409 1556 pc-

21 1585 40 1608 »
75 1575 186 1611 tram
203 1565 430 1611 aedificabo
444 1565 680 1611 Ecclesiam
700 1582 841 1611 meam
853 1569 914 1624 ³³,)
931 1576 1071 1611 macta
1085 1577 1128 1612 et
1145 1567 1405 1611 manduca.»

18 1638 141 1683 Prius
165 1648 328 1694 macta,
371 1647 414 1683 et
438 1639 498 1682 sic
524 1637 763 1696 manduca,
795 1637 943 1682 occide
970 1637 1090 1698 quod
1114 1647 1238 1693 sunt,
1273 1648 1315 1683 et
1340 1638 1410 1682 fac

15 1708 135 1770 quod
159 1725 218 1754 es.
244 1711 357 1754 Cum
379 1724 480 1767 ergo
502 1708 765 1768 praedicatur
788 1708 1076 1767 Evangelium
1092 1745 1102 1763 ,
1125 1718 1168 1753 et
1191 1708 1310 1753 videt
1334 1709 1409 1769 qui

14 1780 225 1841 praedicat
241 1796 331 1825 non
348 1781 558 1840 proficere
570 1780 786 1834 homines,
802 1795 936 1840 quare
951 1795 1040 1824 non
1057 1779 1216 1824 clamet
1233 1800 1242 1825 ι
1263 1799 1282 1821 «
1296 1782 1410 1833 Quo-

18 1868 40 1893 »
70 1850 187 1895 niam
212 1850 373 1895 defecit
406 1851 452 1894 in
474 1850 626 1895 dolore
643 1850 731 1894 vita
754 1865 849 1894 mea
866 1886 876 1905 ,
903 1859 946 1894 et
969 1850 1070 1894 anni
1095 1851 1179 1894 mei
1202 1850 1248 1893 in
1271 1851 1408 1909 gemi-

17 1938 40 1964 »
74 1921 191 1965 tibus
220 1941 229 1965 :
247 1921 497 1965 Infirmatus
511 1930 575 1965 est
587 1921 632 1964 in
645 1929 833 1979 egestate
852 1921 974 1979 vigor
988 1936 1107 1964 meus
1120 1956 1130 1974 ,
1150 1929 1193 1964 ct
1208 1936 1300 1965 ossa
1313 1935 1409 1965 mea

19 2010 40 2035 »
74 1992 334 2037 conturbata
351 1993 506 2035 sunt4?
531 2010 550 2032 »
578 1992 694 2036 Anni
710 1991 844 2036 nostri
867 1992 951 2046 isti,
973 2007 1082 2052 quos
1097 1991 1167 2035 hic
1185 1990 1404 2046 ducimus,

15 2064 59 2109 in
69 2056 303 2122 gemitibus
316 2072 432 2108 sunt.
447 2061 592 2108 Unde?
611 2082 630 2104 «
645 2063 754 2116 Quia
767 2062 1006 2107 abundavit
1020 2063 1242 2123 iniquitas,
1263 2061 1408 2107 refris-

19 2153 40 2177 »
75 2134 136 2179 cit
158 2134 345 2179 charitas
367 2133 608 2178 multorum
625 2136 656 2177 ⁵.
684 2152 704 2174 »
729 2136 781 2177 In
803 2132 1058 2192 gemitibus,
1088 2148 1177 2177 non
1204 2133 1249 2176 in
1279 2132 1405 2177 claris

15 2204 211 2250 vocibus.
238 2203 426 2258 Quando
447 2203 566 2248 videt
586 2202 779 2248 Ecclesia
799 2202 960 2247 multos
978 2204 1024 2247 in
1044 2218 1297 2263 perversum
1320 2204 1404 2257 ire,

16 2274 203 2335 gemitus
224 2290 323 2319 suos
352 2273 534 2319 devorat
556 2273 674 2334 apud
699 2289 768 2329 se,
793 2284 844 2318 ut
876 2274 993 2319 dicat
1015 2277 1105 2319 Deo
1136 2294 1144 2319 ;
1177 2274 1406 2317 «Gemitus

17 2362 38 2387 »
73 2338 203 2390 meus
237 2361 328 2390 non
353 2354 416 2389 est
451 2344 734 2390 absconditus
756 2361 780 2389 a
803 2346 886 2388 tefi.
911 2364 930 2386 »
960 2348 1011 2389 In
1039 2344 1124 2389 alio
1145 2343 1315 2389 Psalmo
1337 2343 1406 2388 di-

14 2415 139 2471 citur,
164 2416 240 2460 sed
254 2415 454 2474 congruit
473 2415 576 2460 huic
594 2435 602 2460 ε
621 2425 664 2460 et
685 2416 768 2460 hoc
789 2424 853 2460 est
864 2415 1032 2471 dicere,
1052 2416 1248 2460 Gemitus
1264 2430 1403 2470 meus,

13 2487 92 2532 etsi
112 2487 389 2532 absconditus
406 2496 469 2532 est
491 2487 546 2532 ab
569 2487 843 2541 hominibus,
867 2504 890 2531 a
910 2497 951 2531 te
970 2503 1059 2532 non
1082 2497 1147 2532 est
1169 2486 1405 2532 abscondi-

63 2590 70 2607 ¹
91 2583 201 2626 Philip.
219 2596 245 2625 r,
259 2585 315 2626 23,
334 2584 389 2627 24.
406 2601 442 2608 —
459 2591 472 2608 ²
499 2587 572 2617 Act.
593 2595 626 2624 x,
649 2585 698 2617 13.
718 2601 760 2607 —-
776 2583 789 2607 3
809 2585 923 2617 Manli.
948 2596 1019 2626 xvi,
1048 2585 1097 2617 18.
1121 2602 1162 2607 —-
1176 2584 1192 2615 4
1219 2585 1301 2616 Psal.
1327 2595 1403 2623 xxx,

20 2649 71 2671 ιι.
91 2656 132 2662 -—
155 2637 169 2661 ⁵
185 2640 295 2671 Manli.
313 2650 401 2681 xxiv,
426 2649 476 2672 12.
494 2657 534 2661 —
549 2637 564 2660 ‘3
583 2639 658 2671 Psat.
682 2650 802 2682 xxxvii,
827 2651 876 2671 ιο.
