1833 3284
430 267 670 311 ENAimAno
703 271 747 296 IN
780 267 983 297 PsALML‘M
1016 270 1080 295 111.
1364 258 1442 298 131

65 333 162 378 dica
194 333 327 378 verba
353 347 528 389 eorum,
556 333 646 377 sive
674 333 939 393 principatus
971 334 1017 377 in
1048 332 1221 377 irritum
1252 333 1446 379 deducti.

65 402 242 450 Credite
271 418 375 464 ergo
392 403 616 459 homines,
640 404 761 464 quod
786 403 990 448 «Domini
1008 413 1071 447 est
1092 403 1205 449 salus
1229 423 1238 448 z
1259 414 1327 460 et,
1357 424 1375 447 »
1402 414 1454 449 tu

65 475 250 520 Domine
261 509 273 531 ‚
297 493 316 516 «
335 475 399 521 Sit
411 490 540 536 super
555 474 769 535 populum
790 485 918 520 tuum
930 474 1179 520 benedictio
1196 484 1272 520 tua
1287 478 1317 519 1.
1341 496 1360 518 »

123 548 182 590 X.
217 549 366 591 Potest
380 547 511 591 etiam
538 546 843 607 unusquisque
859 555 1056 592 nostrum
1079 546 1247 601 dicere,
1268 562 1370 591 cum
1389 547 1456 593 vi-

68 616 230 661 tiorum
247 626 292 662 et
307 615 597 677 cupiditatum
613 616 852 662 multitudo
869 618 1134 663 resistentem
1158 626 1349 662 mentem
1372 617 1458 663 du·-

68 687 129 733 cit
150 687 197 731 in
215 686 313 747 lege
332 688 526 748 peccati,
555 689 770 733 «Domine
783 723 795 743 ,
823 688 930 749 quid
953 687 1231 748 multiplicati
1259 698 1363 733 sunt
1382 690 1459 750 qui

75 777 93 800 »
128 756 342 803 tribulant
368 774 467 814 me,
498 758 627 803 multi
653 759 888 818 insurgunt
920 759 1151 804 adversum
1185 775 1254 804 me
1277 762 1310 804 2.
1340 781 1359 802 »
1401 763 1459 804 Et

68 829 278 890 quoniam
297 828 557 891 plerumque
579 830 907 888 coacervatione
933 830 1141 875 vitiorum
1159 831 1356 891 subrepit
1380 830 1458 876 de-

71 899 258 960 speratio
279 901 473 952 sanitatis
489 937 499 957 ,
527 910 737 962 tanquam
759 902 860 962 ipsis
883 901 997 946 vitiis
1023 901 1334 947 insultantibus
1366 903 1460 947 ani-

71 986 180 1027 mae,
201 970 272 1016 vel
300 971 431 1016 etiam
452 971 631 1017 diabolo
655 981 699 1016 et
720 971 880 1030 angelis
902 973 995 1032 ejus
1020 987 1098 1032 per
1120 972 1270 1017 noxias
1291 987 1464 1032 sugges-

72 1041 238 1097 tiones,
273 1051 325 1087 ut
355 1042 653 1102 desperemus,
682 1042 990 1100 operantibu33
1024 1044 1242 1088 verissime
1272 1045 1459 1100 dicitur,

78 1130 98 1152 «
132 1112 263 1158 Multi
279 1112 435 1159 dicunt
450 1114 606 1158 animae
622 1129 730 1158 meae
745 1117 861 1160 :Non
879 1123 943 1158 est
963 1113 1077 1159 salus
1093 1114 1158 1159 illi
1173 1115 1219 1158 in
1241 1118 1331 1160 Deo
1352 1117 1460 1176 ejus.

79 1202 98 1225 »
134 1186 200 1227 Tu
213 1193 375 1240 autem,
390 1185 590 1239 Domine,
613 1193 835 1244 susceptor
847 1200 969 1229 meus
987 1187 1064 1229 es3.
1076 1205 1093 1226 »
1116 1188 1220 1230 Haec
1234 1187 1350 1230 enim
1369 1202 1465 1246 spes

76 1262 162 1309 est,
182 1253 304 1314 quod
317 1263 517 1298 naturam
530 1255 767 1298 humanam
787 1255 833 1298 in
850 1255 1021 1299 Christo
1037 1255 1252 1315 suscipere
1265 1256 1467 1316 dignatus

79 1334 157 1369 est.
184 1324 362 1381 «Gloria
378 1340 473 1370 mea
490 1345 499 1369 :
515 1345 533 1367 »
560 1341 611 1370 ex
632 1325 706 1370 illa
728 1325 877 1385 regula
891 1361 902 1381 ‚
922 1342 978 1371 ne
1001 1327 1097 1387 quis
1119 1327 1200 1371 sibi
1218 1326 1384 1389 aliquid
1397 1330 1469 1374 tri-

80 1396 202 1440 buat.
228 1414 246 1436 «
287 1399 345 1440 Et
374 1395 566 1441 exaltans
592 1405 726 1456 caput
749 1412 920 1442 meum:
948 1417 966 1439 »
992 1398 1080 1442 sive
1105 1398 1248 1458 ipsum
1280 1401 1356 1461 qui
1380 1416 1470 1445 om-

81 1467 206 1512 nium
250 1476 450 1512 nostrum
481 1482 614 1527 capus
644 1476 734 1522 est,
772 1468 860 1511 sive
888 1469 1234 1530 uniuscujusque
1271 1481 1470 1516 nostrum

79 1538 277 1598 spiritum
295 1573 306 1593 ,
334 1537 455 1598 quod
476 1546 610 1597 caput
638 1546 701 1581 est
723 1537 879 1582 animae
901 1548 944 1582 et
962 1540 1116 1583 carnis.
1157 1560 1174 1578 «
1192 1542 1337 1600 Caput
1357 1543 1473 1587 enim

82 1628 104 1652 »
138 1609 332 1654 mulieris
349 1609 431 1664 vir,
451 1618 495 1653 et
521 1617 653 1668 caput
673 1608 753 1653 viri
776 1607 1014 1653 Christus&
1036 1630 1053 1651 >2
1079 1610 1310 1656 Exaltatur
1327 1623 1474 1660 autem

80 1696 226 1737 mens,
254 1695 356 1725 cum
368 1681 460 1740 jam
485 1677 572 1723 dici
587 1688 729 1739 potest
751 1699 758 1723 :
786 1682 963 1724 «Mente
986 1680 1124 1726 servio
1140 1681 1225 1740 legi
1247 1684 1366 1741 Dei5,
1385 1706 1401 1727 >›
1424 1696 1475 1731 ut

81 1761 237 1797 caetera
260 1750 448 1796 hominis
475 1758 628 1810 pacata
652 1749 914 1804 subdantur,
942 1766 1041 1794 cum
1057 1752 1147 1811 jam
1169 1755 1307 1798 carnis
1329 1772 1474 1802 resur-

82 1823 275 1868 rectione
307 1820 566 1866 absorbetur
588 1836 703 1865 mors
730 1819 777 1863 in
801 1820 1074 1865 victoriamfi.
1107 1842 1123 1861 «
1145 1826 1262 1869 Voce
1293 1842 1388 1872 mea
1420 1829 1476 1875 ad

90 1888 109 1937 »'
143 1893 381 1939 Dominum
410 1891 618 1937 clamavi:
650 1913 667 1933 »
695 1906 799 1935 voce
830 1889 903 1935 illa
927 1891 1079 1937 intima
1104 1903 1148 1938 et
1171 1894 1474 1944 intentissima.

36 1987 44 1991 α
91 1983 109 2005 «
144 1966 203 2008 Et
231 1962 449 2008 exaudivit
472 1977 542 2006 me
580 1961 635 2005 de
658 1970 809 2005 monte
832 1971 980 2005 sancto
1009 1978 1087 2006 suo
1120 1983 1128 2006 :
1160 1986 1175 2004 »
1205 1966 1260 2010 de
1282 1967 1376 2026 ipso
1400 1985 1477 2029 per

87 2049 222 2095 quem.
242 2033 368 2078 nobis
382 2030 586 2076 subvenit
598 2066 609 2085 ,
630 2040 674 2075 et
692 2047 780 2091 quo
794 2029 1031 2075 mediatore
1046 2048 1123 2076 nos
1137 2036 1329 2080 exaudit.
1354 2058 1370 2077 «
1384 2042 1478 2099 Ego

94 2123 113 2147 2>
148 2103 334 2148 dormivi
357 2112 401 2147 et
420 2117 623 2147 somnum
654 2101 772 2160 cepi3
801 2110 844 2144 et
866 2102 1078 2157 exurrexi,
1105 2105 1314 2163 quoniam
1338 2111 1480 2155 Domi-

94 2193 114 2218 »
149 2191 233 2219 nus
264 2174 469 2235 suscipiet
494 2188 565 2217 me
579 2174 611 2216 ⁷.
632 2191 653 2213 »
683 2173 788 2226 Quis
809 2172 894 2217 hoc
915 2188 1006 2217 non
1027 2184 1168 2233 potest
1191 2176 1388 2224 fidelium
1412 2181 1483 2226 di-

91 2261 213 2301 cere,
253 2244 449 2290 recolens
481 2252 668 2288 mortem
695 2252 974 2302 peccatorum
1001 2260 1206 2303 suorum,
1243 2258 1285 2293 et
1316 2249 1484 2296 donum

92 2315 462 2376 regenerationis?
485 2333 506 2356 «
520 2316 619 2359 Non
645 2313 810 2357 timebo
832 2313 965 2358 millia
988 2316 1140 2375 populi
1174 2318 1484 2368 circumdantis

96 2388 119 2430 ›'›
151 2389 263 2432 me8.
282 2406 302 2429 n
323 2386 526 2446 Exceptis
539 2386 606 2430 his
625 2401 725 2446 quae
747 2385 1047 2431 universaliter
1064 2388 1257 2435 Ecclesia
1277 2394 1486 2440 sustinuit

95 2467 140 2503 et
161 2458 365 2515 sustinet,
388 2457 524 2503 habet
546 2456 677 2501 etiam
698 2456 1000 2517 unusquisque
1022 2460 1303 2519 tentationes,
1325 2465 1487 2525 quibus

145 2562 156 2580 ¹
175 2555 257 2590 Psal.
272 2567 321 2596 m,
336 2567 370 2600 9.
386 2571 429 2578 -
449 2561 463 2578 ²
482 2553 563 2586 lbid.
585 2564 616 2586 2.
637 2569 679 2577 -—
700 2550 808 2586 ³1bid.
830 2553 864 2594 3,
887 2551 920 2595 4.
947 2571 989 2577 --
1006 2552 1022 2584 4
1044 2566 1056 2587 1
1077 2557 1150 2590 Cor.
1173 2568 1217 2598 xl,
1235 2557 1264 2591 3.
1295 2576 1330 2584 -
1346 2559 1362 2585 5
1384 2562 1481 2598 Rom,

101 2623 158 2655 vu,
173 2612 228 2646 25.
246 2628 289 2636 -·
305 2609 322 2634 6
342 2622 355 2644 1
377 2613 449 2645 eor.
470 2621 524 2650 xv,
543 2608 596 2651 54.
617 2626 657 2632 -’
675 2616 689 2642 7
705 2608 784 2642 Psai.
806 2620 854 2650 m,
876 2608 906 2641 5.
929 2627 970 2632 —
984 2608 999 2632 8
1017 2610 1099 2643 Ibid.
1116 2624 1147 2656 7.

1288 2672 1324 2711 9.
