1833 3284
416 260 658 292 ENARRATIO
690 262 736 290 nv
769 259 973 291 PsALth
1008 260 1102 290 xm.
1306 297 1308 299 ,
1367 249 1454 306 239

125 326 200 370 IV.
228 343 249 369 «
265 327 428 372 Omnes
439 326 787 384 declinaverunt,
808 325 937 372 simul
952 323 1130 370 inutiles
1144 322 1248 370 facti
1266 326 1386 370 sunt²
1406 345 1416 372 z
1434 344 1455 369 »

63 394 110 438 id
133 405 212 452 est,
239 396 382 443 Judaei
405 398 513 443 tales
534 397 638 444 facti
665 408 793 455 sunt,
824 396 974 459 quales
994 406 1038 441 et
1059 396 1242 452 Gentes,
1269 394 1324 441 de
1359 396 1462 459 qui-

65 465 148 510 bus
176 482 307 528 supra
334 467 504 515 dictum
525 479 604 515 est.
635 489 656 513 «
683 472 782 517 Non
804 478 868 514 est
895 469 972 531 qui
993 468 1123 514 faciat
1145 468 1313 513 bonum
1330 504 1340 524 ‚
1370 484 1462 514 non

0 548 2 553 ’
65 545 129 581 est
155 553 294 599 usque
331 539 388 585 ad
425 557 565 586 unum
586 545 606 568 '2
633 561 642 587 ε
682 559 702 582 »
739 540 936 586 similiter
963 549 1013 584 ut
1047 553 1177 599 supra
1209 538 1461 600 intelligen-

0 611 1 614 ’
65 607 173 652 dum
210 618 290 655 est.
332 630 353 654 «
391 611 649 673 Sepulcrum
689 622 842 673 patens
879 620 944 656 est
982 620 1135 671 guttur
1179 626 1332 655 eorum
1354 612 1393 655 ³.
1434 628 1457 652 »

0 1810 7 1842 ⁶—-
0 1602 8 1803 *war-⁴1

3 2165 11 2676 ——„...-———.—‚=———-—--—
2 2096 9 2161 ‚—»-a
2 2028 3 2031 „

64 681 154 723 Aut
187 681 397 727 voracitas
432 683 700 741 significatur
725 682 932 727 inhiantis
966 682 1080 741 gulae
1119 700 1128 727 :
1171 689 1247 726 aut
1274 680 1320 725 in
1349 681 1460 726 alle-

64 750 203 808 goria,
244 753 320 813 qui
351 753 558 799 occidunt
589 765 631 799 et
663 755 787 816 quasi
816 753 1028 799 devorant
1063 752 1316 798 interfectos
1355 768 1454 809 eos,

63 821 225 880 quibus
261 839 440 868 suorum
478 839 651 869 morum
689 825 1014 884 perversitatem
1053 823 1331 883 persuadent.
1375 822 1459 869 Cui

63 891 202 937 simile
227 905 291 939 est
318 910 342 939 e
370 895 588 940 contrario
622 896 744 956 quod
772 900 900 941 Petro
930 894 1098 940 dictum
1133 904 1198 939 est
1227 913 1235 939 :
1272 914 1292 937 «
1316 897 1460 939 Macta

66 980 88 1004 »
122 971 165 1007 et
182 964 436 1021 manduca4‚
458 985 466 1011 :
486 984 506 1007 n
526 974 575 1011 ut
592 966 636 1010 in
654 982 775 1011 suam
789 964 919 1010 fidem
936 975 979 1010 ct
994 965 1133 1010 bonos
1148 980 1289 1010 mores
1301 965 1462 1009 Gentes

61 1045 351 1081 converteret.
382 1057 402 1080 «
427 1038 607 1097 Linguis
630 1038 716 1083 suis
746 1037 895 1082 dolose
928 1036 1132 1096 agebant.
1161 1056 1181 1078 >›
1208 1038 1364 1082 Comes
1397 1044 1462 1080 est

61 1107 290 1152 voracibus
308 1108 500 1153 adulatio
520 1118 564 1153 et
580 1109 782 1154 omnibus
801 1107 940 1152 malis.
966 1127 986 1149 ‹<
1007 1110 1238 1152 Venenum
1253 1106 1455 1167 aspidum

64 1194 86 1218 »
121 1178 204 1222 sub
233 1176 359 1223 labiis
383 1182 570 1224 eorum⁵.
605 1181 861 1235 Venenum,
891 1196 910 1220 »
938 1177 1089 1223 dolum
1122 1176 1226 1222 dicit
1254 1196 1262 1223 ε
1292 1196 1312 1220 «
1339 1178 1456 1238 aspi-

65 1265 86 1289 »
121 1248 264 1293 dum»
290 1259 452 1305 autem,
478 1250 579 1311 quia
600 1249 760 1294 nolunt
781 1247 933 1293 audire
955 1260 1172 1309 praecepta
1193 1247 1316 1308 legis,
1343 1248 1457 1293 sicut

61 1317 228 1379 aspides
258 1320 417 1365 nolunt
452 1319 602 1365 audire
629 1320 762 1365 verba
796 1320 1083 1364 incantantis⁶
1101 1355 1112 1375 ,
1149 1319 1270 1380 quod
1296 1319 1342 1362 in
1369 1318 1458 1364 alio

62 1389 232 1435 Psalmo
255 1390 498 1436 evidentius
527 1391 701 1436 dicitur.
732 1410 752 1433 «
779 1393 978 1444 Quorum
1006 1405 1052 1435 os
1081 1387 1384 1434 maledictione
1411 1399 1456 1433 et

62 1478 83 1503 >›
119 1460 407 1506 amaritudine
424 1461 605 1522 plenum
627 1471 703 1506 est.
729 1480 750 1503 n
776 1464 869 1506 Hoc
892 1470 970 1516 est,
994 1475 1215 1505 venenum
1233 1460 1449 1520 aspidum.

63 1551 84 1574 «
118 1532 299 1577 Veloces
321 1531 453 1592 pedes
481 1548 633 1577 eorum
667 1531 724 1577 ad
756 1530 1077 1576 effundendum
1101 1530 1400 1590 sanguinem⁷.
1427 1548 1448 1572 »

60 1603 143 1648 Hic
163 1604 354 1649 ostendit
377 1603 741 1649 consuetudinem
765 1603 877 1648 male
898 1600 1103 1648 faciendi.
1133 1621 1153 1645 «
1170 1601 1387 1647 Contritio
1410 1611 1455 1647 et

61 1692 82 1716 »
116 1674 348 1720 infelicitas
369 1675 416 1719 in
436 1675 515 1720 viis
533 1691 701 1720 eorum.
730 1693 750 1716 »
769 1675 931 1718 Omnes
946 1673 1062 1718 enim
1080 1672 1297 1717 malorum
1314 1673 1454 1718 homi-

58 1761 166 1790 num
186 1745 269 1790 viae
290 1745 432 1806 plenae
456 1755 557 1791 sunt
576 1744 800 1790 laboribus
830 1754 873 1789 et
897 1744 1082 1789 miseria.
1111 1742 1217 1788 Ideo
1239 1742 1452 1788 Dominus

58 1814 217 1860 clamat
243 1835 252 1861 :
281 1835 302 1859 «
326 1816 483 1861 Venite
505 1815 561 1861 ad
582 1832 652 1860 mc
682 1830 831 1860 omncs
861 1814 939 1876 qui
969 1813 1176 1859 laboratis
1208 1822 1253 1858 et
1284 1813 1452 1859 onerati

61 1906 83 1930 »
117 1888 232 1944 estis,
257 1897 302 1933 et
322 1903 402 1948 ego
424 1889 615 1933 reficiam
629 1903 721 1934 VOS.
750 1886 907 1932 Tollite
925 1888 1083 1947 jugum
1104 1902 1276 1942 meum,
1303 1895 1346 1930 et
1368 1884 1453 1930 dis-

62 1976 83 2002 »
118 1959 202 2003 cite
223 1974 247 2003 a
267 1974 353 2014 me,
372 1959 580 2019 quoniam
602 1959 718 2002 mitis
740 1973 836 2002 sum
858 1967 902 2002 et
918 1956 1094 2001 humilis
1112 1956 1257 2002 corde.
1284 1959 1451 2016 Jugum

61 2048 83 2072 n
118 2030 236 2074 enim
257 2045 406 2074 meum
422 2029 520 2073 lenc
538 2039 600 2074 est
613 2065 624 2085 ,
645 2038 689 2074 et
710 2029 876 2073 sarcina
893 2044 989 2073 mea
1009 2027 1115 2073 levis
1137 2030 1235 2073 estss.
1259 2030 1317 2072 Et
1332 2028 1449 2072 viam

62 2118 82 2142 »
116 2102 234 2161 pacis
251 2116 341 2145 non
363 2109 665 2160 cognoverunt
685 2119 694 2144 :
724 2111 744 2141 η’
763 2100 877 2143 hanc
895 2099 1048 2160 utique
1070 2114 1200 2159 quam
1219 2098 1448 2154 Dominus,

58 2181 110 2216 ut
130 2171 240 2228 dixi,
265 2181 598 2228 commemorat,
619 2171 665 2215 in
680 2171 787 2231 jugo
811 2170 899 2214 leni
921 2179 964 2214 et
978 2169 1144 2215 sarcina
1165 2168 1252 2214 levi
1273 2188 1282 2214 z
1311 2188 1331 2211 «
1352 2171 1452 2215 Non

64 2260 85 2285 n
122 2251 185 2287 est
214 2242 294 2288 Dei
315 2242 446 2288 timor
474 2251 575 2287 ante
604 2241 756 2287 oculos
794 2255 961 2286 eorum.
990 2258 1011 2281 »
1038 2240 1114 2284 Isti
1137 2255 1240 2302 non⁴
1260 2238 1445 2285 dicunt:

58 2315 158 2360 Non
181 2323 246 2359 est
267 2318 409 2373 Deus3
433 2313 510 2358 sed
530 2323 679 2358 tamen
701 2328 792 2358 non
814 2312 971 2356 timent
992 2314 1148 2355 Deum.

117 2387 171 2430 V.
210 2403 230 2427 »
255 2388 412 2432 Nonne
434 2393 698 2444 cognoscent
719 2399 869 2429 omnes
892 2382 969 2443 qui
988 2390 1226 2442 operantur
1247 2381 1453 2442 iniquita-

63 2473 85 2498 »
119 2458 237 2501 tem?
262 2474 283 2499 »
321 2456 543 2502 ,Iudicium
576 2456 784 2500 minatur.
822 2474 842 2496 «
871 2453 957 2508 Qui
992 2452 1204 2498 devorant
1237 2451 1453 2512 populum

109 2558 119 2575 ¹
143 2551 222 2585 Psal.
239 2551 309 2594 xiu,
325 2553 356 2585 3.
379 2569 422 2575 —
441 2550 556 2584 ²1bid.
575 2568 618 2574 —
639 2548 749 2583 ³1bid.
769 2567 812 2573 —-
830 2547 847 2580 4
865 2551 937 2582 Act.
958 2559 993 2591 x,
1013 2548 1064 2581 13.
1080 2565 1122 2572 —
1139 2545 1155 2573 ⁵
1169 2547 1249 2581 Psal.
1269 2558 1342 2588 xm,
1358 2547 1390 2581 3.
1409 2564 1452 2572 -

61 2603 78 2629 ⁶
91 2607 138 2640 Id.
157 2617 234 2647 nvn,
251 2605 284 2640 5.
301 2623 343 2631 -
362 2614 376 2641 7
394 2607 441 2641 Id.
463 2617 534 2650 xm,
554 2606 583 2640 3.
604 2623 647 2630 —
664 2604 681 2629 9
699 2605 811 2639 Matth.
833 2615 877 2647 xi,
893 2607 946 2638 28.
