1833 3284
407 220 491 260 1106
831 235 860 268 s.
902 245 982 271 Arse,
995 248 1131 274 usTtm
1164 249 1343 277 Episcopi

401 296 608 355 plectitur
644 304 850 350 unitatem
868 343 878 362 ‚
926 311 1068 355 unitas
1105 323 1244 357 servat
1284 316 1538 361 charitatem
1556 354 1566 372 ,
1610 321 1793 366 charitas

401 371 599 427 pervenit
627 374 680 417 ad
716 376 973 426 claritatem.
1007 383 1127 428 Dicat
1155 400 1258 445 ergo
1293 403 1341 430 cx
1365 389 1626 448 quibusdam
1656 408 1793 437 mem-

400 440 513 486 bris:
546 446 789 492 «Miserere
817 452 928 508 mei,
967 456 1172 512 Domine,
1208 460 1415 518 quoniam
1447 462 1648 518 tribulor,
1683 479 1792 509 con-

402 528 422 552 »
454 510 655 561 turbatus
686 529 751 564 est
782 521 911 568 inira
934 526 1085 571 oculus
1107 543 1251 585 meus,
1282 531 1425 575 anima
1453 547 1549 578 mea
1577 544 1621 579 et
1640 546 1793 582 venter

403 600 423 624 >u
460 589 624 630 meus¹.
655 607 674 629 »

455 657 512 700 ΙΙ.
535 659 781 710 Quaerimus
800 664 918 709 unde
931 667 984 710 sit
997 667 1075 712 ista
1098 670 1338 727 tribulatio⁷
1356 675 1562 734 quoniam
1581 676 1791 724 liberatus

396 725 529 784 paulo
552 739 653 773 ante
675 733 863 789 gaudere
884 737 1130 795 videbatur,
1150 743 1317 802 justitia
1335 745 1525 805 quadam
1549 747 1691 793 infusa
1709 750 1791 794 sibi

397 795 573 856 largiter
595 800 712 848 dono
736 806 840 862 Dei,
865 818 907 852 et
930 809 1032 854 inde
1053 812 1170 857 facto
1192 815 1330 874 spatio
1350 816 1533 876 pedibus
1550 820 1637 864 suis
1657 823 1702 865 in
1723 821 1791 866 la-

395 869 584 916 titudine
606 870 840 922 charitatis.
860 880 987 925 Unde
1000 898 1101 941 ergo
1122 895 1166 929 et
1186 886 1265 931 ista
1288 888 1430 933 existit
1451 890 1693 947 tribulatio,
1710 894 1791 938 nisi

395 937 509 984 forte
531 958 582 986 ex
602 943 678 989 illo
710 948 832 1006 quod
852 952 1063 998 Dominus
1084 954 1189 1000 dicit
1215 977 1222 1001 :
1258 977 1278 999 «
1303 960 1522 1011 Quoniam
1547 961 1792 1009 abundabit

397 1028 417 1052 »
452 1011 672 1075 iniquitas,
690 1018 941 1080 refrigescet
955 1025 1142 1071 charitas
1158 1028 1400 1075 multorum
1416 1034 1462 1076 2Ρ
1477 1051 1497 1074 n
1517 1034 1662 1079 Primo
1673 1036 1790 1081 enim

393 1087 699 1134 commendata
717 1093 934 1151 paucitate
946 1107 1213 1156 sanctorum,
1232 1111 1439 1163 tanquam
1455 1104 1591 1149 missis
1605 1106 1785 1163 retibus,

390 1155 678 1217 multiplicata
700 1173 763 1208 est
785 1167 977 1211 Ecclesia
993 1203 1003 1223 ,
1025 1178 1067 1213 et
1084 1172 1198 1230 capti
1226 1182 1328 1216 sunt
1346 1174 1707 1234 innumerabiles,
1733 1179 1789 1223 de

392 1227 555 1286 quibus
587 1231 846 1289 praedictum
884 1248 975 1281 erat
999 1255 1007 1280 ε
1039 1259 1058 1282 «
1085 1244 1356 1287 Annuntiavi
1385 1254 1427 1290 et
1457 1245 1631 1292 loeutus
1664 1265 1784 1305 sum,

395 1314 415 1337 »
451 1299 730 1361 multiplicati
750 1316 852 1350 sunt
873 1323 1003 1368 super
1025 1316 1301 1359 numerum3.
1323 1334 1342 1357 »
1364 1317 1450 1370 Qui
1468 1317 1598 1362 etiam
1619 1321 1788 1379 navigia

391 1383 666 1429 premerent,
694 1384 737 1419 et
760 1377 867 1422 retia
898 1393 1174 1441 rumperent,
1206 1385 1316 1430 sicut
1338 1397 1403 1432 est
1425 1389 1615 1448 positum
1637 1391 1680 1435 in
1713 1391 1787 1436 illa

389 1441 528 1500 prima
558 1444 794 1502 piscatione
817 1460 917 1494 ante
946 1454 1188 1511 passionem
1220 1458 1441 1503 Domini-⁴.
1471 1463 1533 1505 Ex
1555 1463 1621 1506 his
1652 1463 1787 1522 igitur

387 1512 749 1562 multitudinibus
778 1524 1023 1581 exaggerati
1056 1535 1185 1581 sunt,
1223 1529 1384 1588 quibus
1422 1546 1498 1590 per
1530 1534 1693 1578 Pascha
1728 1535 1786 1579 sic

390 1582 682 1631 referciuntur
695 1590 918 1648 Ecclesiae,
934 1603 983 1638 ut
1002 1596 1152 1641 turbas
1174 1599 1367 1658 ipsorum
1384 1601 1601 1661 parietum
1619 1615 1789 1651 recuset

390 1659 600 1714 angustia.
619 1662 850 1714 Quomodo
869 1675 1015 1710 autem
1040 1684 1130 1713 non
1145 1671 1383 1716 tribuletur
1400 1674 1479 1718 iste
1502 1674 1556 1720 de
1573 1677 1654 1722 hac
1671 1677 1789 1722 mul-

389 1727 577 1774 titudine
592 1767 602 1785 ‚
640 1733 819 1792 quando
842 1736 962 1781 videt
983 1739 1096 1798 ipsos
1119 1741 1300 1801 implere
1323 1745 1491 1790 theatra
1508 1782 1519 1801 ‚
1551 1757 1594 1791 et
1616 1750 1788 1808 amphi-

390 1799 581 1856 theatra,
615 1805 691 1863 qui
714 1806 847 1863 paulo
876 1819 976 1853 ante
1011 1811 1224 1857 Ecclesias
1253 1814 1574 1875 impleverunt?
1600 1819 1714 1879 ipsos
1740 1822 1787 1865 in

387 1872 617 1932 nequitiis,
645 1877 719 1936 qui
743 1877 874 1936 paulo
897 1889 997 1924 ante
1019 1882 1065 1925 in
1088 1881 1293 1929 laudibus
1323 1888 1426 1931 Dei?
1447 1889 1561 1948 ipsos
1584 1890 1787 1952 blasphe-

386 1958 505 1987 mare
528 1947 691 2001 Deum,
718 1949 794 2008 qui
818 1953 1144 2010 respondebant
1166 1975 1174 1999 ε
1202 1960 1340 2001 Amen
1365 1962 1485 2003 Deo}J
1510 1964 1782 2019 Permaneat‚

386 2013 541 2070 duret,
574 2032 663 2061 non
686 2018 858 2064 deficiat
884 2022 1014 2066 etiam
1037 2024 1082 2067 in
1107 2026 1391 2073 multitudine
1413 2031 1587 2090 copiosa
1608 2034 1785 2095 iniquo-

386 2101 506 2141 rum,
533 2089 635 2148 quia
657 2106 737 2134 nec
760 2106 943 2149 granum
967 2094 1114 2140 deficit
1147 2097 1192 2141 in
1220 2099 1507 2146 multitudine
1530 2104 1753 2163 palearum
1770 2142 1781 2161 ‚

385 2173 475 2217 quo
493 2174 632 2219 usque
655 2171 753 2220 post
773 2163 1103 2210 ventilationem
1125 2162 1325 2214 mittatur
1345 2172 1390 2215 in
1407 2173 1631 2230 horreum,
1660 2185 1702 2220 et
1724 2177 1783 2221 ibi

385 2229 438 2273 sit
466 2230 511 2273 in
533 2232 737 2277 societate
754 2245 1026 2292 sanctorum,
1053 2254 1106 2282 ne
1130 2240 1375 2287 turbulenti
1398 2244 1566 2306 aliquid
1592 2247 1784 2306 pulveris
1805 2268 1810 2273 ·

383 2301 590 2360 patiatur.
620 2304 832 2351 Perduret
855 2324 958 2367 ergo
977 2345 987 2364 ,
1025 2311 1127 2370 quia
1152 2321 1194 2355 et
1218 2316 1429 2360 Dominus
1451 2332 1552 2361 cum
1574 2318 1749 2365 dixisset
1770 2341 1778 2366 :

388 2391 407 2413 «
444 2374 660 2425 Quoniam
677 2376 923 2423 abundabit
948 2380 1167 2441 iniquum,
1191 2384 1440 2444 refrigescet
1462 2389 1647 2434 charitas
1672 2392 1784 2436 mul-

386 2461 405 2483 »
441 2452 588 2488 torum
622 2466 630 2490 :
662 2466 681 2489 «
712 2450 775 2493 Ne
806 2451 1098 2508 praenuntiata
1127 2453 1206 2498 ista
1238 2455 1507 2502 abundantia
1540 2459 1780 2521 iniquitatis

379 2511 580 2560 labarent
614 2527 910 2581 nutarentque
943 2522 1075 2581 pedes
1111 2526 1276 2582 nostri,
1318 2529 1530 2574 continuo
1565 2532 1775 2592 subjecit,

430 2605 437 2620 ¹
464 2600 541 2632 Psal.
565 2613 639 2644 xxx,
659 2614 709 2635 ro.
730 2621 771 2627 -
790 2612 802 2628 ²
822 2606 935 2639 Matth.
959 2618 1048 2650 xx1v,
1069 2609 1119 2642 13.
1137 2609 1207 2634 ——3
1227 2611 1305 2645 Psal.
1326 2623 1440 2657 xxxma,
1457 2614 1489 2647 6.
1511 2632 1554 2638 —
1571 2615 1587 2647 4
1604 2618 1682 2650 Luc.
1698 2618 1764 2661 v,6
