1833 3284
367 320 609 351 mulin-110
641 323 674 351 11
705 324 751 350 IN
783 321 987 351 rsALMUM
1017 321 1132 349 xxxi.
1356 307 1438 347 457

53 388 309 433 sacramenti
320 388 543 448 baptismi,
569 389 658 434 sive
677 388 885 433 doctrinae
903 387 1113 432 salutaris.
1140 390 1202 431 De
1224 386 1314 446 ipsa
1336 385 1442 431 doc‘-

55 460 167 503 trina
183 475 270 519 qua
290 459 517 517 irrigamur
538 476 615 520 per
640 460 847 520 Spiritum
862 469 1078 513 sanctum,
1096 457 1269 512 dicitur,
1298 477 1318 500 «
1335 457 1441 501 Bibe

57 547 78 571 »
99 544 258 590 aquam
277 528 332 574 de
355 530 439 574 tuis
457 530 567 575 vasis
589 540 632 574 et
649 530 704 574 de
725 540 958 590 puteorum
977 538 1153 573 tuorum
1176 526 1437 572 fontibus¹.»

53 598 122 645 Ad
144 599 247 643 istos
269 596 412 643 fontes
433 616 524 644 non
547 599 762 645 accedunt
781 600 925 660 impii,
943 598 1018 644 sed
1030 598 1255 643 eredentes
1272 599 1317 642 in
1340 614 1441 642 eum

53 669 131 729 qui
161 669 371 729 justificat
405 670 591 730 impium
605 673 638 726 ²,
678 672 769 731 jam
794 670 1020 732 justificati
1056 668 1286 714 accedunt.
1333 667 1441 712 Aliae

53 755 178 799 aquae
200 739 377 795 multae,
412 740 565 785 multae
597 740 808 785 doctrinae
842 741 1076 800 inquinant
1108 740 1271 783 animas
1298 738 1443 782 homi-

52 825 176 865 num,
196 809 318 870 quod
332 810 464 870 paulo
483 820 586 855 'ante
608 810 821 855 dicebam.
847 810 941 855 Alia
959 811 1156 855 doctrina
1171 819 1258 865 est,
1284 813 1444 853 Fatum

51 880 161 924 mihi
182 878 299 925 fecit.
322 880 418 925 Alia
439 881 637 926 doctrina
654 918 665 937 ,
692 884 825 927 Casus
848 882 952 926 mihi
976 881 1103 936 fecit,
1122 880 1298 925 fortuna
1319 880 1438 925 fecit.

54 949 98 995 Si
115 950 284 995 casibus
297 961 509 1010 reguntur
522 953 736 1008 homines,
761 951 882 996 nulla
895 951 1168 1011 providentia
1187 950 1354 1011 aliquid
1369 966 1445 1010 ge-

51 1021 163 1066 ritur
186 1041 196 1067 :
222 1031 265 1067 et
282 1023 375 1082 ipsa
397 1022 593 1068 doctrina
615 1032 693 1068 est.
720 1023 842 1068 Alius
859 1022 990 1078 dixit,
1008 1025 1084 1067 Est
1103 1037 1205 1080 gens
1228 1022 1443 1067 contraria

51 1092 334 1137 tenebrarum
353 1128 363 1148 ‚
403 1109 502 1154 quae
524 1094 750 1138 rebellavit
784 1093 989 1138 adversus
1016 1096 1182 1147 Deum,
1212 1094 1302 1152 ipsa
1339 1091 1445 1136 facit

51 1177 231 1222 peccare
250 1164 465 1208 homines.
501 1168 552 1208 In
572 1165 656 1209 hoc
683 1164 848 1208 diluvio
879 1179 1092 1224 aquarum
1120 1163 1359 1207 multarum
1389 1162 1445 1205 ad

52 1236 193 1278 Deum
213 1250 304 1279 non
321 1235 753 1295 appropinquabunt.
779 1238 888 1288 Quae
910 1244 973 1279 est
1000 1235 1074 1278 illa
1093 1251 1226 1294 aqua,
1248 1233 1321 1278 illa
1343 1249 1444 1277 vera

51 1320 152 1365 quae
173 1314 323 1349 manat
342 1304 398 1349 de
418 1305 573 1350 intimo
588 1304 710 1350 fonte
730 1322 853 1365 purae
868 1321 991 1350 venae
1010 1302 1229 1349 veritatis?
1247 1307 1356 1357 Quae
1370 1303 1443 1347 illa

52 1390 166 1434 aqua
188 1384 275 1430 est,
301 1374 454 1419 fratres
469 1411 480 1430 ,
507 1375 588 1419 nisi
610 1392 710 1436 quae
734 1376 862 1420 <locet
883 1374 1082 1419 confiteri
1100 1375 1310 1420 Domino?
1335 1377 1444 1428 Quae

49 1455 114 1490 est
135 1444 208 1489 illa
243 1462 378 1506 aqua,
403 1446 483 1489 nisi
507 1462 607 1506 quae
631 1445 781 1501 docet,
812 1465 829 1487 «
850 1449 1022 1491 Bonum
1045 1456 1108 1491 est
1136 1446 1331 1491 confiteri
1354 1449 1443 1489 Do—

52 1534 73 1558 »
92 1516 267 1560 mino-⁹³?
285 1535 303 1558 »
329 1519 438 1570 Quae
460 1526 524 1561 est
539 1516 613 1561 illa
625 1533 759 1577 aqua,
780 1517 860 1560 nisi
874 1533 974 1577 quae
992 1517 1120 1561 docet
1133 1517 1245 1560 hanc
1262 1531 1413 1560 vocem
1432 1534 1440 1560 :

54 1605 74 1629 «
109 1587 206 1631 Dixi
233 1588 562 1632 :Pronuntiabo
591 1587 819 1632 adversum
851 1604 921 1631 me
942 1588 1162 1648 injustiam
1185 1603 1327 1631 meam
1353 1590 1444 1631 Do-

52 1675 74 1699 »
108 1658 229 1703 mino
257 1678 266 1703 :
294 1677 315 1700 »
342 1667 415 1714 et,
444 1662 570 1718 «Ego
592 1658 702 1714 dixi,
734 1660 942 1714 Domine,
967 1660 1169 1703 miserere
1197 1659 1308 1713 mei,
1343 1673 1446 1702 sana

51 1746 72 1770 n
108 1729 298 1772 animam
338 1744 481 1773 meam
501 1764 511 1783 ,
548 1730 757 1788 quoniam
789 1729 965 1789 peccavi
1006 1730 1156 1773 tibi⁴.»
1190 1732 1295 1774 Haec
1333 1744 1445 1788 aqua

48 1798 328 1843 confessionis
349 1808 629 1858 peccatorum
648 1835 658 1854 ,
687 1800 782 1843 haec
806 1816 918 1859 aqua
947 1799 1261 1844 humiliationis
1286 1799 1442 1854 cordis,

48 1869 143 1913 haec
160 1885 273 1931 aqua
292 1870 395 1914 vitae
413 1869 610 1914 salutaris
625 1905 635 1925 ,
658 1870 898 1930 abjicientis
917 1887 982 1925 se,
1008 1870 1117 1914 nihil
1139 1871 1194 1914 de
1216 1887 1260 1914 se
1277 1886 1446 1930 praesu-

47 1941 227 1996 mentis,
253 1940 364 1984 nihil
383 1957 472 1984 suae
494 1942 702 2000 potentiae
725 1941 912 2000 superbe
935 1942 1183 1986 tribuentis.
1211 1944 1315 1986 Haec
1334 1957 1446 2001 aqua

48 2012 95 2056 in
123 2010 255 2056 nullis
278 2011 620 2070 alienigenarum
641 2011 763 2056 libris
787 2022 850 2057 est
866 2048 876 2068 ,
912 2029 1002 2056 non
1025 2013 1071 2056 in
1088 2013 1298 2072 epicureis
1320 2048 1330 2067 ,
1355 2028 1447 2056 non

48 2082 94 2125 in
115 2082 284 2138 stoicis,
310 2082 464 2126 nonin
483 2082 754 2138 manichaeis,
780 2098 869 2126 non
899 2083 944 2126 in
961 2083 1206 2142 platonicis.
1230 2083 1445 2127 Ubicum-

47 2167 135 2212 que
156 2152 288 2196 etiam
308 2152 593 2196 inveniuntur
614 2153 778 2212 optima
801 2163 1019 2212 praccepta
1049 2169 1223 2197 morum
1245 2162 1287 2197 et
1314 2153 1446 2197 disci-

47 2219 449 2282 plinae‘affhumilitas
471 2231 621 2267 tamen
642 2223 721 2267 ista
743 2239 834 2267 non
855 2223 1093 2267 invenitur.
1112 2224 1192 2267 Via
1213 2223 1443 2267 humilita-

47 2293 100 2338 tis
121 2294 253 2354 hujus
275 2293 451 2338 aliunde
473 2303 622 2338 manat
642 2313 650 2338 :
675 2310 698 2338 a
716 2295 888 2339 Christo
905 2295 1040 2339 venit.
1071 2297 1174 2339 Haec
1192 2295 1259 2339 via
1283 2295 1338 2338 ab
1369 2293 1445 2339 illo

48 2372 134 2418 est,
167 2364 244 2424 qui
270 2379 372 2408 cum
395 2373 505 2408 esset
526 2363 661 2420 altus,
688 2364 865 2409 humilis
886 2365 1020 2409 venit.
1047 2363 1164 2418 Quid
1182 2365 1300 2408 enim
1321 2364 1444 2408 aliud

49 2432 200 2478 docuit
214 2433 489 2478 humiliando
506 2450 550 2478 se
567 2470 577 2489 ,
599 2433 738 2479 factus
761 2434 971 2479 obediens
991 2450 1130 2495 usque
1147 2435 1203 2478 ad
1223 2443 1409 2478 mortem
1428 2471 1440 2490 ,

45 2513 233 2550 mortem
256 2514 402 2549 autem
419 2506 610 2550 crucis⁵P
628 2505 745 2558 Quid
768 2505 892 2551 aliud
915 2505 1066 2551 docuit
1087 2506 1296 2552 solvendo
1321 2506 1442 2566 quod

94 2608 106 2625 ¹
131 2604 225 2635 Prov.
251 2615 292 2644 v,
321 2604 370 2637 15.
397 2621 438 2628 —-
464 2611 478 2627 ²
500 2607 594 2638 Rom.
616 2615 670 2645 iv,
699 2604 731 2637 5.
764 2622 803 2628 —
828 2603 841 2628 3
862 2605 938 2637 Psal.
959 2615 1029 2647 xci,
1051 2614 1083 2638 2.
1105 2622 1136 2627 —-
1167 2603 1183 2634 l,
1201 2605 1249 2637 Id.
1269 2615 1322 2645 xx„
1345 2604 1375 2636 5.
1399 2620 1441 2626 --

51 2657 65 2681 5
87 2658 202 2702 Philip.
224 2671 258 2701 u,
275 2660 307 2692 8.
