1833 3284
405 245 649 274 ENARRATm
683 249 726 274 nv
761 245 962 274 1¹SALML'M
997 248 1069 274 xv.
1354 231 1437 272 243

50 308 309 368 verumfita
330 311 525 374 proferre
546 322 589 357 et
609 314 771 357 habere
792 314 838 358 in
856 329 929 358 ore
948 332 955 357 ;
987 331 1003 351 «
1025 314 1103 356 Est
1120 320 1183 356 est
1198 347 1209 366 ‚
1235 319 1320 356 est:
1343 313 1442 356 Non

54 403 75 426 ³›
92 386 206 429 non1
226 402 237 436 3
265 404 286 427 »
309 394 352 430 e't
365 401 455 430 non
476 383 617 429 facere
638 385 834 445 proximo
858 401 936 429 suo
957 382 1138 438 malum,
1164 382 1209 427 id
1231 392 1309 438 est,
1331 380 1442 426 nulli

50 455 246 514 homini3
270 465 314 500 et
334 455 620 516 opprobrium
642 471 731 500 non
759 456 952 516 accipere
970 455 1173 498 adversus
1197 454 1444 514 proximum

52 536 179 570 suum
206 545 220 578 ε,
240 536 339 587 quae‘
363 535 466 571 sunt
492 525 786 586 perfectorum
803 562 814 582 ,
837 526 884 570 in
906 539 1095 587 quorum
1123 533 1360 584 conspectu
1390 522 1445 568 ad

52 596 239 642 nihilum
263 597 478 643 deductus
497 607 560 642 est
584 597 815 658 malignus.
842 601 1005 642 Tamen
1023 597 1151 642 etiam
1171 596 1249 642 ista
1276 596 1448 640 minora

53 669 111 713 ita
142 668 368 714 concludit
401 689 410 714 ε
450 688 470 712 «
495 669 580 722 Qui
620 668 722 714 facit
751 671 872 725 haec,
907 685 997 713 non
1025 667 1374 713 commovebitur
1403 666 1450 710 in

57 759 80 783 »>
112 750 350 786 aeternum:
371 759 391 783 »
423 740 469 786 id
488 750 552 786 est
567 777 578 797 ‚
601 742 827 802 perveniet·
847 741 902 785 ad
922 740 996 785 illa
1014 742 1175 802 majora
1192 776 1202 796 ,
1224 739 1270 784 in
1287 739 1448 801 quibus

56 821 120 856 est
145 827 303 871 magna
343 821 387 857 et
417 812 673 857 inconcussa
695 811 918 857 stabilitas.
944 814 1054 856 Nam
1076 821 1120 857 et
1140 812 1230 872 ipsa
1251 821 1451 871 tempora

57 899 148 928 non
174 884 266 928 sine
292 899 419 929 causa
452 883 632 929 fortasse
664 885 723 929 sic
758 884 918 929 variata
939 893 1063 938 sunt,
1089 893 1139 927 ut
1160 884 1205 927 in
1227 883 1448 943 superiore

57 954 336 1000 conclusione
356 957 626 1016 praeteritum
656 965 826 1015 tempus
848 963 1100 1014 poneretur,
1127 954 1172 997 in
1194 954 1276 998 hac
1303 963 1450 998 autem

0 1056 1 1088 3
61 1026 280 1071 futurum.
311 1029 419 1072 Nam
451 1027 511 1071 ibi
544 1026 711 1071 dictum
735 1035 798 1070 est
826 1045 834 1070 :
875 1045 895 1068 «
920 1024 989 1070 Ad
1021 1024 1209 1069 nihilum
1237 1024 1453 1069 deductus

61 1114 82 1139 1)
116 1106 180 1141 est
206 1098 252 1141 in
288 1107 526 1157 conspeetu
553 1099 645 1158 ejus
676 1097 891 1156 malignus
918 1116 926 1141 ι
955 1115 975 1138 »
1009 1096 1079 1141 hic
1108 1105 1277 1152 autem,
1318 1115 1338 1139 ‹<
1351 1098 1451 1142 Non

60 1185 85 1211 »r
114 1168 464 1214 commovebitur
478 1169 524 1212 in
546 1177 780 1213 aeternum.
810 1185 830 1209 »

567 1450 950 1501 ENARRATIO

482 1601 550 1640 IN
587 1601 900 1642 PSALMUM
942 1603 1036 1642 XV.

389 1730 521 1777 Tituli
547 1733 774 1794 inscriptio
790 1770 801 1790 ,
836 1735 915 1794 ipsi
946 1733 1085 1780 David
1096 1738 1128 1778 ².

126 1886 162 1928 Ι.
198 1886 294 1928 REX
317 1891 464 1927 noster
484 1884 531 1927 in
552 1883 637 1927 hoc
662 1882 832 1927 Psalmo
853 1882 1050 1943 loquitur
1077 1899 1127 1927 ex
1154 1898 1338 1943 persona
1361 1901 1457 1930 sus-

67 1954 277 2014 ceptionis
297 1953 526 2008 humanae,
551 1953 606 1996 de
623 1969 712 2013 quo
735 1952 891 1997 titulus
914 1953 1068 2012 regalis
1082 1963 1278 2014 tempore
1293 1956 1457 2016 passio-

67 2025 133 2071 nis
154 2025 386 2084 inscriptus
408 2024 607 2068 eminuit.

39 2093 42 2097 ’
126 2099 187 2140 ΙΙ.
224 2095 339 2140 Dicit
366 2103 511 2139 autem
535 2095 629 2139 haec
657 2113 665 2138 ι
698 2113 718 2136 «
744 2096 958 2140 Conserva
984 2110 1076 2151 me,
1103 2096 1312 2152 Domine,
1345 2113 1459 2158 quo-

71 2184 93 2209 »
127 2166 244 2211 niam
276 2166 324 2210 in
345 2175 390 2210 te
421 2165 589 2225 speravi
615 2185 623 2210 :
651 2164 736 2209 dixi
761 2166 950 2210 Domino
976 2185 984 2210 :
1010 2170 1125 2211 Deus
1158 2183 1280 2212 meus
1308 2183 1352 2212 es
1383 2178 1456 2226 tu,

18 2248 20 2250 ’
72 2255 92 2279 ))
127 2236 335 2298 quoniam
355 2236 576 2280 bonorum
596 2250 795 2280 meorum
817 2252 907 2280 non
928 2238 1050 2294 eges³
1077 2256 1086 2283 ε
1104 2256 1125 2279 »
1145 2238 1354 2299 quoniam
1375 2239 1460 2285 bo-

57 2307 136 2352 *nis
152 2307 257 2352 meis
280 2323 369 2352 non
391 2316 587 2366 expectas
608 2315 658 2350 tu
679 2307 773 2350 fieri
794 2306 961 2351 beatus.

130 2372 212 2423 ΠΙ.
253 2392 274 2421 «·
301 2378 467 2424 Sanctis
489 2378 567 2438 qui
593 2387 695 2422 sunt
714 2378 759 2423 in
783 2387 895 2423 terra
914 2380 1032 2438 ejus⁴
1058 2399 1067 2424 ι
1096 2398 1117 2421 »
1143 2381 1301 2426 sanctis
1316 2382 1391 2442 qui
1414 2382 1460 2427 in

0 2449 5 2477 ³
72 2458 185 2494 terra
201 2448 442 2494 viventium
464 2464 584 2508 spem
598 2465 720 2493 suam
737 2458 980 2509 posuerunt
995 2485 1005 2504 ‚
1031 2450 1198 2495 civibus
1221 2453 1461 2498 Jerusalem

74 2519 258 2565 coelestis
275 2555 286 2575 ,
311 2535 500 2581 quorum
523 2520 791 2564 conversatio
819 2519 1021 2579 spiritalis
1042 2537 1121 2580 per
1141 2537 1344 2568 ancoram
1370 2524 1460 2585 spei

125 2623 133 2639 ¹
155 2615 266 2648 Matth.
287 2625 320 2657 v,
343 2616 396 2658 3⁹5.
417 2632 459 2638 —
479 2622 492 2638 ²
511 2615 590 2648 Psal.
613 2627 667 2656 xv,
694 2627 720 2647 1.
740 2632 779 2638 —
800 2614 811 2638 3
832 2616 912 2648 Ibid.
933 2624 965 2648 2.
986 2633 1028 2640 --
1045 2615 1061 2647 4
1085 2617 1165 2650 lbid.
1188 2618 1217 2650 3.

1266 2673 1328 2713 16.
