1833 3284
375 275 456 314 106
795 282 827 309 s.
864 279 1094 309 AUGUSTINI
1126 282 1308 309 EPISCOP1

370 366 490 404 rum,
516 348 637 409 quod
662 356 726 391 est
753 356 961 407 tanquam
991 360 1094 389 arcu
1115 344 1200 390 tela
1222 345 1448 390 intendere
1469 365 1478 391 ε
1505 345 1624 391 aliud
1652 356 1751 392 tan-

369 436 501 482 quam
528 435 659 463 manu
687 418 743 462 ad
762 432 943 462 manum
967 415 1106 474 gladio
1133 417 1254 461 verbi
1278 425 1510 477 praesentes
1534 416 1753 464 debellare

369 490 644 551 cupiditates.
668 509 688 531 «
708 492 889 533 Lanceae
908 488 1129 547 hastaeque
1149 496 1350 533 tremore.
1375 506 1395 529 »
1419 488 1536 540 Quid
1553 498 1616 534 est
1632 489 1754 550 quod

368 563 532 608 lanceae
562 561 786 621 hastaeque
822 568 1008 603 tremore
1040 573 1169 618 super
1196 559 1339 618 ipsum
1368 557 1530 618 gaudet
1557 575 1682 604 arcus
1711 569 1755 605 et

370 633 571 693 gladius?
593 635 663 678 An
685 632 786 692 quia
809 630 890 674 nisi
910 638 954 673 et
978 629 1068 689 ipse
1095 637 1272 685 tremat,
1297 630 1381 674 hoc
1402 639 1490 686 est,
1510 630 1660 675 timeat
1680 628 1755 675 fu-

370 714 513 749 turam
531 713 715 748 mortem
727 737 738 758 ,
756 716 889 762 quam
901 700 1119 761 jaculatur
1141 700 1286 746 divina
1298 702 1486 762 justitia,
1506 717 1597 746 non
1615 711 1758 762 potest

367 785 627 836 praesentem
668 783 969 828 contemnere,
1006 788 1138 833 quam
1173 782 1423 832 perseeutor
1460 773 1676 830 minatur,
1707 782 1757 818 ut

367 845 632 906 intrepidam
652 845 815 890 habeat
831 842 1165 900 confessionem,
1183 853 1228 888 et
1247 844 1455 905 praedicet
1475 859 1576 889 eum
1598 843 1758 891 fiducia

367 918 617 972 veritatem,
648 917 720 961 cui
751 931 841 961 non
870 915 1037 976 possint
1068 915 1233 959 inimici
1263 916 1456 959 resistere
1487 935 1497 960 :
1534 924 1665 976 atque
1698 916 1757 961 ita

372 1008 393 1034 «
430 991 569 1048 Super
595 1003 696 1031 eum
718 985 925 1046 gaudeat,
950 1006 967 1028 »
992 987 1076 1031 hoc
1099 995 1185 1041 est,
1210 1001 1287 1046 per
1316 987 1459 1046 ipsum
1480 985 1618 1030 libere
1640 1001 1755 1031 asse-

367 1069 489 1105 ratur
506 1057 706 1104 doctrina
722 1058 821 1113 Dei,
841 1073 919 1118 per
939 1072 1072 1118 quam
1093 1056 1286 1101 minatur
1300 1057 1442 1117 impiis
1464 1055 1666 1101 futurum
1686 1058 1757 1102 in-

366 1132 568 1186 teritum,
591 1139 636 1175 et
658 1130 863 1175 interficit
890 1138 1148 1189 praesentem
1181 1128 1490 1190 iniquitatem?
1520 1129 1610 1174 Nisi
1640 1129 1755 1174 enim

367 1203 576 1263 gaudium
601 1203 691 1263 spei
715 1211 875 1247 nostrae
903 1217 1004 1246 cum
1031 1211 1218 1246 tremore
1245 1201 1537 1246 damnationis
1555 1210 1685 1256 esset,
1711 1201 1757 1245 in

366 1275 493 1319 nohis
515 1273 738 1333 negligens
763 1282 873 1317 esset
892 1273 982 1333 ipsa
1011 1273 1217 1318 securitas
1240 1281 1284 1317 et
1305 1273 1492 1333 superba
1519 1287 1760 1333 praesump-

366 1345 456 1403 tio,
480 1360 624 1405 neque
648 1345 694 1388 in
716 1343 887 1389 Psalmo
907 1343 1031 1388 nobis
1049 1343 1266 1387 diceretur
1290 1362 1299 1388 :
1324 1362 1345 1385 «
1364 1343 1568 1388 Exultate
1595 1344 1634 1387 ei
1655 1359 1757 1387 cum

370 1435 389 1457 >›
424 1417 653 1460 tremore¹.
674 1417 733 1459 Et
748 1413 975 1460 iracundia
994 1413 1149 1459 evertit
1174 1418 1374 1458 terram‘ss.
1403 1433 1424 1456 >›
1446 1414 1580 1475 Apud
1600 1422 1757 1460 semet-

365 1487 509 1546 ipsum
542 1486 751 1541 irascens,
780 1485 836 1530 ad
869 1485 1123 1530 evertendas
1155 1485 1202 1528 in
1229 1500 1272 1529 se
1303 1494 1495 1530 terrenas
1522 1485 1755 1545 concupis-

365 1559 527 1603 centias
556 1568 600 1602 et
621 1559 798 1603 timores
823 1557 1037 1613 carnales,
1069 1556 1230 1617 quibus
1263 1557 1448 1617 quisque
1475 1572 1500 1601 a
1526 1556 1757 1603 tolerantia

365 1629 572 1689 passionis
606 1629 830 1674 avertitur.
869 1632 921 1673 In
952 1629 1032 1673 hac
1066 1628 1281 1672 sententia
1315 1626 1428 1672 forte
1461 1626 1628 1673 dictum
1661 1637 1754 1674 est:

369 1718 389 1742 «
427 1700 665 1744 Irascimini
699 1709 743 1744 et
775 1698 910 1744 nolite
942 1698 1165 1759 peccare3.
1192 1717 1212 1740 >›
1239 1700 1353 1743 Cum
1382 1698 1607 1744 iracundia
1639 1700 1756 1744 enim

363 1769 648 1815 saluberrima
675 1786 719 1815 se
748 1770 881 1815 debet
914 1770 1099 1831 quisque
1131 1769 1400 1815 correctione
1423 1771 1660 1830 corripere,
1686 1769 1755 1815 di-

363 1857 464 1886 cens
487 1861 496 1886 ;
527 1860 543 1881 «
574 1843 632 1886 Ut
648 1842 756 1902 quid
778 1841 906 1886 tristis
927 1857 970 1885 es
994 1842 1136 1885 anima
1159 1857 1276 1896 mea,
1298 1850 1341 1885 et
1363 1857 1498 1901 quare
1520 1842 1757 1887 conturbas

366 1929 387 1954 »
422 1914 522 1956 me?
549 1915 680 1973 Spera
706 1913 753 1957 in
774 1916 937 1968 Deum,
958 1913 1061 1973 quia
1083 1912 1327 1956 confitebor
1344 1911 1448 1956 illi4.
1471 1930 1491 1952 »
1510 1913 1623 1967 Quia
1640 1912 1756 1958 enim

362 1998 437 2027 ore
459 1983 673 2028 confessio
695 1984 745 2028 fit
765 1982 820 2027 ad
836 1982 1069 2038 salutemf’,
1089 1983 1234 2027 statim
1255 1982 1453 2043 sequitur
1474 2002 1482 2027 :
1514 2002 1535 2024 «
1559 1981 1756 2027 Salutare

365 2072 385 2095 »
419 2053 569 2098 vultus
598 2054 684 2098 mei
712 2057 828 2098 Deus
859 2069 998 2098 meus.
1024 2056 1112 2099 Nec
1139 2053 1309 2109 credet,
1337 2053 1479 2098 donee
1506 2052 1756 2098 clamaverit

365 2143 384 2166 »
420 2125 568 2169 tubass.
591 2146 608 2166 »
625 2128 738 2170 Ante
761 2135 933 2184 tempus
951 2126 1114 2185 quippe
1136 2125 1402 2178 tentationis,
1424 2125 1591 2169 etiamsi
1609 2140 1753 2169 eversa

360 2205 424 2239 est
448 2205 615 2239 terrena
634 2195 883 2255 trepidatio,
908 2211 998 2239 non
1016 2204 1211 2255 apparet,
1236 2211 1316 2240 nec
1334 2195 1460 2240 facile
1483 2195 1753 2240 credendum

360 2274 439 2321 est,
457 2266 538 2309 nisi
561 2276 732 2326 tempus
750 2265 891 2326 ipsum
916 2266 1166 2310 tentationis
1184 2265 1396 2310 docuerit.
1423 2286 1443 2309 «
1468 2269 1581 2312 Cum
1605 2276 1753 2311 autem

363 2354 383 2377 n
418 2336 526 2380 tuba
548 2337 770 2392 cecinerit,
791 2336 922 2393 dicet,
947 2338 1109 2395 Euge7.
1131 2354 1151 2378 >›
1178 2339 1291 2382 Cum
1310 2346 1481 2397 tempus
1500 2338 1752 2381 tentationis

358 2408 547 2462 venerit,
573 2417 679 2453 tunc
707 2424 809 2454 vero
831 2408 1022 2467 placebit
1047 2408 1086 2451 ei
1114 2408 1257 2453 anima
1283 2410 1396 2469 ejus,
1418 2410 1451 2453 si
1474 2409 1684 2468 gloriatur
1705 2409 1752 2452 in

360 2477 749 2523 tribulationibus:
784 2498 804 2521 «
830 2480 943 2532 Quia
974 2478 1198 2523 tribulatio
1232 2480 1487 2539 patientiam
1520 2488 1749 2540 operatur,

407 2581 415 2596 ¹
434 2575 515 2607 Psal.
531 2586 568 2617 11,
592 2587 694 2609 11.—
717 2583 729 2599 ²
750 2575 825 2608 Job.
841 2587 949 2616 xxxix,
969 2575 1024 2618 24.
1043 2593 1083 2597 --
1100 2574 1113 2599 3
1140 2575 1218 2609 Psal.
1239 2587 1281 2608 ιν.
1309 2575 1343 2608 5.
1360 2593 1401 2600 -
1416 2575 1433 2602 l·
1447 2578 1494 2609 Id.
1508 2587 1572 2619 xm,
1596 2576 1688 2617 6‚*7.
1708 2593 1749 2598 —

361 2629 376 2653 5
392 2633 484 2664 Rom.
500 2644 534 2673 x,
553 2643 603 2666 ιο.
632 2649 673 2655 —
690 2632 705 2654 6
726 2633 798 2666 Job.
821 2644 927 2675 xxxix,
950 2632 1005 2675 24.
1025 2650 1065 2655 —-
1084 2640 1098 2665 7
1120 2632 1202 2667 Ibid.
1224 2633 1278 2666 25.
