1833 3284
0 2530 2 2596 Ι

0 2598 1 2655 t

0 2658 2 2707 1

377 255 620 285 ΕΝΛΓιΓιΑΤΙΟ
653 260 685 285 11
718 261 762 286 IN
797 258 997 287 PSALMUM
1033 262 1136 288 XXV·
1359 251 1442 289 333

59 332 265 383 tanquam
294 337 436 367 caecus
458 331 523 367 est
553 323 600 367 in
628 323 795 369 lumine
823 326 1110 383 constitutus,
1135 326 1257 372 nulla
1282 327 1443 373 visione

53 393 143 440 veri
160 392 336 438 luminis
357 393 586 438 animatus.

58 550 161 567 ww
167 550 800 569 Awmwm·t⁸m·wm¹wkum1vvvvxm
804 553 1368 572 WVWUMWWWWQMQWUMWWWU
1374 556 1443 572 ww

522 668 918 717 ENRRRATIO
956 673 978 716 I

427 822 488 861 IN
533 822 850 862 PSALMUM
888 824 1063 863 XXVI.

337 964 424 1025 Ipsi
442 964 602 1022 David,
629 965 748 1026 prius
766 982 898 1027 quam
920 965 1119 1012 liniretur
1134 970 1163 1012 ¹.

112 1103 147 1144 Ι.
185 1102 305 1145 TYno
329 1100 490 1146 Christi
510 1102 722 1161 loquitur,
744 1117 845 1147 cum
861 1101 1026 1146 accedit
1043 1101 1098 1147 ad
1118 1100 1291 1146 fidens-¹.
1317 1122 1336 1145 «
1361 1106 1443 1148 Do-

53 1189 74 1213 »
100 1170 245 1215 minus
285 1169 545 1216 illuminatio
577 1187 672 1216 mea
715 1181 759 1216 et
791 1171 989 1216 salutaris
1030 1188 1178 1228 meus,
1218 1189 1349 1233 quem
1384 1173 1441 1217 ti-

55 1261 74 1284 »
98 1242 312 1286 mebo3P»
335 1242 545 1287 Dominus
566 1242 726 1287 mihiet
739 1242 940 1286 notitiam
954 1243 1073 1287 suiet
1096 1242 1278 1287 salutem
1300 1243 1439 1300 dabit,

50 1313 147 1374 quis
165 1329 235 1357 me
255 1312 422 1358 auferet
439 1313 502 1357 ei}J
524 1333 543 1356 «
564 1313 774 1358 Dominus
797 1323 1019 1374 protector
1039 1316 1139 1360 vitae
1157 1330 1287 1371 meze,
1314 1331 1337 1359 a
1354 1332 1443 1376 quo

54 1403 74 1445 1)
94 1383 355 1444 trepidabo?
374 1404 391 1426 »
414 1384 624 1429 Dominus
643 1384 825 1445 repellet
841 1401 991 1430 omnes
1007 1386 1195 1445 impetus
1207 1395 1251 1430 et
1269 1386 1443 1430 insidias

48 1454 184 1499 hostis
204 1455 311 1510 mei,
337 1470 360 1499 a
382 1454 506 1499 nullo
530 1454 775 1514 trepidabo.

111 1529 170 1571 II.
211 1546 228 1567 «
249 1529 363 1571 Dum
385 1527 740 1587 appropinquant
760 1543 890 1587 super
906 1542 977 1572 me
993 1537 1222 1584 nocentes,
1243 1537 1293 1573 ut
1310 1528 1443 1573 edant

51 1616 73 1640 »
97 1613 254 1642 carnes
288 1613 404 1642 meas
423 1599 454 1642 4.
481 1617 501 1639 11
528 1602 640 1643 Dum
669 1597 885 1643 accedunt
908 1599 963 1644 ad
991 1599 1341 1657 cognoscendum
1372 1615 1443 1643 me

49 1678 283 1725 nocentes,
311 1679 353 1713 et
372 1668 672 1714 insultandum
693 1705 704 1725 ,
730 1679 780 1714 ut
806 1686 850 1714 se
870 1670 977 1714 mihi
996 1670 1232 1730 praeferant
1253 1672 1441 1715 mutanti

49 1756 119 1785 me
137 1740 182 1784 in
204 1739 358 1785 melius
379 1761 389 1799 3
413 1740 690 1785 utmaledico
711 1740 841 1785 dente
864 1757 952 1785 non
976 1757 1045 1785 nie
1063 1751 1342 1797 consumant,
1368 1743 1442 1786 sed

44 1811 192 1872 potius
215 1810 403 1856 carnalia
427 1810 639 1856 desideria
661 1827 772 1856 mea.
805 1830 822 1852 «
850 1812 936 1865 Qui
954 1812 1168 1857 tribulant
1188 1828 1257 1856 me
1278 1813 1443 1857 inimici

52 1900 73 1924 »
99 1883 199 1927 mei.
224 1901 244 1924 »
269 1885 369 1928 Non
390 1881 532 1927 solum
550 1883 626 1943 qui
644 1898 713 1927 me
731 1883 945 1927 tribulant
969 1884 1107 1928 amico
1131 1884 1275 1929 animo
1298 1900 1443 1944 repre-

50 1953 319 2010 hendentes,
350 1963 393 1998 et
426 1970 450 1998 a
480 1955 703 2014 proposito
738 1970 941 1999 revocare
962 1955 1178 2010 volentes,
1208 1956 1285 2000 scd
1313 1958 1443 2000 etiam

49 2023 214 2069 inimici
242 2025 343 2068 mei.
385 2025 506 2084 «Ipsi
527 2024 735 2068 infirmati
765 2034 893 2081 sunt,
921 2034 964 2069 et
991 2025 1259 2070 ceciderunt.
1279 2048 1296 2068 ⁴»
1329 2030 1441 2071 Dum

49 2111 152 2155 ergo
173 2095 220 2140 id
242 2104 378 2155 agunt
395 2095 539 2140 studio
561 2094 829 2140 defendendi
851 2097 1111 2141 sententiam
1125 2113 1262 2153 suam,
1282 2098 1443 2142 infirmi

50 2166 154 2211 iacti
184 2175 287 2211 sunt
318 2165 375 2210 ad
401 2164 618 2211 credenda
641 2165 843 2224 meliora,
874 2176 917 2211 et
946 2167 1132 2211 verbum
1159 2167 1334 2224 salutis,
1367 2184 1444 2228 per

51 2237 172 2299 quod
192 2237 304 2282 facio
322 2237 442 2298 quod
464 2237 522 2281 eis
545 2236 770 2297 displicet,
795 2238 934 2282 odisse
956 2247 1201 2297 coeperunt.

112 2312 193 2355 III.
234 2327 251 2349 «
275 2309 318 2353 Si
344 2307 581 2354 consistant
603 2306 834 2353 adversum
860 2324 928 2352 nie
951 2317 1090 2353 castra
1109 2343 1120 2363 ,
1147 2324 1237 2353 non
1271 2308 1444 2353 timebit

53 2399 75 2425 ³>
101 2397 175 2427 cor
200 2395 348 2424 meum
363 2382 394 2424 ⁵.
424 2398 444 2421 »
470 2379 687 2424 Adversus
714 2396 783 2425 me
807 2389 953 2424 autem
985 2381 1018 2424 si
1046 2380 1443 2425 contradicentium

52 2453 303 2514 conspirans
325 2450 563 2496 multitudo
586 2451 818 2508 consistat,
849 2467 939 2496 non
968 2451 1139 2495 timebit
1169 2468 1244 2496 cor
1265 2467 1438 2507 meum,

67 2587 69 2589 -
100 2570 110 2587 ¹
131 2562 212 2596 psat.
230 2573 320 2603 xxvi,
338 2573 366 2594 1.
392 2577 434 2583 —
454 2567 467 2583 2
489 2560 567 2593 Vide
585 2563 622 2592 D.
644 2561 781 2604 Guillon,
802 2565 878 2593 tom.
901 2571 965 2602 xxi,
985 2572 1057 2604 pag.
1078 2560 1245 2604 411-416.
1268 2579 1310 2585 —
1326 2560 1339 2585 3
1359 2561 1441 2594 Psal.

52 2630 140 2663 xxvi,
162 2631 190 2652 1.
213 2636 255 2641 —
272 2616 386 2651 41bid.
404 2626 436 2650 2.
460 2634 501 2640 —-
529 2614 543 2640 5
559 2617 641 2649 Ibid.
663 2617 693 2649 3.
