1833 3284
417 227 658 258 ENARRATio
689 228 735 256 ΙΝ
767 226 969 256 PSALMUM
1002 229 1095 256 vm.
1362 217 1443 255 193

120 299 220 342 XII.
249 315 270 340 «
293 294 470 352 Omnia,
502 295 670 356 inquit,
696 294 916 355 subjecisti
943 294 1026 338 sub
1054 293 1238 354 pedibus
1260 288 1401 355 ejus¹ss
1419 312 1439 336 »

63 367 179 414 Nihil
195 368 349 428 exeipit
379 383 479 412 eum
507 365 638 422 dicit,
668 386 688 408 α
713 366 910 410 Omnia1.
934 384 955 407 »
976 369 1034 410 Et
1053 381 1109 409 ne
1141 364 1264 410 aliter
1295 364 1446 410 liceret

64 439 274 499 intelligi,
299 441 359 485 sic
374 438 607 500 Apostolus
620 439 738 485 credi
751 440 899 501 jubet,
924 455 1024 485 cum
1046 439 1152 484 dicit
1172 459 1180 484 :
1207 458 1227 481 «
1251 443 1445 500 Excepto

66 528 86 551 »
116 526 168 555 eo
190 510 267 571 qui
293 511 330 555 ei
357 510 540 571 subjecit
568 510 754 555 omnia2.
783 529 801 552 >2
830 514 887 555 Et
911 512 995 555 hoc
1017 511 1109 571 ipso
1133 510 1262 570 hujus
1287 510 1446 555 Psalmi

64 581 309 625 testimonio
330 581 469 626 utitur
492 580 548 625 ad
568 581 774 626 Hebraeos
792 616 802 636 ‚
825 596 927 626 cum
947 581 1006 626 ita
1027 580 1124 625 vult
1145 581 1292 625 omnia
1315 581 1447 626 intel-

60 650 137 710 ligi
157 666 246 696 esse
263 652 455 712 subJeeta
477 651 663 696 Domino
693 661 842 696 nostro
874 655 978 696 Jesu
1006 651 1206 697 Christo3
1223 686 1234 707 ‚
1260 661 1309 695 ut
1337 651 1446 695 nihil

62 731 291 782 exceptum
305 723 372 767 sit.
399 726 487 770 Nec
508 732 655 767 tamen
688 723 809 783 quasi
838 722 1004 783 aliquid
1035 738 1243 782 magnum
1275 721 1449 767 videtur

62 791 315 853 adjungere,
341 809 444 838 cum
465 793 594 848 dicit,
625 813 645 836 «
666 795 777 838 Oves
795 802 838 837 et
859 794 990 837 boves
1008 794 1249 848 universas,
1271 795 1449 853 insuper

66 882 86 905 »
125 873 168 908 et
196 879 352 924 pecora
381 864 545 924 campi3
573 864 770 909 volueres
799 863 925 918 coeli,
956 873 1000 908 et
1027 864 1163 924 pisces
1185 864 1314 908 maris
1334 900 1344 919 ⁷
1374 863 1451 924 qui

66 952 85 975 »
116 934 422 994 perambulant
452 935 623 979 semitas
651 934 821 978 maris⁴.
850 953 870 975 >›
904 934 1089 978 Videtur
1111 934 1248 990 enim,
1290 935 1450 979 relictis

62 1003 311 1050 coelestibus
334 1005 582 1050 Virtutibus
611 1014 654 1049 et
677 1004 966 1050 Potestatibus
990 1014 1033 1049 et
1061 1005 1262 1049 omnibus
1291 1007 1452 1050 exerci-

63 1075 474 1135 tibusAngelorum
491 1111 502 1131 ‚
523 1075 681 1120 relictis
704 1076 834 1119 etiam
852 1074 952 1134 ipsis
974 1076 1226 1120 hominibus
1241 1111 1251 1130 ‚
1279 1085 1451 1120 tantum

61 1147 99 1190 ei
115 1162 271 1206 pecora
293 1146 526 1207 subjecisse
548 1166 556 1191 ;
577 1146 656 1190 nisi
679 1161 779 1191 oves
809 1155 852 1189 et
876 1146 1006 1190 boves
1034 1145 1326 1205 intelligamus
1355 1147 1452 1190 ani-

59 1233 150 1261 mas
177 1227 366 1272 sanctas,
397 1217 467 1262 vel
494 1216 758 1261 innocentiae
793 1215 986 1260 fructum
1017 1215 1196 1272 dantes,
1227 1217 1296 1261 vel
1321 1218 1452 1262 etiam

60 1297 287 1351 operantes
308 1297 359 1333 ut
386 1297 499 1332 terra
528 1287 764 1332 fructificet
780 1322 791 1342 ,
815 1286 860 1330 id
881 1296 969 1342 est,
995 1296 1045 1331 ut
1072 1288 1232 1332 terreni
1253 1288 1452 1332 homines

59 1359 115 1405 ad
137 1359 373 1420 spiritalem
405 1359 652 1403 ubertatem
681 1367 1007 1417 regenerentur.
1036 1363 1123 1404 Has
1152 1375 1252 1417 ergo
1287 1360 1451 1405 animas

59 1439 226 1475 sanctas
241 1465 252 1486 ,
272 1429 362 1475 hon
377 1430 610 1475 hominum
624 1439 795 1474 tantum
809 1465 819 1485 ‚
845 1430 920 1474 sed
937 1430 1067 1474 etiam
1086 1431 1283 1474 omnium
1300 1434 1450 1490 Ange-

58 1501 203 1546 lorum
225 1510 397 1560 oportet
412 1501 607 1561 aecipere
619 1535 630 1556 ‚
648 1502 682 1545 si
699 1500 903 1545 volumus
923 1500 1025 1544 hinc
1044 1499 1287 1559 intelligere
1305 1502 1451 1547 omnia

58 1587 148 1616 esse
175 1571 369 1632 subjecta
403 1571 589 1617 Domino
618 1580 766 1616 nostro
810 1573 912 1614 Jesu
946 1570 1133 1615 Christo.
1166 1570 1296 1615 Nulla
1336 1572 1451 1615 enim

58 1650 254 1686 creatura
280 1641 477 1702 subjecta
504 1657 594 1685 non
623 1641 724 1696 erit,
756 1640 826 1684 cui
855 1640 1083 1699 primates,
1115 1649 1165 1684 ut
1189 1641 1247 1685 ita
1283 1640 1448 1697 dicam,

58 1712 232 1772 spiritus
269 1712 576 1772 subjiciuntur.
619 1710 703 1757 Sed
738 1711 857 1755 unde
888 1711 1172 1770 probabimus
1201 1727 1302 1756 oves
1326 1728 1452 1772 posse

59 1783 194 1842 accipi
211 1783 338 1827 etiam
357 1782 602 1827 sublimiter
618 1782 783 1837 beatos,
801 1798 890 1826 non
905 1782 1118 1836 homines,
1136 1781 1212 1826 sed
1228 1783 1451 1842 Angelicae

59 1863 268 1898 creaturae
291 1853 497 1913 spiritus?
519 1856 587 1897 An
605 1868 655 1896 ex
672 1868 724 1897 eo
743 1851 864 1913 quod
881 1853 1091 1896 Dominus
1106 1852 1212 1897 dicit
1229 1853 1452 1914 reliquisse

58 1938 103 1967 se
132 1923 369 1982 nonaginta
401 1938 562 1967 novem
584 1938 685 1967 oves
706 1923 752 1966 in
774 1922 1018 1976 montibus,
1051 1922 1202 1977 idest,
1234 1924 1279 1967 in
1309 1925 1450 1969 subli-

57 1994 270 2038 mioribus
300 1993 430 2048 locis,
462 2003 507 2038 et
538 1991 808 2038 descendisse
840 2002 1018 2053 propter
1048 1996 1238 2038 unam⁵P
1263 1995 1306 2039 Si
1335 1996 1451 2040 enim

59 2079 191 2108 unam
230 2079 357 2108 ovem
397 2063 561 2123 lapsam
593 2064 832 2107 humanam
873 2063 1062 2108 animam
1106 2063 1365 2123 accipiamus
1405 2067 1451 2110 in

59 2133 222 2190 Adam,
247 2134 350 2195 quia
372 2134 498 2178 etiam
523 2137 613 2178 Eva
635 2133 690 2178 de
708 2132 823 2177 illius
840 2133 973 2177 latere
995 2132 1110 2178 facta
1133 2137 1238 2191 est⁰‚
1259 2153 1449 2196 quorum

59 2205 258 2250 omnium
295 2204 542 2265 spiritaliter
581 2203 912 2249 tractandorum
948 2214 992 2248 et
1033 2204 1449 2252 considerandorum

60 2291 179 2320 nunc
195 2284 368 2335 tempus
390 2290 481 2319 non
502 2283 587 2330 est,
613 2284 745 2319 restat
764 2283 814 2319 ut
842 2275 1264 2334 nonaginta-novem
1286 2277 1449 2323 relictae

60 2346 106 2391 in
119 2346 358 2402 montibus,
372 2362 463 2390 non
476 2346 676 2402 humani,
692 2346 768 2390 sed
789 2345 988 2405 Angeliei
1011 2346 1185 2406 spiritus
1201 2348 1450 2407 intelligan-

61 2426 149 2462 tur.
173 2420 284 2464 Nam
306 2417 361 2462 de
382 2416 523 2462 bobus
545 2415 682 2461 facilis
704 2416 921 2477 egpeditio
944 2425 1009 2461 est
1029 2418 1160 2478 hujus
1191 2421 1417 2465 sententiae
1437 2442 1445 2467 :

111 2520 119 2537 ¹
137 2513 287 2546 Psal.v1n
301 2538 311 2556 ‚
330 2514 362 2546 8.
383 2530 425 2536 -—
441 2520 454 2536 2
474 2525 485 2545 1
505 2515 577 2545 Cor.
598 2524 651 2555 xv,
668 2522 722 2555 27.
748 2529 789 2536 —-
807 2511 820 2535 3
841 2513 939 2545 Hebr.
962 2522 998 2555 ιι,
1018 2513 1050 2547 8.
1076 2531 1119 2537 ·—
1137 2512 1151 2539 Δ
1172 2514 1249 2547 Psal.
1272 2527 1382 2560 v111‚9.
1408 2535 1449 2542 --

66 2567 79 2593 f·
98 2570 213 2602 Matth.
229 2580 316 2611 xviii,
335 2578 387 2611 12,
408 2573 442 2602 et
454 2571 532 2602 Luc.
552 2580 608 2610 xv,
623 2567 655 2611 4.
675 2586 718 2592 —-
734 2567 750 2592 6
774 2572 854 2602 Gen.
881 2580 916 2612 ιι,
935 2577 990 2601 22.

249 2634 370 2665 cxiv.
1165 2625 1212 2664 13
