1833 3284
357 232 441 273 224
793 246 826 271 s.
865 243 1094 272 Ati-cusum
1125 245 1307 272 EPlscoPl

356 320 514 354 terram
537 318 683 353 autem
702 307 776 352 illa
802 324 934 369 quam
973 308 1138 352 radiare
1171 308 1234 353 sol
1264 324 1352 352 non
1377 317 1531 368 potest.
1564 312 1680 368 Ergo
1701 319 1744 354 et

353 380 595 425 secundum
629 380 741 424 hanc
782 379 1030 439 opinionem
1050 415 1060 434 ,
1092 379 1196 424 luna
1230 378 1487 438 intelligitur
1522 379 1741 441 Ecclesia,

353 451 472 511 quod
495 466 623 495 suum
644 450 795 494 lumen
814 466 903 494 non
917 450 1073 493 habeat
1086 486 1095 504 ‚
1113 450 1188 493 sed
1204 450 1257 494 ab
1277 450 1504 509 unigenito
1520 451 1595 494 Dei
1615 450 1742 506 Filio,

352 524 429 584 qui
444 523 592 567 multis
610 523 714 567 locis
731 523 775 566 in
793 522 950 566 sanctis
969 522 1200 582 Scripturis
1218 521 1445 580 allegorice
1466 521 1538 567 Sol
1560 521 1747 582 appella-

354 604 422 640 tus
435 605 514 649 est,
531 595 789 639 illustratur.
802 596 944 647 Quem
958 595 1196 639 nescientes
1210 603 1252 638 et
1266 610 1443 638 cernere
1458 610 1547 638 non
1559 593 1750 639 valentes

353 666 543 710 haeretiei
556 665 815 726 quidamffi),
828 664 882 709 ad
896 665 1025 709 istum
1039 663 1173 709 solem
1188 679 1447 725 corporeum
1460 674 1503 708 et
1516 664 1746 722 visibilem,

351 736 472 797 quod
495 752 728 781 commune
749 735 900 780 lumen
924 744 988 780 est
1012 735 1151 780 carnis
1172 736 1402 781 hominum
1426 745 1557 796 atque
1578 752 1750 780 musca-

352 823 466 861 rum,
483 823 631 851 sensus
646 805 906 865 simplicium
926 815 1141 850 conantur
1155 815 1362 862 avertere,
1379 816 1421 850 et
1432 805 1749 851 nonnullorum

353 887 577 934 avertunt,
603 877 679 938 qui
702 876 899 938 quandiu
918 894 1005 922 non
1027 887 1206 938 possunt
1229 878 1480 923 interiorem
1498 877 1641 922 lucem
1671 893 1749 922 ve-

354 938 490 993 ritatis
523 958 670 993 mente
706 948 932 1004 contueri,
970 949 1153 1008 simplici
1183 948 1269 993 fide
1306 948 1519 994 catholica
1552 948 1750 994 contenti

352 1036 441 1064 esse
460 1019 617 1064 nolunt
636 1039 643 1064 :
670 1035 769 1080 quae
791 1035 877 1063 una
898 1018 1086 1079 parvulis
1110 1019 1223 1064 salus
1247 1029 1310 1064 est
1320 1057 1335 1076 ,
1356 1029 1399 1064 et
1420 1036 1508 1080 quo
1526 1036 1616 1064 uno
1638 1019 1749 1065 lacte

353 1092 409 1136 ad
427 1092 676 1136 firmitatem
694 1091 906 1135 solidioris
921 1091 1007 1135 cibi
1025 1101 1142 1136 certo
1159 1092 1315 1136 robore
1333 1092 1600 1152 pervcnitur.
1623 1094 1751 1144 Quae-

352 1161 458 1206 libet
481 1177 582 1219 ergo
603 1162 789 1206 duarum
812 1162 991 1206 istarum
1012 1162 1269 1222 opinionum
1291 1178 1389 1207 vera
1412 1164 1480 1217 sit,
1498 1178 1748 1221 congruen-

350 1241 416 1276 ter
438 1233 648 1292 accipitur
671 1232 901 1292 allegorice
924 1232 1042 1287 luna,
1069 1232 1274 1277 Ecclesia.
1301 1237 1390 1277 Aut
1415 1234 1447 1277 si
1469 1234 1513 1277 in
1536 1234 1623 1278 istis
1645 1233 1748 1278 obs-

351 1304 611 1347 curitatibus
643 1303 776 1361 magis
811 1303 1043 1362 negotiosis
1083 1319 1215 1364 quam
1257 1302 1516 1358 fluctuosis⁷
1549 1320 1748 1349 exercere

352 1375 546 1419 animum
571 1384 646 1419 aut
676 1391 765 1419 non
793 1375 926 1430 libet,
961 1384 1035 1419 aut
1064 1391 1152 1419 non
1179 1384 1324 1430 vacat,
1359 1385 1434 1419 aut
1463 1376 1634 1419 animus
1657 1376 1747 1435 ipse

351 1462 441 1490 non
458 1445 600 1490 valet:
636 1446 734 1490 satis
758 1456 821 1490 est
849 1445 999 1490 lunam
1025 1446 1309 1506 popularibus
1339 1446 1474 1491 oculis
1497 1447 1679 1501 intueri,
1705 1455 1748 1491 et

351 1534 441 1562 non
463 1534 659 1578 quaerere
683 1518 889 1562 obscuras
904 1534 1075 1572 causas,
1100 1517 1175 1562 sed
1198 1534 1298 1562 cum
1317 1519 1521 1563 omnibus
1544 1528 1588 1563 et
1605 1520 1747 1563 incre-

351 1598 497 1645 menta
520 1591 612 1649 ejus
635 1598 677 1633 et
697 1588 1016 1648 complementa
1039 1598 1082 1633 et
1106 1588 1365 1634 detrimenta
1383 1588 1557 1634 sentire.
1585 1592 1693 1643 Quae
1712 1589 1747 1634 si

349 1670 580 1719 propterea
610 1659 757 1704 deficit
789 1669 839 1704 ut
861 1670 1110 1715 renovetur,
1138 1661 1268 1704 etiam
1291 1661 1371 1720 ipsi
1394 1660 1605 1720 imperitae
1627 1660 1745 1704 mul—

353 1731 531 1775 titudini
561 1730 832 1775 demonstrat
864 1730 1071 1775 Ecclesize
1109 1732 1309 1790 liguram,
1349 1732 1394 1775 in
1435 1748 1521 1792 qua
1554 1732 1746 1776 creditur

350 1803 607 1846 resurrectio
623 1812 911 1846 mortuorum.

411 1874 485 1916 lV.
514 1872 679 1916 Deinde
706 1872 995 1933 quaerendum
1016 1882 1104 1927 est,
1132 1872 1241 1933 quid
1262 1873 1307 1916 in
1328 1873 1412 1917 hoc
1436 1872 1607 1917 Psalmo
1629 1873 1743 1918 acci-

350 1942 493 2002 piatur
512 1963 531 1985 «
552 1943 748 1987 Obscura
766 1943 887 1997 luna,
906 1962 924 1983 n
951 1942 995 1986 in
1018 1959 1103 2004 qua
1128 1953 1374 2003 peccatores
1396 1944 1598 2003 sagittare
1615 1960 1744 2004 para-

348 2024 507 2058 verunt
537 2024 674 2059 rectos
706 2013 851 2059 corde.
888 2017 986 2059 Non
1018 2014 1133 2057 enim
1163 2030 1253 2059 uno
1287 2015 1420 2060 modo
1449 2014 1534 2059 dici
1557 2015 1743 2060 obscura

348 2084 451 2129 luna
475 2095 618 2145 potest
641 2105 649 2130 ;
677 2101 776 2129 nam
804 2094 847 2129 et
872 2100 971 2129 cum
1003 2085 1154 2128 finitur
1186 2086 1417 2129 menstruis
1445 2085 1665 2140 cursibus,
1699 2095 1743 2131 et

347 2172 448 2200 cum
471 2157 562 2216 ejus
581 2156 728 2215 fulgor
746 2156 900 2200 nubilo
915 2155 1224 2215 interpolatur,
1246 2165 1290 2199 ct
1311 2172 1411 2200 cum
1430 2155 1558 2215 plena
1576 2155 1739 2212 deficit,

348 2226 432 2270 (lici
450 2237 594 2286 potest
611 2228 794 2272 obscura
827 2226 945 2270 luna.
970 2230 1116 2271 Potest
1134 2242 1236 2285 ergo
1254 2235 1297 2270 et
1314 2225 1368 2270 de
1391 2227 1741 2286 persecutoribus

347 2301 593 2356 Martyrum
616 2299 828 2358 intelligi,
855 2297 975 2359 quod
1005 2298 1207 2357 sagittare
1231 2297 1450 2342 voluerint
1479 2298 1525 2342 in
1556 2299 1741 2344 obscura

347 2367 451 2413 luna
472 2380 608 2415 rectos
631 2369 761 2415 corde
785 2390 793 2414 z
815 2370 902 2414 sive
926 2370 1069 2414 adhuc
1092 2369 1135 2412 in
1162 2369 1365 2414 Ecclesiae
1394 2370 1586 2414 novitate
1602 2405 1613 2425 ‚
1638 2371 1739 2431 quia

347 2440 545 2485 nondum
579 2443 699 2486 terris
726 2444 862 2503 major
883 2441 1105 2486 effulserat
1122 2477 1132 2496 ‚
1158 2451 1201 2486 et
1219 2441 1447 2502 gentilium
1468 2443 1738 2502 superstitio-

347 2528 453 2556 num
488 2513 686 2557 tenebras
712 2513 873 2557 vicerat
910 2533 918 2557 ε
953 2512 1040 2557 sive
1078 2511 1237 2571 linguis
1273 2511 1626 2572 blasphemorum
1647 2548 1657 2568 ‚
1694 2521 1738 2557 et

346 2583 629 2628 christianum
673 2600 834 2629 nomen
876 2583 986 2628 male
1019 2582 1339 2628 diffamantium
1358 2618 1369 2640 ‚
1404 2584 1527 2644 quasi
1563 2582 1735 2628 nebulis
