1833 3284
358 273 411 308 ⁴3⁸2
792 282 824 308 S.
862 283 1091 308 ALGLS'MNI
1126 282 1303 308 EPISCOPI

358 365 377 385 »
415 346 549 388 bum¹
583 365 591 390 ;
619 364 638 386 »
680 355 727 389 ut
758 346 811 389 sit
839 345 973 399 ordo,
1015 344 1239 397 «Quando
1279 344 1428 400 faciet,
1465 354 1612 389 utrum
1647 343 1742 404 quis

356 434 376 456 υ
413 416 516 460 sciet
538 416 742 460 virtutem
768 416 950 460 tonitrus
972 416 1091 474 ejus?
1117 433 1136 455 »

415 489 594 530 XXVII.
635 489 737 531 «Et
768 487 942 547 spiritus
975 485 1146 529 divinus
1176 487 1221 530 in
1256 487 1434 531 naribus
1467 487 1627 530 meis.»
1665 485 1745 529 Hic

353 557 598 603 ostenditur
620 559 871 618 prophetice
885 573 986 601 eum
1002 557 1145 601 dicere
1162 574 1260 618 quae
1278 558 1404 613 dicit,
1428 568 1471 602 et
1492 557 1745 618 prophetice

353 646 637 689 cognoscere,
681 631 781 691 qnia
806 629 874 673 isti
910 629 1200 674 consolatores
1230 632 1321 691 ejus
1352 630 1454 674 dolo
1476 628 1594 689 pleni
1625 637 1741 672 sunt.

358 722 378 744 «
404 702 527 746 Absit
549 718 571 745 a
595 717 664 745 me
681 703 820 761 justos
843 717 916 745 vos
939 700 1098 755 dicere,
1124 701 1263 746 donec
1295 703 1484 747 moriar²
1503 721 1510 745 :
1541 720 1560 742 »
1583 699 1747 745 etiamsi

354 789 490 832 usque
509 772 564 816 ad
582 782 765 816 mortem
783 772 1101 832 persequamini
1123 788 1193 816 me
1207 808 1217 828 ,
1243 773 1343 833 quia
1362 789 1437 817 vos
1454 772 1590 816 libere
1608 787 1750 831 repre-

353 842 514 888 hendo.
541 863 561 885 «
584 846 673 889 Nee
685 844 800 887 enim
814 844 1024 903 separabo
1046 843 1322 888 innocentem
1344 864 1352 889 z
1377 864 1396 885 η
1420 860 1473 888 ne
1494 852 1744 896 vosautem.

358 935 377 957 «
396 917 483 959 Nec
497 916 613 959 enim
627 916 823 960 conscius
840 931 934 960 sum
952 915 1060 959 mihi
1073 915 1274 976 iniquum
1288 916 1395 977 quid
1413 916 1745 961 eon11nisisse3.»

356 985 425 1031 Illi
447 986 562 1031 enim
586 986 727 1031 solent
743 985 1006 1047 plerumque
1025 986 1116 1031 aliis
1134 1003 1327 1047 parcere,
1346 988 1422 1048 qui
1444 996 1649 1031 metuunt
1670 985 1751 1030 sibi

355 1056 521 1119 aliquid
555 1073 706 1101 verum
739 1057 886 1117 objici.
929 1060 1070 1111 «Quae
1097 1059 1212 1101 enim
1240 1074 1335 1118 spes
1363 1067 1427 1102 est
1449 1058 1610 1117 impio?
1640 1056 1751 1110 Quia

357 1147 378 1170 »
414 1137 626 1188 expectat.
658 1147 676 1169 »
698 1131 762 1173 Ne
784 1128 880 1188 quis
903 1137 1077 1188 putaret
1106 1128 1218 1172 male
1247 1144 1347 1173 eum
1370 1138 1537 1188 optasse
1570 1126 1752 1171 inimicis

355 1200 442 1245 suis
461 1235 471 1254 ,
498 1200 567 1243 hic
600 1199 771 1259 aperuit
799 1216 888 1259 quo
917 1200 1061 1243 animo
1092 1199 1265 1244 dixerit.
1294 1200 1566 1260 [mpietatem
1589 1198 1754 1259 quippo

356 1270 532 1315 illorum
566 1270 662 1315 vult
690 1271 845 1325 everti,
877 1280 919 1314 et
947 1271 1086 1330 perire
1118 1270 1365 1330 superbiam
1393 1291 1401 1315 :
1429 1269 1550 1331 quod
1580 1271 1629 1313 fit
1652 1284 1754 1313 eum

356 1341 538 1386 solvitur
568 1342 621 1385 ab
649 1342 871 1401 impietate
899 1342 1040 1385 anima
1069 1358 1167 1402 quac
1195 1342 1427 1386 tenebatur
1450 1357 1541 1398 rea,
1573 1339 1755 1385 solvitur

358 1422 506 1457 autem
538 1428 615 1472 per
644 1411 957 1457 confessionem
980 1413 1234 1472 poenitentis
1259 1413 1469 1468 hominis,
1497 1421 1539 1456 et
1575 1411 1755 1471 gratiam

357 1484 618 1544 ignoscentis
642 1484 733 1527 Dei.
755 1487 871 1543 Ergo
895 1504 914 1525 «
934 1487 1043 1537 Quae
1061 1485 1175 1528 enim
1195 1501 1288 1545 spes
1305 1494 1369 1529 est
1388 1485 1553 1545 impio?
1573 1503 1592 1525 »
1620 1484 1756 1528 inter-

357 1556 524 1615 rogatio
569 1575 576 1600 :
620 1566 662 1600 et
702 1557 946 1616 responsio,
993 1557 1145 1610 «Quia
1178 1566 1376 1617 expectat
1411 1565 1454 1600 et
1486 1556 1668 1601 confidit
1711 1556 1757 1600 in

361 1646 381 1669 >›
418 1627 626 1682 Domino,
653 1628 685 1671 si
708 1628 821 1672 sorte
841 1627 1048 1684 solvatur,
1076 1637 1152 1672 aut
1169 1644 1318 1688 preces
1341 1629 1433 1689 ejus
1456 1626 1658 1672 exaud-iat
1676 1630 1758 1672 Do-

361 1717 382 1739 »
418 1699 607 1742 minus&
633 1717 651 1738 »
694 1701 841 1741 Potest
865 1697 1043 1758 quidem
1076 1708 1118 1742 et
1152 1698 1259 1743 alius
1281 1715 1430 1743 sensus
1457 1714 1685 1743 occurrere
1712 1698 1758 1742 in

361 1769 424 1813 his
459 1768 624 1824 verbis,
661 1768 736 1812 sed
768 1784 856 1812 non
890 1769 947 1812 ita
983 1769 1229 1813 contexitur
1262 1779 1306 1814 et
1335 1769 1448 1814 libro
1482 1779 1526 1813 et
1556 1768 1683 1824 fidei,
1709 1778 1760 1813 ut

360 1839 483 1900 quasi
509 1849 649 1884 totum
672 1855 722 1883 ex
752 1839 1053 1898 desperatione
1077 1840 1151 1895 sit,
1180 1839 1300 1900 quod
1327 1856 1447 1900 spem
1473 1856 1645 1900 prorsus
1669 1855 1759 1884 non

359 1912 520 1957 habeat
552 1910 710 1970 impius
744 1929 751 1953 :
779 1926 881 1953 eum
911 1909 1114 1955 adversus
1146 1911 1229 1955 hoe
1259 1912 1467 1971 seriptum
1489 1911 1543 1956 sit
1571 1931 1579 1955 ε
1610 1932 1628 1952 «
1650 1913 1757 1956 Cre-

362 2000 382 2024 »
420 1981 541 2025 denti
573 1989 718 2024 autem
753 1980 798 2024 in
827 1996 927 2024 eum
952 1981 1026 2040 qui
1045 1981 1256 2041 justificat
1282 1981 1492 2041 impium,
1520 1981 1759 2041 deputatur

363 2071 383 2095 »
420 2051 526 2096 fides
549 2053 637 2112 ejus
652 2050 703 2094 ad
717 2051 972 2111 justitiamf’.
998 2070 1016 2091 »
1044 2055 1101 2095 Et
1122 2052 1220 2096 ideo
1241 2052 1362 2113 quod
1384 2053 1597 2113 sequitur,
1624 2052 1759 2111 gratia

363 2123 533 2167 Domini
565 2121 709 2165 dicere
742 2120 1014 2179 intelligitur.
1056 2125 1185 2166 «Aut
1217 2123 1250 2166 si
1273 2124 1464 2167 evenerit
1500 2124 1535 2167 ei
1571 2123 1758 2168 necessi-

363 2213 383 2234 »
421 2203 497 2236 tas.
528 2211 546 2233 »
571 2192 675 2236 Ideo
698 2191 907 2235 debemus
926 2201 1152 2252 expectare
1171 2194 1351 2252 gratiam
1370 2193 1590 2238 solventis.
1617 2197 1757 2238 Num-

361 2264 470 2326 quid
496 2264 611 2308 enim
630 2265 676 2307 in
694 2262 970 2318 necessitate,
998 2263 1042 2307 id
1065 2274 1148 2319 est,
1179 2265 1224 2308 in
1250 2266 1513 2321 tentatione,
1552 2286 1571 2307 «
1594 2266 1760 2311 Habuit

364 2355 384 2378 »
421 2334 652 2389 fiduciam,
682 2353 700 2375 »
727 2335 982 2379 meritorum
1006 2335 1051 2378 in
1074 2346 1311 2396 conspeetu
1332 2337 1443 2381 Dei?
1476 2357 1496 2379 «
1523 2341 1612 2382 Aut
1633 2337 1667 2381 si
1690 2338 1758 2382 in-

363 2428 382 2450 »
419 2407 638 2451 vocaverit
656 2405 857 2449 exaudiet
879 2407 1033 2450 eumssP
1059 2425 1077 2446 »
1105 2407 1138 2450 si
1162 2417 1369 2468 tanquam
1389 2407 1549 2453 fiducia
1573 2425 1757 2468 operum

361 2493 540 2523 suorum
574 2477 765 2531 invocat,
804 2492 903 2536 quae
929 2475 1050 2520 nulla
1080 2486 1203 2533 sunt,
1239 2481 1555 2538 «Quapropter
1582 2496 1756 2524 annun-

411 2583 418 2597 ¹
440 2578 581 2613 Joau.1‚
606 2586 632 2606 1.
652 2591 692 2595 —
715 2581 726 2595 ²
745 2573 818 2604 Job.
841 2585 947 2614 xxvii,
969 2573 987 2604 3
1003 2578 1035 2605 et
1065 2573 1097 2605 5.
1134 2591 1174 2595 --
1198 2572 1310 2606 31bid.
1331 2574 1364 2605 G.
1397 2592 1437 2596 ——
1463 2574 1476 2604 si
1498 2575 1580 2608 lbid.
1606 2576 1638 2617 ὃ,
1660 2587 1691 2619 9.
1714 2594 1756 2599 —

361 2632 480 2664 5110111.
505 2630 588 2668 1V,.13
628 2647 660 2652 κ
676 2628 690 2649 ‘¹'
709 2629 751 2660 ol)
791 2641 889 2670 xxvii,
910 2640 941 2670 9,
971 2640 1020 2660 10.
