1833 3284
225 267 466 296 ENARRATIO
502 270 530 294 11
565 270 607 295 ιΝ
641 267 841 295 PsALMUM
877 268 993 303 xxx,
1028 264 1153 293 SERM.
1192 266 1255 291 111.
1346 252 1430 291 423

49 334 145 379 loco
176 331 398 378 Psalmus?
425 332 659 393 Dominum
692 347 782 376 non
813 333 1165 375 invocaverunt¹.
1200 333 1257 374 Et
1278 330 1431 390 utiquo

48 404 381 458 invocaverunt,
416 418 498 446 nec
538 412 684 446 tamen
717 403 1043 448 invocaverunt.
1081 402 1272 445 Breviter
1306 400 1427 457 dico,

48 475 257 535 quoniam
283 483 384 518 nata
416 483 480 518 est
507 475 710 534 quaestio,
739 482 788 517 ut
824 482 987 517 tantam
1016 473 1260 517 mercedem
1293 474 1433 532 exigat

48 547 181 591 homo
202 545 392 605 allegans
413 561 555 589 unum
578 546 779 589 meritum
793 580 804 599 ,
830 545 1037 598 dicendo,
1060 564 1079 586 «
1103 545 1214 598 Quia
1234 545 1433 590 invocavi

51 635 72 662 η
107 627 165 673 te,
189 635 210 658 »
236 632 336 661 cum
357 616 580 661 videamus
603 634 626 662 a
649 627 737 661 tam
754 615 901 659 multis
920 615 1042 660 malis
1064 616 1255 660 invocari
1274 620 1430 673 Deum,

48 697 148 732 nata
171 697 235 731 est
255 687 438 748 quaestio
460 706 468 732 ;
494 687 612 731 unde
641 703 732 731 non
762 685 1077 730 transeundum
1100 695 1177 730 est.
1207 687 1311 731 Dico
1334 702 1435 745 ergo

47 759 236 804 breviter
267 759 435 803 homini
473 774 633 803 avaro:
666 762 844 803 Invocas
880 760 1051 803 Deum?
1083 761 1227 812 Quare
1261 759 1435 805 invocas

48 832 218 875 Deum?
242 832 299 874 Ut
326 830 401 874 det
428 830 534 873 mihi
555 829 742 874 lucrum.
774 833 963 874 Lucrum
995 844 1096 888 ergo
1123 830 1320 885 invocas,
1346 846 1435 875 non

47 905 202 948 Deum.
228 903 338 956 Quia
362 902 446 946 hoc
466 901 637 946 lucrum
659 901 781 963 quod
803 901 1085 961 concupiscis,
1106 917 1195 946 non
1217 910 1339 961 potes
1355 903 1436 947 ha-

47 973 151 1018 bere
180 988 256 1033 per
283 988 455 1017 servum
484 982 634 1028 tuum,
662 984 750 1017 non
779 981 900 1033 potes
933 972 1096 1016 habere
1122 988 1201 1032 per
1228 972 1434 1018 colonum

46 1052 190 1099 tuum,
214 1059 292 1104 per
309 1043 510 1088 clientem
529 1053 673 1098 tuum,
693 1059 770 1104 per
790 1045 976 1089 amicum
1001 1053 1144 1098 tuum,
1170 1059 1249 1103 per
1274 1043 1436 1088 satelli-

48 1124 137 1159 tem
155 1123 283 1158 tuum
301 1133 310 1159 :
328 1114 503 1158 invocas
521 1117 676 1170 Deum,
691 1115 937 1159 ministrum
957 1114 1068 1159 lucri
1083 1124 1131 1158 tu
1150 1113 1254 1159 facis
1269 1117 1408 1159 Deum
1423 1135 1431 1159 :

47 1184 176 1230 viluit
191 1185 271 1228 tibi
292 1188 418 1229 Deus.
437 1185 510 1229 Vis
529 1185 730 1229 invocare
747 1186 916 1229 Deum?
933 1185 1074 1229 Gratis
1092 1185 1260 1229 invoca.
1277 1188 1432 1239 Avare,

48 1271 104 1299 an
127 1271 283 1314 parum
304 1264 368 1299 est
388 1255 492 1310 tibi,
523 1255 558 1299 si
581 1264 623 1299 te
643 1254 821 1315 impleat
844 1256 934 1315 ipse
955 1256 1099 1299 Deus?
1122 1258 1235 1299 Deus
1255 1255 1290 1299 si
1315 1254 1369 1299 ad
1392 1264 1435 1299 te

47 1326 194 1371 veniat
215 1326 305 1370 sine
327 1342 434 1370 auro
455 1334 499 1369 et
520 1339 709 1385 argento,
731 1343 821 1371 non
841 1326 904 1370 vis
924 1325 1080 1370 illum?
1097 1325 1213 1380 Quid
1236 1341 1337 1384 ergo
1354 1326 1437 1370 tibi

47 1397 102 1441 de
124 1397 190 1442 his
211 1414 312 1458 quw
335 1396 437 1442 fecit
458 1401 572 1442 Deus
592 1398 774 1453 sufficit,
799 1398 869 1442 cui
892 1401 1000 1441 Deus
1025 1397 1118 1457 ipse
1138 1413 1226 1441 non
1243 1397 1436 1441 sufficit?

46 1468 205 1513 Merito
233 1483 334 1526 ergo
362 1478 484 1526 rogat
501 1471 607 1513 iste:
633 1487 652 1510 «
673 1471 769 1513 Non
794 1468 1056 1523 confundar,
1082 1468 1290 1528 quoniam
1311 1468 1436 1514 invo-

51 1558 71 1581 »
106 1539 202 1583 cavi
231 1548 287 1583 te.
333 1557 354 1580 »
386 1542 591 1583 Invocate
626 1540 883 1593 Dominum,
920 1538 1093 1593 fratres,
1119 1540 1151 1582 si
1182 1555 1272 1583 non
1303 1538 1435 1583 vultis

45 1608 274 1655 confundi.
295 1608 609 1654 Confusionem
631 1610 745 1653 enim
764 1609 999 1670 quamdam
1021 1610 1143 1653 timet
1159 1609 1259 1664 iste,
1278 1609 1332 1653 de
1348 1626 1434 1670 qua

45 1682 92 1726 in
111 1681 407 1741 superioribus
433 1681 587 1726 Psalmi
612 1680 784 1726 locutus
807 1690 895 1725 est:
918 1701 934 1721 «
955 1684 1006 1724 In
1024 1690 1088 1736 te,
1110 1681 1316 1737 Domine,
1338 1696 1436 1740 spe-

50 1771 70 1793 »
97 1753 209 1807 ravi,
229 1768 318 1796 non
341 1751 588 1796 confundar
609 1753 655 1796 in
677 1761 906 1796 aeterntim.
930 1772 946 1793 »
965 1755 1075 1797 Nam
1098 1761 1149 1796 ut
1171 1751 1310 1796 sciatis
1333 1752 1435 1812 quia

45 1823 170 1866 istam
209 1821 513 1867 confusionem
552 1823 698 1878 timet,
734 1822 843 1883 quid
877 1821 1065 1877 addidit,
1101 1837 1202 1865 cum
1237 1821 1431 1867 dixisset:

52 1913 72 1935 «
105 1896 202 1939 Non
219 1893 466 1938 confundar
482 1895 526 1937 in
547 1903 778 1949 aeternum,
800 1894 1007 1954 quoniam
1025 1894 1222 1938 invocavi
1237 1895 1310 1937 te?
1327 1896 1437 1937 Eru-

51 1983 71 2006 »
107 1965 286 2009 bescant
301 1964 445 2024 impii,
462 1973 505 2008 et
524 1964 799 2009 deducantur
815 1965 861 2008 in
877 1963 1120 2009 infernum:
1142 1983 1161 2005 »
1181 1964 1437 2009 confusione

48 2036 201 2095 utique
223 2035 295 2079 illa
318 2035 362 2078 in
386 2044 616 2079 aeternum.

107 2108 162 2150 V.
189 2125 208 2145 a
233 2109 356 2150 Muta
379 2106 626 2150 efficiantur
652 2105 767 2150 labia
785 2106 957 2161 dolosa,
976 2121 1075 2167 quae
1098 2106 1342 2166 loquuntur
1364 2106 1438 2151 ad-

52 2195 71 2218 »
106 2191 253 2220 versus
265 2177 433 2236 justum
451 2177 726 2237 iniquitatem
739 2212 749 2231 ,
767 2176 1031 2236 insuperbia
1049 2185 1091 2220 et
1108 2186 1279 2221 contem
1288 2180 1396 2233 ptu‘2.
1414 2195 1433 2217 »

49 2250 198 2292 Justus
226 2248 304 2291 iste
327 2241 524 2293 Christus
548 2258 625 2292 est.
652 2247 791 2293 Multa
820 2248 932 2292 labia
962 2248 1207 2308 loquuntur
1235 2247 1438 2292 adversus

49 2334 149 2364 eum
172 2319 447 2379 iniquitatem
470 2320 515 2363 in
537 2320 734 2378 superbia
758 2329 801 2363 et
824 2329 1093 2379 contemptu.
1120 2323 1262 2374 Quare
1291 2319 1337 2362 in
1364 2335 1440 2362 su-

50 2391 199 2451 perbia
220 2400 263 2434 et
285 2393 568 2450 contemptu?
589 2392 701 2445 Quia
721 2391 1060 2451 contemptibilis
1083 2390 1278 2450 superbis
1301 2406 1437 2450 appa-

52 2463 159 2516 ruit,
184 2463 260 2522 qui
291 2471 378 2505 tam
409 2462 584 2507 humilis
614 2464 748 2507 venit.
779 2466 874 2507 Non
899 2463 960 2506 vis
982 2472 1032 2506 ut
1060 2471 1366 2506 contemnatur
1384 2463 1438 2506 ab

52 2533 213 2592 eisqui
234 2533 418 2577 honores
442 2542 611 2588 amant,
636 2533 709 2577 ille
731 2533 807 2594 qui
834 2542 975 2577 tantas
1000 2532 1285 2578 contumelias
1316 2548 1440 2577 acce-

101 2624 109 2638 ¹
131 2616 211 2648 psal.
232 2628 303 2655 xm,
318 2616 350 2658 5,
365 2621 398 2648 et
416 2628 468 2656 Lu,
486 2619 517 2649 (ἰ.
540 2635 582 2639 --
600 2625 613 2639 ²
632 2618 708 2649 Psai.
731 2617 879 2658 xxxsiq.
