1833 3284
402 220 452 259 14
825 231 857 255 s.
896 228 1124 253 Aue-usum
1157 227 1341 255 EPtsCOPl

394 296 642 341 confitetur.
674 292 795 338 Unde
817 301 881 337 est
902 311 911 337 ;
940 311 960 334 «
987 290 1071 344 Qui
1092 290 1197 336 facit
1218 292 1460 346 veritatem,
1486 291 1610 336 venit
1640 289 1696 334 ad
1715 291 1785 334 lu-

399 384 419 408 »
454 367 590 411 cem1.
614 366 765 423 Neque
794 363 911 407 enim
932 361 1224 407 elocutionem
1254 363 1462 408 sermonis
1494 361 1626 407 vestri
1658 361 1787 406 susti-

400 456 420 478 »
454 436 611 480 nebo‘2.
639 453 660 476 »
688 434 765 478 Dei
791 434 907 478 enim
936 449 980 478 se
1011 432 1277 478 locutionem
1304 433 1412 478 dixit
1439 433 1673 487 sustinere,
1699 448 1788 492 qua

396 508 647 551 instruatur.
685 524 706 548 «
739 507 1055 549 Verumtamen
1089 519 1217 564 super
1253 503 1474 565 pupillum
1506 503 1731 548 irruistis³.
1760 521 1782 544 η

396 576 527 631 Quod
557 576 613 621 ad
644 591 717 621 vos
751 575 956 636 pertinet,
976 574 1182 620 insultare
1213 576 1318 620 mihi
1353 575 1566 631 voluistis,
1589 573 1788 635 quamvis

395 665 486 694 non
511 647 805 693 intellexeritis
827 647 935 707 quid
964 647 1191 706 significet.
1229 648 1341 701 Quia
1373 663 1516 708 neque
1547 647 1632 692 Job
1654 660 1787 706 quem

394 720 616 776 videbant,
633 719 841 764 insultare
858 719 1120 775 debuerant,
1139 718 1254 775 ideo,
1275 739 1296 762 «
1310 722 1639 764 Verumtamen.
1658 720 1787 763 Nune

397 811 418 834 »
455 801 602 836 autem
630 790 905 852 inspicientes
934 799 1086 835 vacate
1117 790 1249 834 mit1i⁴
1273 810 1282 836 ε
1307 806 1398 836 non
1432 790 1644 835 habentes
1666 787 1789 849 quod

394 878 463 908 me
479 862 683 908 doceatis.
708 882 728 905 «
749 865 806 907 Et
823 878 996 906 rursum
1012 862 1191 922 justitiae
1213 861 1447 908 adestote5.
1471 882 1492 904 »
1514 862 1626 915 Quia
1645 860 1790 920 primo

394 933 657 978 videbantur
690 933 771 978 sibi
799 933 967 994 justitia
1001 933 1098 993 cogi
1134 932 1189 978 ad
1226 932 1515 995 loquendum.
1551 952 1571 976 «
1604 935 1702 978 Non
1723 939 1789 975 est

397 1023 418 1048 »
453 1005 567 1049 enim
604 1006 650 1049 in
678 1020 753 1050 ore
774 1020 873 1050 meo
896 1004 1125 1065 iniquitas,
1151 1014 1195 1049 et
1223 1005 1370 1051 fauces
1402 1021 1510 1050 meae
1547 1018 1694 1050 nonne
1717 1018 1788 1047 sa-

397 1094 417 1117 »
453 1076 663 1136 pientiam
694 1075 1064 1121 meditabantur&
1092 1095 1112 1117 »
1150 1076 1262 1120 Dicit
1283 1092 1327 1120 se
1358 1092 1449 1121 non
1485 1080 1626 1121 Deum
1655 1089 1789 1119 aceu-

394 1163 522 1203 sasse,
538 1148 613 1192 sed
629 1148 854 1193 hominem
871 1147 1089 1193 induxisse
1107 1156 1383 1192 accusantem
1404 1147 1654 1207 iniquitates
1670 1161 1785 1200 suas,

393 1219 506 1264 sieut
532 1220 729 1280 superius
752 1235 893 1264 sermo
915 1221 1008 1280 ejus
1038 1218 1286 1264 intellectus
1317 1228 1396 1263 est.
1422 1220 1547 1264 Hanc
1568 1217 1676 1263 dicit
1695 1232 1789 1261 me-

393 1289 652 1335 ditationem
674 1291 911 1350 sapientiae.

453 1363 554 1406 Vll.
584 1381 605 1404 «
629 1363 857 1423 Numquid
886 1377 977 1406 non
1010 1362 1194 1406 tentatio
1229 1371 1294 1406 est
1325 1361 1414 1407 vita
1442 1362 1635 1405 humana
1657 1375 1788 1419 super

396 1450 418 1473 »
453 1434 656 1476 terram⁷.
688 1451 708 1474 »
737 1433 818 1477 Hic
836 1434 926 1493 jam
949 1433 1138 1493 apertius
1161 1431 1373 1487 ostendit,
1399 1448 1449 1477 ex
1477 1433 1600 1493 cujus
1622 1431 1788 1489 signifi-

393 1502 563 1548 catione
585 1503 783 1562 superius
804 1502 1073 1564 loqueretur.
1103 1504 1408 1548 Tentationem
1432 1519 1534 1548 vero
1563 1503 1669 1548 dicit
1690 1511 1790 1547 tan-

393 1589 527 1634 quam
554 1573 742 1618 stadium
773 1574 1019 1618 certaminis
1045 1574 1123 1618 ubi
1144 1573 1281 1618 vincit
1311 1574 1444 1619 homo
1478 1572 1548 1618 vel
1579 1573 1783 1618 vincitur.

398 1664 418 1688 «
454 1648 507 1689 Et
531 1645 643 1690 sicut
665 1644 912 1706 quotidiani
934 1645 1190 1689 mercenarii
1213 1645 1299 1689 vita
1318 1647 1435 1706 ejus:
1457 1663 1476 1686 n
1503 1644 1789 1704 temporalem

395 1715 643 1761 mercedem
676 1716 964 1776 expectantis,
989 1725 1040 1760 ut
1063 1717 1155 1776 jam
1189 1731 1358 1772 eorum,
1378 1716 1454 1776 qui
1486 1716 1666 1776 justitiae
1699 1730 1790 1760 suae

395 1786 589 1832 fructum
611 1787 657 1830 in
678 1787 880 1831 futurum
900 1796 1146 1847 expectant,
1167 1803 1257 1831 non
1280 1788 1333 1832 sit
1350 1787 1439 1832 vita
1461 1802 1591 1846 super
1610 1795 1785 1831 terram.

400 1876 421 1900 «
453 1860 545 1903 Aut
564 1867 774 1918 tanquam
796 1873 944 1903 servus
962 1866 1165 1902 metucns
1192 1856 1423 1902 dominum
1444 1873 1595 1913 suum,
1617 1867 1660 1902 et
1680 1872 1788 1902 con-

397 1947 419 1970 »
454 1938 627 1973 secutus
644 1929 890 1973 umbramss.
910 1947 930 1970 »
953 1927 1084 1982 Quod
1105 1928 1318 1986 significat
1340 1927 1612 1974 absconditio
1634 1928 1742 1973 Adae
1765 1943 1791 1972 a

394 1998 504 2043 facie
527 2000 745 2054 Domini0,
769 2008 813 2043 et
840 1999 972 2043 tectio
999 1997 1208 2043 foliorum
1242 1998 1298 2042 de
1334 1999 1497 2059 quibus
1529 1999 1687 2044 umbra
1719 1999 1786 2053 fit,

394 2087 528 2131 quam
558 2071 711 2115 relicto
733 2073 825 2115 Deo
847 2080 1107 2115 consecutus
1129 2080 1193 2115 est
1214 2071 1364 2115 homo.
1402 2089 1422 2112 <c
1457 2073 1548 2115 Aut
1577 2079 1789 2130 tanquam

397 2159 418 2183 »
453 2142 761 2197 mercenarius,
778 2141 855 2202 qui
873 2150 1071 2201 expectat
1087 2140 1334 2186 mercedem
1357 2141 1498 2201 operis
1517 2141 1583 2185 sui
1595 2143 1644 2184 ¹0.
1663 2158 1683 2181 >›
1701 2144 1789 2185 Iste

395 2229 417 2258 a
436 2214 663 2273 superiori,
684 2215 768 2258 hoc
790 2213 954 2269 dissert,
978 2212 1099 2275 quod
1131 2215 1327 2273 superior
1347 2213 1518 2269 habuit,
1544 2213 1616 2258 hie
1640 2222 1789 2257 autem

394 2285 555 2329 habere
574 2285 792 2329 desiderat
810 2286 901 2345 ipsa
923 2285 1195 2345 temporalia.
1226 2305 1247 2328 «
1275 2285 1343 2330 Sic
1375 2294 1418 2330 et
1450 2300 1530 2343 ego
1567 2283 1789 2345 expectavi

397 2373 417 2396 »
454 2371 622 2400 menses
655 2371 805 2401 vanos.
835 2374 855 2397 η
884 2359 981 2400 Jam
1004 2356 1059 2400 ad
1090 2356 1292 2400 umbram
1316 2355 1426 2400 dixit
1454 2371 1604 2412 vanos,
1632 2354 1678 2399 id
1705 2364 1785 2410 est,

444 2475 451 2492 ¹
473 2471 564 2501 Joan.
583 2481 629 2511 in,
645 2478 682 2501 21
694 2495 700 2500 .
718 2487 757 2491 —-
771 2477 783 2492 ²
797 2470 870 2502 Job.
892 2482 934 2511 vt,
950 2470 1006 2502 26.
1025 2487 1068 2492 —
1085 2468 1097 2492 3
1112 2470 1192 2501 Ibid.
1214 2478 1268 2512 27.
1285 2487 1327 2492 —
1347 2468 1364 2500 4
1380 2470 1461 2502 Ibid.
1481 2470 1590 2503 28.·—-
1605 2468 1714 2501 51bid.
1729 2477 1784 2511 29.

397 2542 438 2548 —-—
459 2523 474 2547 ὅ
493 2525 573 2556 Ibid.
599 2525 650 2557 30.
677 2533 750 2558 -7
776 2526 850 2557 Job.
877 2538 940 2568 vn,
967 2538 995 2557 1.
1022 2543 1063 2549 —-
1080 2524 1240 2558 8112id.2.
1260 2543 1302 2549 --
1322 2534 1338 2558 9
1363 2530 1445 2559 Gen.
1467 2537 1513 2568 111,
1536 2526 1568 2558 8.
1596 2542 1637 2549 —-
1659 2532 1689 2549 ¹0
1706 2525 1783 2558 Job.

396 2590 437 2612 vn
453 2605 462 2622 ‚
483 2590 512 2613 2.
