1833 3284
321 248 562 278 ENARRATIO
593 252 626 277 11
658 252 702 278 nv
735 248 939 278 PSALMUM
971 252 1063 278 xxr.
1307 242 1392 279 289

16 333 35 356 »
55 313 135 358 illi.
162 332 183 357 »
208 317 266 360 Et
285 329 417 375 opera
435 330 532 359 mea
546 349 558 371 ,
583 314 653 359 vel
674 320 831 375 pefme
853 314 1077 361 credentes
1097 316 1145 360 in
1165 331 1287 373 eum,
1304 331 1395 361 ser-
1423 306 1429 309 ¹

11 384 130 429 vient
144 384 223 429 illi.

69 457 257 500 XXXII.
282 455 661 500 «Annuntiabitur
677 457 862 502 Domino
880 457 1100 515 generatio
1120 466 1306 502 ventura
1320 458 1352 500 ¹.
1369 475 1389 498 n

10 526 358 571 Annuntiabitur
378 526 425 570 in
446 527 659 572 honorem
682 528 855 573 Domini
874 528 1092 586 generatio
1112 528 1221 573 Novi
1251 531 1396 572 Testa—

11 596 163 640 menti.
193 616 214 639 «
227 599 284 641 Et
300 597 626 643 annuntiabunt
646 597 747 642 coeli
759 599 971 659 justitiam
988 600 1093 659 ejus.
1111 616 1131 640 »
1152 601 1208 642 Et
1225 614 1398 642 annun-

12 666 186 712 tiabunt
201 667 488 727 Evangelistae
507 669 718 729 justitiam
736 671 842 730 ejus.
873 689 893 712 «
913 669 1083 730 Populo
1099 669 1176 730 qui
1197 678 1398 713 nascetur

15 744 36 779 ›'›
60 753 192 798 quem
228 737 332 783 fecit
362 739 572 784 Dominus
585 744 618 784 2.
646 759 667 782 »
705 740 874 800 Populo
896 740 974 801 qui
1005 749 1206 785 nascetur
1233 756 1285 783 ex
1312 738 1398 783 fide

11 807 213 853 Domino.

11 963 149 981 WWWA
154 964 358 982 wuewuww
361 965 1113 983 mmmmmumwmmumvvwmwwmx
1117 966 1257 982 WUMM
1260 966 1399 981 vuvnmmvn

461 1096 856 1145 ENARRATIO
893 1098 936 1142 11
974 1086 985 1097 ‘

249 1249 312 1287 IN
354 1249 618 1289 EUMDEM
659 1249 960 1291 PSALMUM
1003 1245 1153 1288 XX13.

74 1392 109 1434 1.
144 1393 270 1444 Qnon
293 1392 424 1435 taceri
451 1394 567 1435 Deus
588 1390 730 1435 noluit
751 1407 829 1451 per
849 1391 1089 1451 Scripturas
1110 1405 1207 1434 suas
1219 1391 1252 1444 ⁴,
1278 1405 1358 1434 nec
1381 1406 1405 1433 a

13 1460 139 1505 nobis
155 1461 389 1505 tacendum
402 1471 487 1517 est,
507 1471 551 1506 et
564 1478 587 1506 a
603 1462 724 1506 vobis
741 1460 1026 1506 audiendum.
1049 1460 1193 1505 Passio
1211 1460 1401 1515 Domini,

3 1530 125 1576 sicut
145 1531 323 1587 scimus,
358 1531 492 1576 semel
513 1530 626 1576 faeta
649 1541 712 1575 est
738 1551 746 1576 ε
771 1531 903 1575 semel
927 1531 1042 1575 enim
1064 1530 1261 1576 Christus
1283 1544 1403 1574 mor-

14 1611 116 1647 tuus
138 1612 202 1647 est
217 1637 228 1658 ,
257 1603 400 1663 justus
421 1618 502 1662 pro
523 1602 694 1663 injustis
709 1604 739 1645 ⁵.
767 1605 823 1646 Et
853 1602 1010 1646 scimus
1025 1636 1035 1656 ,
1067 1609 1110 1644 et
1132 1609 1300 1645 certum
1322 1601 1404 1644 ha-

14 1671 192 1729 bemus,
214 1682 257 1717 et
274 1672 360 1716 fide
377 1672 592 1717 immobili
609 1673 861 1727 retinemus,
888 1672 1029 1725 «Quia
1048 1671 1245 1716 Christus
1268 1687 1407 1715 resur-

17 1761 39 1786 »
64 1759 167 1803 gens
188 1761 211 1789 a
231 1745 437 1800 mortuis,
457 1745 548 1805 jam
570 1760 660 1788 non
681 1745 882 1799 moritur,
906 1753 948 1787 et
970 1758 1086 1786 mors
1107 1743 1145 1786 ei
1174 1743 1288 1786 ultra
1316 1758 1406 1786 non

17 1810 39 1857 ›'›
65 1814 407 1860 dominabiturss.
427 1833 449 1857 »
485 1815 629 1859 Verba
663 1815 743 1859 ista
770 1813 968 1874 Apostoli
996 1823 1098 1857 sunt
1129 1833 1138 1857 ;
1175 1823 1322 1858 tamen
1352 1829 1407 1857 ne

15 1885 324 1930 obliviscamur
344 1884 466 1946 quod
496 1883 660 1930 factum
691 1894 755 1929 est
776 1883 935 1939 semel,
964 1885 1009 1927 in
1031 1884 1238 1928 memoria
1260 1893 1407 1928 nostra

15 1957 137 2000 omni
160 1972 274 2000 anno
289 1956 353 1999 fit.
379 1956 558 2008 Quoties
580 1955 742 1999 Pascha
765 1954 1026 2009 celebratur,
1045 1953 1264 2014 numquid
1280 1954 1408 1997 toties

16 2026 214 2072 Christus
230 2026 441 2070 moritur?
463 2024 547 2070 Sed
560 2034 707 2069 tamen
726 2024 1014 2069 anniversaria
1028 2023 1269 2068 recordatio
1284 2024 1409 2084 quasi

16 2106 297 2157 repraesentat
313 2095 434 2157 quod
451 2095 554 2141 olim
575 2095 743 2141 factum
767 2105 852 2151 est,
875 2105 919 2139 et
939 2095 999 2140 sic
1022 2111 1099 2139 nos
1120 2095 1225 2139 facit
1241 2095 1406 2140 moveri

15 2177 227 2229 tanquam
255 2167 479 2212 videamus
509 2167 556 2211 in
583 2183 712 2212 eruce
732 2167 1000 2226 pendentem
1027 2168 1283 2225 Dominum,
1316 2183 1407 2211 non

14 2249 166 2285 tamen
195 2239 447 2294 irridentes,
487 2238 562 2283 sed
589 2239 829 2283 credentes.
858 2236 1057 2282 Pendens
1080 2238 1263 2281 enimin
1285 2237 1407 2297 ligno

15 2310 163 2354 irrisus
187 2318 266 2365 est,
292 2309 444 2353 sedens
465 2309 511 2353 in
528 2308 641 2353 coelo
659 2308 880 2352 adoratur.
907 2311 978 2351 An
1005 2306 1117 2351 forte
1137 2307 1280 2352 adhuc
1305 2308 1405 2352 irri-

17 2379 163 2435 detur,
183 2380 328 2439 etjam
349 2394 440 2423 non
461 2387 524 2423 est
537 2378 813 2424 irascendum
831 2381 856 2422 J
861 2377 1011 2432 udaeis,
1032 2377 1109 2437 qui
1129 2378 1199 2421 vel
1216 2379 1407 2422 morien-

77 2483 87 2500 ¹
109 2465 190 2508 Issit.
209 2487 265 2507 xxi
280 2501 288 2515 ,
315 2475 369 2507 32.
390 2492 432 2497 —
458 2481 471 2496 2
489 2475 570 2507 lbid.
591 2493 633 2498 —-
659 2473 673 2498 3
696 2476 817 2508 Concio
839 2474 949 2507 habita
971 2474 1002 2506 in
1027 2473 1228 2506 solemnitate
1253 2475 1404 2507 Passionis

18 2532 155 2566 Domini.
172 2549 215 2554 —
231 2530 246 2561 4
264 2531 343 2563 Vide
362 2535 400 2564 D.
420 2531 545 2563 Guillon
559 2556 568 2573 ,
588 2535 668 2563 tom.
689 2542 755 2572 xxi,
776 2541 849 2573 pag.
868 2529 1030 2572 408-410.
1047 2546 1089 2552 —·
1103 2528 1119 2552 5
1140 2542 1152 2561 1
1175 2532 1261 2562 Petr.
1278 2543 1325 2572 ιιι,
1349 2532 1400 2564 18.

21 2604 64 2610 —-
83 2585 98 2610 6
116 2590 207 2620 Rom.
227 2598 276 2628 vr,
296 2597 330 2628 9.

234 2652 354 2682 cmv.
1196 2642 1246 2679 19
