1833 3284
351 184 435 224 264
736 198 768 224 s.
819 197 1049 225 AUGUSTINI
1083 198 1263 226 EPlSCOPI

348 271 438 305 tcm
462 261 678 320 praeponit
708 275 812 305 suae.
855 280 874 302 «
898 264 954 305 Et
976 260 1173 306 dulciora
1196 278 1325 322 super
1348 262 1435 307 mel
1458 272 1502 307 ct
1524 262 1686 306 favum.
1715 278 1735 301 »

348 335 406 377 Et
434 333 520 375 sive
549 331 734 391 quisque
758 332 848 391 jam
875 331 1059 387 51111101,
1093 333 1169 392 qui
1187 335 1279 393 jam
1301 333 1468 378 solutus
1488 333 1589 377 vitae
1610 332 1742 391 hujus

348 402 534 447 vinculis
557 411 756 462 expectat
777 401 891 446 diem
905 438 915 458 ‚
934 418 1024 463 quo
1042 403 1185 447 veniat
1203 404 1249 447 in
1267 403 1417 464 epulas
1436 404 1513 449 Dei
1530 425 1541 462 3
1557 403 1645 447 sive
1663 400 1744 446 ad-

347 474 434 518 huc
455 473 508 517 sit
531 472 670 529 favus,
696 483 746 518 ut
767 474 889 534 quasi
909 489 1026 530 cera,
1054 474 1407 536 circumplicetur
1424 476 1506 519 hac
1522 474 1627 529 vita,
1652 488 1745 517 non

347 545 451 589 huic
475 554 718 597 concretus,
745 543 1018 604 sedimplens
1033 560 1144 600 eam,
1169 546 1239 589 cui
1257 562 1366 606 opus
1385 545 1438 590 sit
1457 544 1603 606 aliqua
1620 559 1745 604 pres·-

348 634 446 662 sura
476 633 565 661 non
589 616 874 677 opprimentis
892 653 902 672 ,
930 616 1006 661 sed
1033 618 1309 677 exprimentis
1338 633 1492 662 manus
1525 617 1629 672 Dei,
1657 631 1744 676 qua

349 689 404 734 de
430 688 756 749 temporalivita
778 689 823 732 in
846 697 1054 733 :eternam
1077 689 1295 749 eliquetur
1312 711 1323 748 3
1343 688 1539 734 dulciora
1563 687 1744 748 illisum

343 759 507 820 judicia
531 759 608 803 Dei
623 794 634 815 ⁷
656 775 789 819 quam
806 759 888 803 sibi
911 759 1001 820 ipse
1024 770 1088 805 est
1121 780 1130 805 ι
1156 760 1257 822 quia
1280 776 1410 820 super
1427 759 1514 804 mel
1531 768 1575 804 et
1596 757 1746 803 favum

348 829 412 874 illi
434 829 631 875 dulciora
649 839 766 875 sunt.

406 903 510 945 XII.
555 921 574 943 ι(
601 901 775 945 Etenim
806 917 953 946 servus
986 911 1088 947 tuus
1117 902 1308 947 custodit
1337 887 1428 950 021¹.
1460 920 1480 943 >›
1514 903 1624 946 Nam
1656 916 1748 945 11011

349 971 615 1017 custodienti
629 987 774 1016 amara
792 971 883 1016 dies
901 973 1090 1017 Domini.
1119 993 1139 1015 «
1157 977 1209 1017 In
1221 972 1510 1018 custodiendo
1527 971 1599 1015 illa
1620 972 1747 1015 retri-

353 1064 371 1085 »
399 1043 525 1087 butio
547 1042 685 1087 multa
703 1047 735 1087 2.
765 1062 784 1084 »
812 1046 909 1089 Non
935 1044 980 1088 in
1004 1043 1153 1105 aliquo
1176 1054 1297 1089 extra
1320 1044 1461 1105 posito
1484 1041 1716 1088 commodo
1733 1077 1744 1098 ,

349 1115 425 1160 sed
446 1115 492 1158 in
510 1130 561 1159 eo
575 1115 668 1175 ipso
689 1131 778 1176 quo
789 1114 953 1176 judicia
965 1117 1042 1161 Dei
1060 1117 1385 1172 custodiuntur,
1406 1115 1544 1160 multa
1559 1114 1747 1160 retribu-

349 1186 409 1231 tio
437 1205 447 1231 :
467 1185 607 1230 multa
629 1196 714 1241 est,
742 1187 844 1247 quia
868 1187 1081 1245 gaudetur
1098 1188 1144 1232 in
1166 1189 1239 1232 eis.

408 1259 536 1301 XIII.
576 1277 596 1301 «
622 1257 789 1303 Delicta
830 1258 927 1319 quis
966 1258 1169 1318 intelligit
1185 1261 1231 1303 ³?
1255 1277 1276 1301 υ
1310 1262 1363 1303 In
1392 1257 1561 1303 delictis
1602 1266 1750 1302 autem

349 1329 489 1391 qualis
509 1329 698 1374 suavitas
724 1340 868 1390 potest
890 1347 980 1375 esse
996 1368 1006 1387 ‚
1031 1331 1111 1376 ubi
1134 1348 1224 1376 non
1242 1341 1304 1377 est
1323 1329 1604 1375 intellectus?
1627 1332 1750 1383 Quo-

349 1403 467 1446 niam
490 1401 649 1447 delicta
671 1403 769 1463 quis
791 1401 1010 1462 intelligit,
1036 1419 1136 1464 quae
1158 1404 1302 1463 ipsum
1317 1401 1495 1448 oculum
1517 1400 1748 1457 claudunt,

350 1473 422 1516 cui
445 1473 586 1517 suavis
610 1482 673 1517 est
694 1473 868 1529 veritas,
890 1474 960 1518 cui
977 1473 1279 1518 desiderabilia
1300 1483 1342 1518 et
1357 1473 1502 1518 dulcia
1519 1482 1623 1517 sunt
1637 1472 1752 1533 judi-

351 1545 416 1590 cia
439 1546 541 1602 Dei3
567 1554 610 1590 et
627 1546 738 1590 sicut
755 1545 948 1590 tenebrae
964 1546 1113 1592 oculos
1130 1582 1141 1602 ‚
1162 1548 1221 1591 ita
1239 1545 1399 1591 delicta
1420 1554 1614 1590 mentem
1637 1544 1754 1590 clau·

352 1616 486 1670 dunt,
512 1631 592 1661 nec
615 1616 759 1660 lucem
779 1616 931 1661 sinunt
952 1616 1098 1661 videre
1116 1653 1126 1674 ,
1152 1633 1232 1662 nec
1248 1620 1317 1662 se?

409 1690 528 1732 XIV.
556 1707 576 1729 ‹<
600 1688 669 1732 Ab
693 1688 875 1733 occultis
898 1690 1003 1733 meis
1017 1689 1183 1734 munda
1201 1705 1269 1733 me
1286 1726 1296 1745 ‚
1318 1690 1547 1734 Domine4.
1576 1708 1596 1731 »
1619 1691 1657 1733 A
1680 1703 1755 1732 cuu

351 1758 612 1819 piditatibus
633 1759 680 1802 in
702 1774 771 1803 me
797 1758 1036 1804 latentibus
1053 1796 1063 1815 ,
1100 1759 1266 1804 munda
1295 1776 1388 1816 me,
1415 1760 1614 1804 Domine.
1653 1779 1674 1801 (ι
1698 1762 1756 1803 Et

355 1849 376 1872 »
404 1830 459 1874 ab
478 1830 626 1874 alienis
647 1847 776 1890 parce
798 1847 921 1876 servo
939 1841 1016 1876 tuo
1031 1868 1042 1888 ,
1066 1851 1086 1873 »
1115 1848 1169 1875 ne
1192 1832 1374 1877 seducar
1396 1833 1451 1876 ab
1470 1830 1577 1875 aliis.
1605 1833 1756 1890 Neque

353 1901 469 1945 enim
505 1900 655 1946 alienis
688 1902 858 1961 capitur
879 1903 954 1962 qui
979 1912 1043 1947 est
1064 1902 1257 1948 mundus
1279 1919 1302 1947 a
1325 1904 1426 1947 suis.
1455 1906 1587 1947 Parce
1607 1902 1756 1962 itaque

355 1972 409 2016 ab
442 1971 590 2016 alienis
612 1972 951 2032 cupiditatibus,
979 1990 1068 2018 non
1092 1975 1282 2034 superbo
1304 1984 1347 2019 et
1377 1974 1424 2018 in
1446 1989 1522 2018 sua
1542 1982 1757 2033 potestate

354 2059 443 2088 esse
466 2044 659 2103 cupienti
680 2081 691 2099 7
718 2043 792 2088 sed
820 2061 943 2090 servo
967 2055 1060 2090 tuo.
1098 2065 1114 2086 «
1138 2046 1180 2091 Si
1209 2046 1295 2090 mei
1315 2062 1403 2090 non
1426 2044 1592 2089 fuerint
1613 2044 1757 2089 domi-

360 2136 378 2156 »
405 2124 530 2170 nata,
558 2124 662 2160 tunc
684 2115 992 2161 immaculatus
1018 2119 1135 2161 cro⁵.
1155 2136 1174 2158 >›
1200 2118 1243 2162 Si
1264 2117 1349 2160 mei
1373 2133 1463 2160 non
1484 2115 1650 2160 fuerint
1673 2116 1756 2160 do-

355 2187 515 2231 minata
536 2187 707 2232 occulta
730 2203 848 2240 mea,
874 2199 919 2235 et
941 2188 1080 2233 aliena
1094 2198 1271 2249 peccata
1286 2224 1297 2242 ‚
1323 2197 1429 2232 tunc
1448 2187 1753 2231 immaculatus

354 2273 444 2302 ero.
475 2261 573 2302 Non
597 2259 713 2302 enim
737 2268 801 2303 est
830 2259 958 2304 tertia
985 2260 1106 2318 origo
1132 2260 1322 2320 peccati,
1348 2268 1506 2320 praeter
1531 2257 1757 2304 occultum

354 2344 483 2372 suum
506 2345 595 2389 quo
617 2329 773 2374 cecidit
803 2329 1005 2375 diabolus
1020 2366 1031 2385 ‚
1063 2340 1106 2374 ct
1129 2330 1321 2375 alienum
1354 2347 1442 2391 quo
1466 2329 1671 2374 seductus
1692 2339 1757 2374 cst

354 2400 510 2453 homo,
543 2409 592 2443 ut
625 2402 938 2467 con-sentiendo
960 2417 1089 2445 suum
1109 2400 1289 2445 faceret.
1321 2421 1337 2441 «
1366 2405 1423 2446 Et
1447 2400 1699 2445 mundabor
1732 2417 1756 2444 a

363 2492 378 2511 »
405 2470 565 2515 delicto
588 2487 762 2530 magno.
787 2492 803 2513 »
831 2475 928 2526 Quo
943 2472 1025 2517 alio
1041 2508 1052 2527 ‚
1073 2471 1153 2516 nisi
1171 2473 1417 2533 superbire?
1437 2475 1534 2516 Non
1553 2472 1670 2515 enim
1693 2481 1756 2515 cst

408 2562 414 2577 ¹
439 2554 518 2586 psal.
537 2566 627 2593 xviii,
654 2565 763 2587 12.—
781 2564 792 2578 '³
813 2557 894 2588 Ibisl.
916 2575 956 2580 --
973 2556 1087 2588 31bid.
1119 2557 1168 2589 13.
1191 2575 1232 2580 —-
1256 2556 1360 2589 ‘albim
1385 2574 1425 2578 --
1444 2554 1458 2580 5
1477 2556 1558 2588 ll›i‹l.
1585 2555 1640 2598 11'1.
