1833 3284
210 280 453 310 murmuro
486 281 518 306 11
552 281 597 307 m
629 279 831 306 PsALMUM
865 279 978 316 xxx,
1014 278 1140 306 surm.
1177 280 1207 304 1.
1326 265 1409 313 395

25 347 69 393 Si
89 356 189 407 agat
205 356 415 406 tanquam
435 343 646 389 veraciter
663 359 712 386 ex
730 341 879 401 regula
898 341 1004 401 legis
1025 343 1261 403 proposita,
1283 342 1411 386 dam-

22 419 193 463 nandus
217 426 281 462 est
309 423 524 476 peccator.
552 418 644 459 Hac
671 413 821 473 regula
845 413 878 457 si
901 424 1065 471 ageret,
1094 429 1226 473 quem
1248 412 1411 456 libera-

22 490 119 533 ret?
139 489 300 532 Omnes
322 494 569 546 peccatores
598 484 765 528 invenit
784 503 793 528 :
820 483 936 528 solus
959 484 1050 528 sine
1072 493 1250 543 peccato
1273 483 1408 537 venit,

23 559 102 619 qui
130 573 208 602 nos
236 565 484 617 peccatores
505 554 686 598 invenit.
714 557 807 599 Hoc
836 554 895 598 ait
927 553 1175 613 Apostolus,
1206 571 1222 593 «
1250 554 1414 597 Omnes

14 646 48 687 ᾳ)
84 627 199 672 enim
231 634 542 687 peccaverunt,
569 634 612 669 et
639 633 768 683 egent
801 623 937 683 gloria
971 625 1090 668 Dei1.
1118 642 1138 665 >›
1174 622 1291 677 Quid
1325 631 1410 678 est,

28 719 50 742 «
82 702 225 757 Egent
247 697 383 757 gloria
405 697 512 742 Dei?
538 714 558 738 »
582 698 638 741 Ut
664 697 754 756 ipse
782 696 954 751 liberet,
975 712 1065 740 non
1086 702 1151 740 tu.
1177 695 1288 748 Quia
1305 703 1355 738 tu
1372 703 1415 738 te

24 769 212 814 liberare
239 784 329 813 non
350 777 495 828 potes,
515 766 683 826 indiges
711 766 959 811 liberatore.
985 766 1102 820 Quid
1125 775 1188 810 est
1220 764 1339 826 quod
1372 773 1416 808 te

19 841 184 901 jactas?
206 838 323 892 Quid
344 848 409 883 est
430 837 550 899 quod
576 837 630 882 de
653 840 768 896 Lege
790 847 834 881 et
856 838 1022 898 justitia
1044 836 1299 897 praesumis?
1317 837 1416 879 Non

25 909 145 956 vides
165 910 272 971 quid
294 910 411 953 intus
433 908 642 967 confligat
662 908 707 951 in
730 916 795 962 te,
820 907 875 951 de
897 917 962 962 te,
990 906 1193 951 adversus
1217 907 1291 950 tei>
1318 907 1417 951 Non

27 979 150 1026 audis
171 989 460 1040 pugnantem,
481 988 524 1023 et
538 979 837 1033 confitentem,
858 987 901 1022 et
920 976 1188 1038 adjutorium
1207 977 1252 1020 in
1271 991 1418 1036 pugna

27 1050 377 1096 desiderantem?
400 1052 498 1095 Non
515 1049 639 1094 audis
662 1048 869 1093 athletam
891 1049 1065 1093 Domini
1082 1048 1137 1092 ab
1156 1047 1419 1106 agonotheta

27 1131 249 1183 petentem
271 1121 338 1182 adj
346 1121 538 1166 utorium
555 1136 715 1180 pugnae
737 1121 855 1163 suae?
872 1122 970 1165 Non
992 1119 1108 1163 enim
1126 1118 1185 1163 sic
1200 1127 1243 1162 te
1265 1132 1422 1177 expec-

27 1202 92 1239 tat
113 1196 228 1238 Deus
251 1201 506 1247 certantem,
532 1190 756 1252 quomodo
778 1200 821 1234 te
839 1198 1038 1250 expectat
1059 1189 1229 1242 Editor,
1256 1188 1290 1233 si
1308 1187 1421 1232 forte

27 1279 197 1325 pugnes
219 1263 265 1306 in
292 1262 628 1322 amphitheatro.
650 1260 729 1305 Ille
751 1260 830 1304 tibi
852 1261 1083 1320 praemium
1105 1259 1206 1304 dare
1228 1267 1370 1319 potest
1387 1257 1422 1302 si

28 1335 195 1390 viceris,
220 1334 426 1394 adjuvare
447 1343 490 1377 te
512 1331 831 1392 periclitantem
853 1348 942 1376 non
964 1340 1121 1391 potest.
1147 1334 1245 1376 Non
1265 1331 1323 1374 sic
1346 1345 1422 1373 ex—

29 1414 175 1466 pectat
198 1407 326 1449 Deus.
352 1403 464 1448 Vide
493 1418 613 1462 ergo,
638 1401 814 1447 attende
837 1417 938 1446 eum
957 1402 1033 1462 qui
1049 1401 1171 1456 dicit,
1198 1420 1218 1443 «
1243 1399 1422 1445 Conde-

33 1494 54 1519 »
89 1476 227 1520 lector
261 1475 377 1518 enim
405 1474 491 1532 legi
519 1474 597 1518 Dei
630 1473 871 1518 secundum
900 1473 1149 1517 interiorem
1173 1471 1420 1526 hominem,

33 1565 56 1590 »
90 1545 218 1591 video
235 1554 381 1589 autem
402 1543 528 1588 aliam
544 1544 685 1603 legem
702 1544 748 1587 in
763 1544 968 1588 membris
984 1544 1088 1587 meis
1107 1549 1423 1602 repugnantem

35 1635 57 1659 »
90 1616 174 1675 legi
207 1616 364 1660 mentis
396 1630 528 1670 meae,
564 1623 607 1658 et
637 1615 858 1673 captivum
892 1629 962 1657 me
993 1613 1226 1657 ducentem
1260 1612 1304 1655 in
1328 1611 1425 1670 lege

35 1706 56 1730 »
92 1687 280 1747 peccati,
310 1701 410 1746 quae
442 1694 506 1729 est
539 1685 586 1728 in
620 1684 826 1728 membris
859 1684 978 1728 meis.
1004 1684 1134 1728 Miser
1155 1698 1237 1741 ego
1265 1682 1422 1735 homo,

36 1776 58 1801 »
93 1758 189 1818 quis
210 1772 280 1801 me
301 1756 508 1801 liberabit
537 1755 592 1800 de
614 1771 796 1815 corpore
819 1755 969 1799 mortis
992 1755 1152 1815 hujus?
1176 1753 1323 1798 Gratia
1349 1752 1427 1796 Dei

29 1845 59 1870 ¹»
95 1843 172 1888 per
189 1830 340 1872 Jesum
360 1826 585 1871 Christum
601 1825 839 1870 Dominum
860 1828 1099 1869 nostrum2.
1124 1843 1144 1865 »
1166 1826 1311 1877 Quare
1329 1837 1427 1879 gra-

36 1899 124 1944 tia?
144 1898 255 1953 Quia
285 1897 414 1956 gratis
445 1896 589 1941 datur.
624 1899 768 1950 Quare
798 1897 926 1955 gratis
955 1895 1113 1940 datur?
1142 1895 1252 1948 Quia
1275 1893 1429 1937 merita

37 1979 113 2014 tua
134 1985 226 2014 non
251 1976 582 2029 praecesserunt,
606 1966 681 2011 sed
704 1967 915 2011 beneficia
938 1968 1015 2011 Dei
1040 1976 1083 2010 te
1104 1973 1426 2025 praevenerunt.

39 2039 109 2085 Illi
138 2054 239 2098 ergo
271 2039 406 2097 gloria
438 2038 516 2099 qui
542 2054 620 2082 nos
640 2037 810 2082 liberat.
844 2056 862 2078 «
889 2039 1051 2082 Omnes
1074 2037 1190 2080 enim
1220 2049 1430 2096 peccave-

42 2129 64 2153 »
99 2119 217 2166 runt,
244 2118 288 2154 et
306 2118 437 2168 egent
459 2108 596 2168 gloria
620 2109 710 2152 Dei.
734 2112 785 2152 In
807 2116 850 2151 te
873 2124 999 2167 ergo,
1020 2107 1219 2160 Domine,
1245 2105 1429 2166 speravi,

43 2199 64 2224 »
100 2196 195 2226 non
219 2181 264 2225 in
291 2195 360 2224 me
381 2200 390 2225 ε
415 2196 505 2224 non
528 2178 775 2223 confundar
804 2179 851 2222 in
873 2187 1087 2223 aeternum
1103 2213 1113 2230 ,
1144 2197 1160 2218 »
1189 2177 1291 2237 quia
1313 2177 1358 2219 in
1382 2191 1433 2220 eo

42 2266 166 2312 spero
194 2250 271 2311 qui
301 2265 392 2294 non
421 2248 668 2294 confundit.
707 2268 727 2291 «
760 2252 811 2293 In
846 2257 920 2293 tua
949 2248 1116 2309 justitia
1148 2263 1251 2291 erue
1278 2261 1370 2301 me,
1391 2254 1436 2290 et

46 2338 68 2363 »
103 2321 240 2365 exime
259 2336 343 2364 me.
373 2339 393 2361 »
416 2320 528 2374 Quia
549 2335 639 2364 non
658 2319 861 2364 invenisti
881 2319 928 2362 in
950 2334 1019 2362 me
1037 2318 1249 2379 justitiam
1267 2331 1406 2361 meam
1421 2351 1432 2371 ,

45 2407 148 2436 erue
175 2407 244 2436 me
267 2392 313 2435 in
336 2401 407 2436 tua
433 2412 442 2435 :
467 2392 551 2436 hoc
573 2401 658 2446 est,
683 2390 794 2435 illud
812 2406 881 2434 me
904 2399 1027 2434 eruat
1044 2388 1166 2450 quod
1183 2404 1252 2432 me
1270 2387 1440 2449 justifif

47 2471 138 2515 cat,
157 2462 279 2522 quod
300 2477 351 2505 ex
377 2462 512 2521 impio
534 2462 657 2521 pium
684 2461 809 2516 facit,
835 2460 955 2521 quod
984 2477 1035 2504 ex
1066 2460 1218 2520 iniquo
1241 2460 1433 2519 justum,

48 2532 168 2593 quod
195 2549 250 2577 ex
280 2548 395 2577 caeco
430 2532 672 2588 videntem,
709 2532 830 2593 quod
861 2548 912 2577 ex
943 2532 1126 2576 cadente
1159 2538 1433 2587 surgentem‚

100 2623 107 2639 ¹
135 2619 224 2648 Rom.
248 2628 296 2659 ιιι,
314 2618 367 2651 23.
386 2634 426 2640 -——
447 2623 460 2639 ‘³
479 2618 526 2649 111.
544 2628 600 2654 vn,
620 2617 736 2649 ’,η-25.
