1833 3284
220 239 464 268 ENARRATIO
497 242 530 268 11
563 242 608 269 m
641 239 845 270 PsALMUM
876 242 1018 283 xxxn,
1052 242 1179 273 SERM.
1216 248 1246 273 1.
1342 235 1426 274 477

37 320 161 350 suam
177 339 188 361 ,
225 305 378 350 oculos
406 305 588 365 quaerit,
628 307 827 351 accendit
854 317 1065 353 amatores
1099 324 1214 354 suos.
1240 313 1324 355 Pro
1345 312 1428 357 hac

35 378 250 433 Martyres
270 374 481 420 saeculum
509 375 747 433 calcantes,
774 378 1029 437 sanguinem
1052 378 1278 425 fuderunt.
1309 381 1427 434 Quid

36 446 242 491 amabant
256 481 267 502 ,
286 445 465 507 quando
486 447 576 492 istis
591 448 794 493 omnibus
818 449 1154 495 renuntiabant?
1176 453 1289 496 Num
1309 452 1426 496 enim

33 515 98 561 illi
110 532 201 562 non
212 527 336 562 erant
348 520 587 563 amatores?
603 528 679 563 aut
691 519 913 564 hoc-vobis
926 519 1127 576 dicimus,
1143 530 1193 565 ut
1204 537 1293 566 non
1305 537 1425 566 ame-

33 588 114 633 tis?
151 589 237 642 Qui
271 605 362 634 non
396 599 512 634 amat
547 590 719 649 friguit,
753 590 959 649 obriguit.
1001 594 1205 647 Ametur‚
1245 591 1319 636 sed
1350 592 1424 638 illa

31 658 316 718 pulchritudo
334 676 434 720 quae
459 660 600 705 cordis
629 659 777 705 oculos
804 661 977 721 quaerit.
1013 664 1221 718 Ametur,
1254 662 1329 706 sed
1351 662 1424 707 illa

31 729 314 790 pulchritudo
327 746 427 792 quae
439 730 615 776 laudata
623 732 790 792 justitia
804 732 1000 777 incendit
1013 733 1192 778 animos.
1211 737 1424 778 Promunt

30 802 164 847 verba
175 837 186 857 ,
201 801 340 846 edunt
356 818 481 848 voees
492 837 503 858 ,
523 802 721 863 undique
737 802 892 848 dicunt
907 838 918 858 ,
936 804 1052 847 Bene
1063 838 1074 858 ,
1093 804 1282 863 Optime.
1305 805 1422 858 Quid

29 872 264 918 viderunt?
284 874 504 918 Justitiam
526 873 732 918 viderunt
748 908 759 929 ,
785 874 831 917 in
855 889 942 934 qua
963 873 1148 933 pulcher
1173 884 1238 919 est
1265 891 1422 920 curvus

29 958 174 988 senex.
199 946 298 990 Non
323 945 438 989 enim
455 945 487 989 si
504 945 713 1005 procedat
742 960 872 989 senex
898 945 1063 1005 justus,
1095 954 1159 989 est
1188 945 1354 1006 aliquid
1375 946 1421 990 in

28 1014 120 1074 ejus
142 1030 323 1074 corpore
340 1014 462 1076 quod
474 1025 666 1071 ametur,
692 1024 735 1059 et
756 1023 903 1059 tamen
920 1024 1091 1058 amatur
1120 1015 1175 1059 ab
1198 1016 1416 1060 omnibus.

29 1084 99 1129 Ibi
120 1094 313 1141 amatur,
341 1086 420 1130 ubi
447 1101 537 1130 non
566 1085 762 1143 videtur3
786 1086 874 1130 imo
894 1085 957 1129 ibi
977 1095 1162 1141 amatur,
1183 1086 1262 1129 ubi
1288 1086 1420 1132 corde

25 1153 215 1199 videtur.
234 1155 429 1201 Delectet
441 1172 517 1201 vos
535 1172 654 1215 ergo,
671 1166 715 1200 et
731 1166 880 1215 rogate
895 1155 1131 1200 Dominum
1145 1165 1195 1200 ut
1211 1155 1414 1201 delectet.

30 1245 51 1270 «
71 1228 283 1272 Dominus
300 1228 417 1272 enim
439 1228 563 1273 dabit
589 1228 847 1272 suavitatem
863 1262 874 1282 ,
910 1237 954 1271 et
984 1236 1097 1271 terra
1126 1237 1272 1272 nostra
1296 1227 1420 1273 dabit

28 1316 50 1340 »
75 1297 270 1343 fructum
303 1302 488 1344 suum1:
516 1318 537 1342 »
570 1309 620 1343 ut
651 1315 728 1359 per
759 1299 1017 1343 charitatem
1045 1298 1260 1358 impleatis
1295 1299 1418 1360 quod

24 1384 102 1429 per
123 1370 325 1415 timorem
354 1371 539 1430 implere
560 1370 738 1414 difficile
760 1379 837 1414 est.
865 1369 982 1423 Quid
1004 1369 1102 1414 dico
1120 1369 1297 1414 difficile
1322 1373 1417 1415 est?

23 1443 122 1487 Non
143 1451 286 1501 potest
316 1441 460 1486 adhuc
492 1442 661 1486 animus
686 1460 694 1486 ε
720 1440 869 1485 mallet
891 1457 981 1485 non
1003 1457 1092 1485 esse
1114 1441 1235 1502 quod
1259 1443 1415 1501 praeci-

22 1513 164 1572 pitur,
196 1514 231 1556 si
268 1512 323 1558 ad
352 1511 602 1557 faciendum
632 1527 777 1556 amore
809 1528 900 1556 non
934 1512 1126 1567 ducitur,
1159 1511 1235 1556 sed
1261 1513 1416 1557 timore

23 1592 282 1628 coarctatur.
315 1582 414 1628 Noli
446 1583 613 1628 lurtum
646 1583 814 1638 facere,
854 1583 958 1626 time
987 1583 1203 1640 gehennas
1229 1601 1237 1627 :
1266 1583 1416 1628 mallet

22 1669 114 1699 non
141 1670 230 1699 esse
259 1655 502 1713 gehennas,
538 1654 585 1698 in
612 1669 718 1714 quas
753 1653 1013 1697 mitteretur.
1045 1652 1232 1706 Quando
1263 1654 1416 1713 incipit

22 1739 167 1769 amare
181 1725 420 1785 justitiam,
454 1724 535 1768 nisi
562 1722 742 1784 quando
769 1721 918 1768 mallet
938 1722 1053 1767 furta
1076 1739 1166 1767 non
1194 1739 1282 1767 esse
1299 1758 1310 1779 ,
1335 1724 1415 1768 etsi

22 1796 235 1856 gehennae
257 1812 348 1841 non
370 1805 512 1841 essent
527 1831 539 1851 ,
564 1796 610 1840 in
631 1811 737 1856 quas
760 1794 878 1839 fures
901 1795 1209 1839 mitterentur?
1235 1798 1328 1840 Hoc
1351 1805 1415 1840 est

21 1881 165 1910 amare
181 1867 391 1926 justitiam
400 1901 409 1910 .

80 1940 180 1981 VII.
206 1940 264 1981 Et
284 1937 375 1996 ipsa
400 1937 569 1997 justitia
591 1936 730 1996 qualis
754 1937 843 1979 est?
875 1935 971 1995 quis
994 1934 1115 1978 illam
1142 1935 1313 1994 pingit?
1336 1938 1414 1980 Sa-

19 2007 184 2068 pientia
198 2008 276 2053 Dei
289 2022 422 2068 quam
438 2006 814 2067 pulchritudinem
831 2006 988 2050 habet?
1003 2009 1084 2049 Per
1095 2004 1213 2049 illam
1229 2005 1412 2065 pulchra

18 2088 122 2124 sunt
151 2078 297 2123 omnia
315 2113 326 2134 ,
351 2094 451 2138 quae
476 2076 612 2122 oculis
633 2076 809 2137 placent
831 2096 839 2121 z
864 2077 903 2120 ei
924 2075 1126 2121 videndae
1141 2111 1152 2132 ,
1188 2076 1411 2136 complec-

18 2149 164 2195 tendae
173 2185 190 2206 ,
215 2150 347 2195 corda
368 2148 623 2194 mundanda
651 2158 766 2193 sunt.
804 2149 943 2208 Hujus
965 2163 1043 2191 nos
1067 2156 1279 2192 amatores
1301 2164 1405 2208 pro-

18 2222 195 2266 fitemur
216 2241 224 2266 :
249 2222 341 2282 ipsa
362 2237 441 2266 nos
471 2220 722 2281 componit,
752 2229 803 2264 ut
825 2220 863 2263 ei
890 2235 980 2264 non
1008 2218 1326 2278 displiceamus.
1354 2223 1412 2264 Et

19 2292 197 2354 quando
213 2308 292 2337 nos
309 2290 637 2352 reprehendunt
658 2291 856 2335 homines
872 2290 918 2333 in
935 2290 1000 2334 his
1023 2289 1167 2344 rebus,
1188 2289 1234 2333 in
1249 2290 1410 2350 quibus

19 2363 59 2410 ei
92 2379 226 2424 quam
259 2363 479 2422 diligimus
511 2362 760 2422 placemUS,
792 2361 1014 2422 quomodo
1045 2360 1167 2419 parvi
1196 2361 1409 2405 hahemus

18 2435 349 2494 reprehensores
380 2443 548 2479 nostros
565 2468 576 2488 ‚
610 2432 834 2494 quomodo
873 2431 970 2476 illos
1008 2431 1328 2475 contemnimus
1365 2440 1410 2475 et

19 2504 199 2550 omnino
221 2504 331 2548 nihil
362 2503 620 2564 pendimus?
641 2506 867 2549 Amatores
895 2500 1054 2546 lubrici
1075 2509 1119 2545 et
1138 2499 1408 2545 damnabiles

67 2595 76 2612 ¹
96 2589 180 2622 Psal.
199 2600 329 2631 Lxxxw,
351 2589 403 2622 ¹3.
