1833 3284
8 210 10 229 J

0 230 9 289 i*
406 258 649 290 mmmmm
681 261 729 290 m
759 258 962 292 rsALMUM
993 260 1056 285 1x.
1341 246 1441 292 203,

0 292 10 388 i}
43 327 255 374 minuit-ur
275 336 319 379 et
349 341 496 382 rursus
522 324 745 385 impletur,
774 324 881 369 dum
903 323 967 370 sol
1000 322 1121 368 omni
1145 337 1260 367 anno
1281 321 1444 384 locum·

0 391 10 486 ἒ
41 414 170 448 suum
204 398 385 459 repetit,
423 397 529 450 dum
557 412 648 452 ver,
682 394 753 441 vel
775 405 898 441 aestas
916 431 927 451 ‚
965 393 1038 440 vel
1066 403 1305 438 autumnus
1322 429 1333 449 ‚
1357 392 1430 439 vel

0 477 14 527 -ξ
41 471 195 529 hyems
216 470 275 515 sic
303 469 456 534 transit
474 477 526 512 ut
551 467 718 523 redeat,
743 466 994 513 aeternitatis
1022 465 1226 526 quaedam
1247 465 1433 521 imitatio
1470 471 1477 475 '

0 494 12 602 i
42 551 121 592 est.
150 539 236 586 Sed
265 541 398 601 hujus
433 539 581 591 saeculi
611 538 818 584 saeculum
850 547 914 582 est
938 536 1059 598 quod
1085 535 1436 581 incommutabili

0 601 11 687 ἱ
41 612 284 658 aeternitate
312 610 519 657 consistit.
554 610 675 656 Sicut
700 625 846 654 versus
873 609 920 653 in
951 608 1121 663 animo,
1146 617 1190 652 et
1211 622 1360 651 versus
1388 605 1437 650 in

2 689 11 739 j
41 697 148 729 voce
173 680 273 730 :ille
288 680 559 739 intelligitur,
581 681 660 724 iste
678 680 871 735 auditum
890 688 934 723 et
950 678 1024 722 ille
1042 679 1172 722 istum
1183 676 1434 721 modificat:

9 756 11 815 J
42 762 85 797 et
107 752 205 797 ideo
227 751 301 796 ille
321 752 367 796 in
390 761 481 798 arte
502 761 708 812 operatur
730 760 773 801 et
794 759 943 794 manet
959 785 969 805 ,
1001 749 1081 793 iste
1110 749 1156 793 in
1194 752 1291 793 aere
1313 756 1440 793 sonat

9 834 12 877 ζ
43 832 87 874 et
118 822 286 867 transit.
320 822 387 867 Sic
413 823 544 882 hujus
578 820 802 866 mutabilis
823 819 968 864 saeculi
999 818 1156 864 modus
1187 819 1242 863 ab
1272 817 1347 863 illo
1370 818 1440 862 in-

42 890 344 939 commutabili
366 891 526 940 saeculo
543 891 765 947 definitur,
791 889 912 951 quod
932 889 1107 944 dicitur,
1133 887 1343 933 saeculum
1357 904 1439 933 sae-

42 961 145 1008 culi.
171 965 228 1007 Et
254 962 354 1009 ideo
375 961 487 1007 illud
508 962 553 1007 in
586 970 677 1006 arte
701 961 804 1016 Dei,
838 960 922 1004 hoc
951 969 1014 1004 est
1030 994 1041 1014 ,
1077 960 1123 1003 in
1157 959 1375 1018 Sapientia
1397 968 1442 1003 et

41 1034 214 1079 Virtute
233 1043 464 1093 permanet
479 1052 488 1078 ε
503 1034 588 1078 hoe
604 1041 750 1077 autem
769 1028 823 1075 in
837 1039 1049 1075 creaturae
1064 1029 1441 1074 administratione

25 1104 280 1164 peragitur.
329 1104 373 1150 Si
403 1113 551 1148 tamen
588 1119 678 1148 non
710 1102 909 1162 repetitio
946 1111 1037 1159 est²
1071 1110 1122 1145 ut
1152 1110 1439 1162 posteaquam

42 1174 212 1223 dictum
248 1183 362 1231 est‚'
389 1194 409 1218 «
434 1178 486 1222 In
517 1174 751 1229 saeculum,
775 1192 794 1215 »
825 1188 881 1217 ne
909 1173 993 1217 hoc
1014 1173 1283 1232 acciperetur
1319 1171 1441 1233 quod

41 1246 198 1290 transit
213 1280 224 1300 ‚
245 1245 535 1306 subjiceretur
561 1264 581 1287 «
600 1248 652 1291 In
674 1243 882 1289 saeculum
901 1242 1062 1290 saeculi.
1087 1261 1106 1284 »
1132 1246 1243 1289 Nam
1265 1243 1311 1287 in
1330 1258 1442 1301 grae-

42 1315 101 1360 CiS
114 1315 434 1376 e‘XemPIaribUS
449 1317 512 1362 Sic
522 1326 585 1361 est
602 1337 611 1362 2
626 1324 666 1362 εἰς
690 1324 739 1357 τὸν
757 1323 871 1361 αἰῶνα,
900 1322 952 1363 καὶ
973 1323 1012 1360 εἰς
1033 1322 1082 1355 τὸν
1110 1323 1210 1355 αἰῶνα.
1240 1327 1291 1356 τοῦ
1321 1323 1443 1362 αἰῶνος.

42 1386 172 1441 Quod
193 1386 336 1434 Latini
348 1386 544 1447 plerique
565 1387 837 1447 interpretati
857 1396 961 1432 sunt
977 1422 988 1442 ‚
1010 1403 1099 1431 non
1121 1406 1141 1429 «
1155 1390 1207 1431 In
1225 1387 1443 1432 saeculum

44 1475 67 1500 »,
101 1465 145 1501 et
162 1457 209 1501 in
222 1456 433 1501 saeculum
456 1456 627 1515 saeculi3
656 1476 676 1499 »
695 1457 794 1513 sed,
825 1461 910 1501 «In
931 1467 1168 1513 aeternum,
1190 1458 1294 1502 etin
1312 1474 1445 1503 saecu-

13 1544 15 1549 ⁴
44 1546 65 1570 »
99 1528 193 1573 lum
215 1528 362 1574 saeculi
388 1548 397 1573 ς
420 1547 440 1570 »
466 1539 516 1573 ut
536 1530 583 1572 in
605 1545 657 1574 eo
678 1529 800 1590 quod
811 1529 979 1575 dictum
1002 1538 1089 1584 est,
1124 1547 1144 1570 (ι
1164 1532 1214 1573 In
1230 1528 1444 1574 saeculum

45 1615 67 1640 >›
102 1598 270 1654 saeculi,
291 1617 310 1640 »
332 1598 444 1644 illud
461 1610 751 1661 exponeretur
772 1599 893 1660 quod
911 1598 1079 1644 dictum
1102 1608 1165 1642 est
1181 1634 1191 1654 ‚
1216 1602 1300 1643 «In
1319 1609 1442 1644 aeter-

48 1689 66 1712 »
101 1685 225 1716 num.
251 1672 421 1717 Nomen
438 1685 539 1729 ergo
562 1671 797 1731 impiorum
815 1670 968 1714 delesti
983 1671 1028 1714 in
1045 1679 1281 1725 aeternum,
1300 1671 1439 1731 »quia

43 1739 247 1801 deinceps
264 1757 492 1802 nunquam
510 1752 640 1791 erunt
661 1742 797 1801 impii.
820 1745 876 1787 Et
897 1742 931 1786 si
951 1742 995 1785 in
1009 1742 1093 1786 hoc
1118 1742 1327 1786 saeculum
1349 1758 1440 1787 non

43 1810 240 1856 tenditur
261 1826 423 1866 nomen
445 1827 618 1868 eorum,
644 1812 785 1857 multo
807 1813 951 1856 minus
974 1813 1019 1855 in
1041 1812 1250 1857 saeculum
1275 1813 1440 1857 saeculi.

103 1883 226 1926 V111.
266 1901 286 1924 «
314 1879 483 1927 Inimici
513 1883 771 1928 defecerunt
803 1883 980 1928 frameae
1003 1884 1047 1927 in
1074 1884 1254 1927 finem1.
1279 1903 1298 1925 »
1341 1888 1442 1930 Non

43 1952 274 2012 pluraliter
311 1953 501 2009 inimici,
538 1954 615 1998 sed
649 1954 925 2014 singulariter
947 1955 1078 2015 hujus
1107 1954 1284 1999 inimici.
1313 1957 1448 2015 Cujus

45 2032 192 2068 autem
213 2024 376 2068 inimici
398 2024 476 2068 nisi
501 2023 664 2069 diaboli
685 2025 864 2070 frameae
886 2024 1175 2070 defecerunt?
1199 2028 1277 2069 Hae
1296 2035 1446 2070 autem

45 2093 349 2152 intelliguntur
366 2095 546 2139 diversae
569 2095 798 2155 opiniones
816 2096 993 2150 erroris,
1009 2095 1170 2156 quibus
1188 2094 1261 2139 ille
1280 2096 1445 2141 animas

46 2173 256 2225 tanquam
275 2165 424 2224 gladiis
450 2166 637 2226 perimit.
660 2167 736 2214 His
755 2166 907 2226 gladiis
928 2165 1152 2211 vincendis
1171 2175 1214 2209 et
1232 2166 1288 2211 ad
1303 2167 1450 2211 defec-

47 2243 143 2279 tum
175 2236 466 2294 perducendis
495 2237 626 2281 instat
655 2236 728 2281 ille
760 2236 953 2295 gladius,
988 2236 1042 2281 de
1072 2253 1161 2297 quo
1191 2238 1236 2281 in
1262 2237 1450 2297 septimo

48 2304 220 2353 Psalmo
241 2306 400 2350 dicitur
421 2326 429 2352 :
455 2307 573 2353 «Nisi
588 2307 925 2363 convertamini,
952 2306 1142 2365 gladium
1161 2324 1287 2352 suum
1306 2308 1446 2353 vibra-

53 2392 74 2416 »
99 2375 203 2420 bit2.
232 2395 252 2419 »
279 2379 337 2422 Et
358 2376 469 2428 forte
486 2378 565 2422 iste
587 2388 650 2422 est
671 2379 767 2422 finis
784 2414 795 2434 ‚
820 2379 864 2422 in
887 2393 1017 2439 quem
1038 2377 1212 2422 frameae
1235 2378 1448 2423 deficiunt

47 2444 238 2503 inimici3
274 2448 379 2507 quia
400 2464 538 2508 usque
559 2449 614 2492 ad
636 2449 779 2508 ipsum
803 2448 971 2508 aliquid
1006 2449 1165 2492 valent.
1206 2453 1302 2508 Ipse
1324 2464 1443 2497 nunc

48 2526 252 2575 operatur
268 2517 438 2562 occulte
451 2553 462 2574 ‚
488 2517 645 2564 ultimo
663 2529 810 2567 autem
820 2519 988 2579 judicio
1005 2519 1150 2578 palam
1171 2519 1438 2564 vibrabitur.

102 2607 110 2623 ¹
132 2600 272 2644 Psal.1x,
292 2612 323 2645 7.
345 2620 387 2626 —-
409 2603 482 2635 ²Id.
504 2613 559 2644 vn,
582 2603 631 2635 13.
