1833 3284
368 243 422 283 94
790 253 824 282 S.
860 254 1092 281 AUGUSTINI
1124 254 1305 281 EPISCOPI

365 319 661 378 intelligimus.
688 318 838 364 Pluvia
861 335 963 379 ergo
990 329 1196 372 tentatur,
1221 319 1366 380 quiex
1386 320 1477 378 ipsa
1499 318 1755 364 celsitudine

366 392 685 449 Scripturarum
705 389 951 435 divinarum
976 391 1182 450 peccandi
1199 390 1468 435 occasionem
1487 405 1617 449 prave
1630 389 1758 433 intel-

361 459 538 518 ligendo
561 460 716 520 accipit
741 480 749 505 :
777 470 985 521 tanquam
1007 461 1041 504 si
1065 460 1265 516 audiens,
1298 478 1316 502 «
1338 460 1420 505 Cui
1443 460 1665 504 modicum
1684 458 1754 504 di-

367 550 384 572 »
420 531 623 586 mittitur,
658 531 880 577 modicum
914 532 1106 591 diligit²,
1136 552 1153 574 »
1190 532 1306 577 dicat
1337 531 1446 589 sibi,
1490 530 1755 576 «Faciamus

364 620 382 642 »
418 602 530 647 mala
547 638 557 657 ,
585 613 634 648 ut
651 604 828 648 veniant
844 605 959 648 bona
972 608 989 629 2
1006 624 1017 661 3
1043 623 1060 644 »
1087 612 1130 647 et
1145 612 1396 663 permaneat
1418 603 1463 646 in
1481 611 1661 662 peccato
1677 637 1689 657 ,
1705 610 1756 646 ut

359 673 494 730 gratia
519 673 715 718 abundet
740 693 749 718 ;
774 683 817 717 et
839 673 976 718 multa
999 673 1270 734 hujusmodi,
1295 674 1454 734 quibus
1477 688 1521 717 se
1552 672 1754 717 homines

357 757 602 786 sermonem
633 744 832 787 divinum
863 744 976 788 male
999 744 1326 804 interpretando
1349 744 1634 797 subvertunt,
1666 741 1752 785 im-

355 813 601 870 punitatem
623 813 704 856 sibi
732 815 1034 873 promittentes
1050 850 1061 870 ,
1087 814 1266 875 quando
1292 812 1584 858 misericordia
1608 811 1686 856 Dei
1705 811 1752 855 in

354 880 512 926 divinis
535 882 656 927 libris
688 885 1036 929 commendatur.
1065 885 1268 929 Flumine
1290 895 1437 930 autem
1453 919 1464 940 ,
1495 882 1673 944 quando
1695 882 1752 927 ab

354 951 607 998 hominibus
629 956 705 1015 qui
728 956 820 1001 haec
842 957 901 1000 ita
923 956 1232 1002 intellexerunt
1257 966 1300 1001 et
1333 964 1617 1015 acceperunt,
1651 963 1751 998 ten-

354 1031 483 1068 tatur.
507 1024 695 1070 Flumen
716 1027 831 1072 enim
852 1044 969 1072 nunc
991 1027 1095 1072 dicit
1112 1027 1223 1072 illud
1238 1063 1249 1084 ,
1275 1027 1396 1089 quod
1413 1028 1468 1071 de
1486 1025 1632 1086 pluvia
1655 1024 1750 1069 col-

351 1093 518 1153 ligitur,
546 1106 589 1141 et
618 1107 784 1143 torrens
813 1109 1010 1156 vocatur,
1047 1116 1148 1144 cum
1180 1100 1238 1144 ait
1271 1119 1280 1144 :
1315 1099 1459 1152 «Quis
1488 1095 1751 1157 praeparavit

356 1185 374 1207 »
411 1167 566 1212 validae
590 1169 749 1228 pluviae
772 1172 966 1218 flumen:
992 1192 1010 1215 »
1036 1171 1157 1233 quod
1178 1171 1383 1231 impleat,
1409 1180 1452 1214 et
1475 1185 1562 1230 qua
1583 1176 1745 1212 currat.

353 1238 474 1283 Sicut
506 1250 609 1285 sunt
635 1257 734 1287 vasa
763 1244 838 1288 irae
861 1243 1052 1304 perfecta
1085 1245 1140 1288 ad
1174 1243 1506 1303 perditionem3,
1543 1256 1644 1301 quae
1670 1238 1749 1284 illo

350 1309 508 1366 modo,
535 1328 624 1372 quo
646 1312 756 1370 dixi,
791 1315 1068 1375 «Scripturas
1091 1314 1325 1374 accipiunt.
1352 1333 1370 1355 »
1401 1316 1482 1357 Per
1502 1310 1600 1355 illos
1630 1309 1749 1354 enim

348 1381 484 1426 habet
525 1382 773 1430 liberiorem
811 1402 988 1432 cursum
1020 1387 1260 1447 perniciosa
1302 1384 1376 1429 illa
1418 1383 1744 1443 interpretatio,

348 1467 479 1511 quam
499 1455 588 1512 agri
603 1455 817 1500 fructiferi
830 1473 920 1502 non
938 1458 1154 1518 recipiunt
1172 1478 1182 1514 3
1200 1466 1244 1501 et
1257 1465 1378 1501 tanto
1396 1456 1559 1516 majore
1579 1454 1750 1513 impetu

347 1521 560 1582 impellit,
597 1536 641 1570 et
672 1526 843 1588 dejicit,
879 1539 922 1573 et
957 1530 1089 1574 trahit
1127 1528 1249 1590 quod
1277 1526 1478 1572 instabile
1507 1524 1744 1580 invenerit,

348 1604 517 1653 quanto
529 1596 703 1641 videtur
723 1597 778 1642 de
803 1600 1060 1644 auctoritate
1076 1599 1220 1645 divina
1238 1607 1452 1659 suscepta.
1471 1596 1623 1642 Ventis
1643 1610 1747 1640 vero

347 1673 559 1721 tentatur,
585 1685 717 1728 quem
734 1671 922 1729 perflant
939 1672 1088 1715 inanes
1110 1671 1329 1715 suasiones
1349 1669 1580 1714 hominum
1598 1682 1747 1726 super-

346 1734 506 1779 borum
524 1771 534 1787 ,
560 1738 605 1782 id
633 1749 718 1794 est,
745 1756 795 1784 ex
816 1743 991 1801 propria
1014 1743 1272 1786 auctoritate
1293 1741 1427 1786 verba
1451 1739 1747 1798 vanarjactan-

346 1806 473 1850 tium.
510 1810 594 1861 Qui
628 1825 731 1869 crgo
754 1812 922 1871 judicio
949 1813 1026 1857 Dei
1048 1821 1317 1872 praeparatur
1345 1811 1399 1855 ad
1422 1808 1739 1870 perditionem,

344 1893 434 1922 non
467 1879 813 1940 obtemperando
846 1884 989 1928 verbis
1011 1886 1129 1945 ejus,
1155 1883 1275 1944 quod
1310 1891 1374 1926 est
1399 1896 1530 1941 super
1564 1892 1743 1924 arenam

343 1949 584 2006 aedificare,
612 1968 702 1997 non
725 1954 886 1999 resistit
913 1955 1051 2000 ventis
1084 1954 1266 2009 talibus,
1294 1962 1337 1998 et
1364 1951 1562 1998 cadendo
1588 1951 1638 1994 fit
1670 1948 1743 1994 via

343 2021 523 2065 vocibus
562 2026 841 2083 tempestatis.
888 2046 906 2067 «
935 2026 1102 2071 Validae
1146 2035 1292 2070 autem
1327 2024 1488 2084 pluviae
1514 2043 1533 2066 »
1574 2020 1743 2066 dictum

343 2092 546 2148 arbitror,
567 2093 755 2139 difficilis
777 2096 833 2140 ad
854 2097 1133 2157 capiendum,
1154 2097 1200 2140 id
1215 2105 1293 2151 est,
1313 2095 1368 2139 ad
1384 2091 1736 2152 intelligendum.

346 2180 365 2201 «
403 2165 460 2207 Ut
483 2163 607 2223 pluat
639 2181 768 2225 super
797 2176 955 2211 terram
978 2168 1057 2210 ubi
1083 2183 1173 2211 non
1195 2175 1259 2210 est
1280 2166 1374 2211 vir⁴
1394 2184 1403 2210 ε
1424 2185 1442 2207 »
1467 2162 1740 2209 subaudien-

341 2232 448 2277 dum
470 2244 553 2278 est:
583 2236 689 2288 Quis
712 2239 1004 2297 praeparavit?
1020 2242 1100 2282 Per
1120 2237 1263 2282 virum
1284 2245 1431 2280 autem
1451 2235 1625 2281 videtur
1648 2238 1741 2279 Le·-

343 2320 440 2363 gem
470 2306 734 2363 significare,
765 2325 865 2369 quac
887 2308 987 2353 data
1010 2319 1074 2353 est
1102 2308 1279 2352 Judaeis.
1303 2311 1420 2367 Ergo
1441 2322 1571 2367 super
1589 2315 1738 2365 gentes

341 2374 624 2433 intelligimus
644 2377 829 2422 imbrem
848 2379 1087 2439 Evangelii.
1119 2399 1137 2422 «
1161 2382 1210 2423 In
1229 2379 1401 2423 deserto
1416 2413 1428 2434 ,
1459 2377 1537 2422 ubi
1564 2393 1654 2422 non
1673 2385 1737 2424 est

346 2465 363 2487 »
400 2446 534 2492 homo
548 2450 579 2492 ⁵:
611 2468 628 2490 »
657 2449 700 2493 in
720 2449 821 2510 ipsis
842 2451 1062 2510 gentibus,
1087 2450 1166 2495 ubi
1189 2466 1280 2498 non
1302 2458 1394 2494 erat
1414 2448 1561 2509 aliqua
1582 2458 1736 2494 aucto-

388 2550 397 2566 ¹
432 2546 508 2578 Luc.
546 2556 610 2588 vn,
644 2546 698 2588 47.
730 2564 771 2570 -
804 2554 816 2571 ²
847 2550 938 2581 Rom.
974 2560 1033 2591 ιιι,
1066 2547 1098 2580 8.
1134 2565 1176 2572 -
1208 2546 1221 2572 3
1260 2547 1307 2580 Id.
1341 2558 1398 2589 xx,
1436 2554 1490 2580 22.
1526 2563 1570 2570 -·-
1602 2544 1620 2577 4
1655 2544 1731 2580 Joh-

339 2610 475 2643 xxxvui,
495 2602 547 2635 26.
574 2619 615 2625 —-
633 2600 750 2636 51bid.

1824 2397 1828 2602 1

1821 2609 1827 2890 l
