1833 3284
333 253 416 290 510
763 258 797 286 s.
834 257 1067 286 AueusTlm
1100 258 1283 285 nmscom

326 327 426 371 tatis
444 335 486 369 et
508 323 563 368 ad
581 324 685 368 ostia
709 332 846 384 portae
864 329 907 367 et'
923 321 1066 366 salivae
1082 321 1375 365 decurrebant
1396 334 1526 380 super
1542 319 1723 363 barbam

327 399 433 458 ejus.
469 394 592 440 Unde
621 394 712 438 fieri
742 403 904 454 potest,
935 402 985 437 ut
1012 408 1101 437 non
1131 393 1214 437 hoe
1236 390 1403 453 aliquid
1430 391 1724 451 significaret?

326 467 688 530 quandoquidem
717 477 863 527 aperte
895 466 999 510 dicit
1032 463 1297 525 Apostolus:
1328 483 1347 507 «
1377 465 1481 509 Haee
1511 472 1657 507 autem
1680 463 1726 506 in

329 559 349 582 »
404 556 525 599 igura
554 539 870 598 contingebant
897 536 1008 592 illis,
1040 537 1197 597 scripta
1232 545 1334 580 sunt
1368 544 1514 580 autem
1548 543 1727 594 propter

331 629 351 652 »
388 627 493 667 nos,
516 611 561 654 in
584 625 693 672 quos
721 609 818 653 finis
847 607 1108 653 saeeulorurn
1131 608 1355 652 obvenit¹.
1385 626 1405 649 >›
1434 607 1475 651 Si
1506 604 1616 649 nihil
1637 606 1726 664 sig-⁴

327 681 475 726 nificat
497 697 678 735 manna,
705 678 759 724 de
776 695 866 740 quo
885 678 990 723 dicit
1013 678 1245 738 Apostolus
1271 698 1280 723 :
1311 698 1330 720 «
1355 679 1412 722 Et
1429 677 1578 722 eibum
1600 675 1729 736 spiri-²

331 771 352 794 »
389 751 516 797 talem
531 751 952 796 manducaverunt²t
969 769 987 792 n
1000 750 1034 793 si
1052 749 1159 793 nihil
1177 749 1391 808 signifieat
1403 746 1525 810 quod
1538 746 1729 792 divisum

329 833 393 868 est
415 835 559 878 mare,
592 832 635 866 et
656 837 734 882 per
762 822 957 866 medium
981 820 1140 865 duetus
1170 831 1233 866 est
1254 819 1444 881 populus
1461 856 1472 876 ‚
1495 827 1546 864 ut
1568 817 1729 863 evade-

328 905 427 939 rent
471 895 820 955 persecutionem
856 893 1120 949 Pharaonis,
1161 908 1263 937 eum
1297 884 1414 937 dieat
1448 890 1684 951 Apostolus
1715 909 1725 936 ε

333 985 354 1009 ι(
388 965 499 1012 Nolo
529 966 645 1010 enim
679 981 755 1010 vos
789 966 1018 1023 ignorare,
1055 963 1235 1020 fratres,
1274 965 1375 1025 quia
1414 973 1557 1024 patres
1594 962 1731 1007 nostri

331 1057 352 1080 »
387 1054 539 1083 omnes
561 1038 642 1082 sub
667 1037 787 1081 nube
805 1036 1002 1092 fuerunt,
1024 1047 1067 1081 et
1087 1053 1238 1082 omnes
1256 1038 1300 1080 in
1318 1040 1502 1095 Moysen
1524 1034 1731 1096 baptizati

332 1128 353 1151 »
389 1119 492 1154 sunt
526 1109 571 1154 in
603 1109 721 1153 nube
749 1118 792 1152 et
826 1109 872 1152 in
909 1109 1039 1152 mari³
1066 1128 1076 1153 2
1105 1128 1123 1150 »
1160 1109 1194 1153 si
1223 1108 1332 1152 nihil
1366 1108 1579 1166 signifieat
1612 1104 1732 1167 quod

331 1187 534 1240 pereussa
575 1189 696 1240 petra
728 1196 841 1240 aqua
875 1180 1083 1239 profluxit
1096 1178 1128 1235 ⁴,
1167 1195 1267 1224 eum
1303 1179 1419 1224 dieat
1456 1177 1729 1239 Apostolus:

338 1271 359 1293 «
394 1255 522 1296 Petra
559 1260 704 1295 autem
729 1260 820 1294 erat
849 1251 1071 1295 Christus⁵
1094 1267 1102 1292 :
1127 1251 1201 1295 »si
1232 1266 1335 1310 ergo
1363 1249 1436 1294 illa
1467 1249 1576 1293 nihil
1601 1248 1734 1306 signi-

334 1324 493 1376 ficant,
531 1323 728 1383 quamvis
759 1323 846 1367 sint
878 1332 1027 1382 gesta:
1053 1323 1086 1367 si
1117 1323 1229 1367 nihil
1262 1322 1451 1383 denique
1486 1321 1734 1380 significant

335 1395 425 1440 duo
448 1394 528 1438 filii
553 1394 743 1439 Abrahae
767 1395 857 1438 nati
881 1395 1123 1439 seeundum
1151 1396 1350 1439 ordinem
1368 1393 1575 1439 nascendi
1596 1393 1735 1438 homi-

335 1482 466 1521 num,
489 1475 531 1509 et
554 1475 702 1509 tamen
730 1465 843 1525 ipsos
868 1465 978 1509 duos
1002 1465 1113 1510 filios
1135 1465 1225 1510 duo
1250 1469 1526 1510 Testamenta
1547 1463 1736 1526 appellat

335 1535 593 1597 Apostolus,
620 1538 758 1580 Vetus
790 1545 834 1580 et
863 1539 1059 1591 Novum,
1091 1547 1134 1581 et
1166 1537 1303 1582 dicit:
1333 1557 1353 1579 «
1380 1540 1484 1581 Haee
1512 1545 1614 1581 sunt
1645 1535 1735 1580 duo

338 1627 358 1649 »
397 1611 672 1652 Testamenta
686 1643 696 1662 ,
722 1624 823 1668 quae
846 1617 947 1652 sunt
968 1609 1012 1652 in
1033 1608 1237 1667 allegoria
1251 1611 1266 1635 ⁶
1286 1625 1294 1650 :
1319 1627 1339 1650 n
1360 1609 1393 1652 si
1406 1623 1507 1667 ergo
1529 1607 1603 1652 illa
1625 1606 1736 1653 nihil

336 1679 598 1737 significant,
619 1694 719 1739 quoe
741 1678 899 1722 videtis
922 1679 1181 1723 auctoritate
1204 1679 1439 1739 apostoliea
1460 1680 1505 1723 in
1526 1679 1734 1737 mysterio

335 1747 586 1793 futurarum
608 1765 751 1793 rerum
774 1759 891 1808 gesta
920 1765 1036 1807 esse3
1062 1750 1271 1795 dehemus
1294 1751 1492 1795 arbitrari
1515 1750 1623 1794 nihil
1646 1751 1735 1810 sig-

336 1820 513 1865 nificare
527 1821 657 1864 etiam
676 1821 759 1864 hoe
777 1821 899 1880 quod
912 1822 1037 1865 vobis
1055 1838 1104 1865 ex
1120 1821 1233 1866 libro
1251 1825 1505 1881 Regnorum
1523 1821 1577 1865 de
1597 1821 1736 1866 David

336 1890 469 1951 paulo
502 1900 602 1934 ante
638 1891 822 1935 narravi.
861 1893 958 1936 Non
990 1907 1091 1950 ergo
1126 1892 1235 1937 nihil
1270 1893 1504 1951 signifieat,
1535 1901 1579 1937 et
1613 1892 1735 1954 quod

337 1978 498 2006 nomen
517 1970 736 2006 mutatum
759 1971 836 2017 est,
863 1971 907 2006 et
928 1962 1096 2007 dietum
1115 1973 1179 2008 est
1201 1982 1220 2005 «
1239 1966 1398 2009 Coram
1415 1962 1689 2009 Abimeleeh.
1709 1983 1729 2006 »

398 2036 473 2078 IV.
514 2034 734 2077 Intendite
764 2049 952 2078 meeum.
987 2036 1144 2079 Omnia
1174 2036 1289 2079 enim
1319 2052 1418 2096 quae
1455 2034 1540 2079 dixi
1568 2036 1730 2091 modo,

337 2104 461 2164 quasi
498 2105 554 2148 ad
590 2112 770 2148 manum
803 2107 1024 2164 pertinent
1058 2105 1275 2165 pulsanti,
1301 2105 1500 2151 nondum
1534 2116 1736 2166 apertum

338 2185 416 2219 est.
452 2175 746 2230 Pulsavimus‚
782 2192 883 2220 eum
915 2177 994 2220 ista
1027 2176 1298 2235 dieereinus3
1330 2177 1528 2236 pulsastis
1558 2187 1601 2221 et
1631 2187 1731 2232 vos,

339 2261 440 2290 eum
462 2247 541 2290 ista
560 2246 768 2291 audiretis
794 2266 802 2290 :
832 2246 976 2291 adhue
999 2247 1218 2307 pulsemus
1242 2248 1408 2293 orando
1425 2284 1435 2303 ‚
1457 2258 1507 2293 ut
1527 2249 1736 2293 Dominus

340 2320 504 2380 aperiat
523 2318 664 2363 nobis.
696 2319 932 2363 Nominum
970 2320 1258 2364 Hebifieorum
1284 2320 1496 2364 habemus
1519 2320 1736 2380 interpre—

338 2392 550 2434 tationem
574 2410 582 2434 :
609 2405 698 2433 non
721 2388 958 2433 defuerunt
973 2389 1089 2434 docti
1109 2390 1213 2446 viri,
1241 2391 1317 2452 qui
1340 2391 1465 2434 nobis
1486 2391 1663 2435 nomina
1685 2406 1736 2435 ex

339 2462 517 2506 hebraeo
530 2461 576 2504 in
589 2475 772 2519 graeeam
786 2459 998 2519 linguam,
1010 2470 1053 2505 et
1066 2460 1167 2505 inde
1180 2462 1226 2506 in
1238 2461 1417 2507 latinam
1432 2459 1730 2506 transferrent.

389 2565 398 2582 ¹
424 2570 435 2590 1
458 2562 533 2591 (lor.
558 2569 596 2599 x,
633 2570 746 2590 11.—
773 2564 785 2580 ²
813 2557 893 2589 Ibid.
921 2558 952 2590 3.
982 2576 1023 2581 —
1042 2556 1054 2580 3
1073 2558 1156 2592 Ibid.
1193 2557 1258 2601 1-4.
1289 2575 1331 2582 —-
1350 2556 1366 2589 4
1384 2560 1476 2592 Num.
1497 2569 1591 2601 xxvi,
1610 2557 1666 2592 65.
1687 2575 1730 2584 -

342 2612 358 2638 ⁵
375 2626 387 2648 ι
408 2618 484 2649 Cor.
505 2626 538 2657 x,
559 2614 591 2657 4.
612 2632 653 2639 -
674 2612 689 2637 (5
704 2614 773 2648 Gal.
790 2624 836 2656 iv,
860 2613 914 2656 24.
