1833 3284
406 221 748 251 ΑΝΝΟΤΑΤΙοΝυΜ
780 224 826 251 lN
858 225 950 261 σου,
987 225 1124 252 Lissa.
1410 218 1463 255 83

80 301 162 331 nec
183 286 339 346 corrigi
355 296 595 347 potuerunt
610 323 621 342 ‚
641 297 964 348 perseveranter
993 289 1123 333 etiam
1145 299 1293 349 postea
1318 306 1465 350 perse—

77 371 261 417 quentes
282 357 521 403 Ecclesiam
543 378 552 404 ;
578 359 736 403 horum
756 360 873 403 enim
894 375 984 403 non
1001 361 1120 419 parvi
1141 396 1152 415 ,
1177 360 1253 404 sed
1269 361 1466 420 ingentes

77 425 222 486 lapsus
238 437 354 473 sunt.
376 447 395 470 «
414 431 505 474 Tua
515 445 618 475 vero
632 428 740 474 stola
755 439 818 474 est
831 429 970 474 valida
988 450 996 476 :
1019 451 1036 472 »
1056 431 1240 489 dignitas
1255 433 1464 492 superba3

77 506 289 558 tanquam
304 498 350 543 in
372 514 473 543 eum
489 500 653 560 quippe
675 499 856 555 dicitur,
882 501 958 561 qui
979 501 1034 545 de
1057 502 1261 561 operibus
1280 503 1366 547 suis
1384 519 1465 546 au-

76 567 153 612 det
173 568 334 614 extolli.
366 570 624 623 Quiescente
646 580 758 615 terra
785 572 839 615 ab
860 574 1040 627 Austro,
1073 573 1265 618 firmabis
1289 589 1390 618 cum
1413 588 1464 618 eo

80 658 99 682 »
124 639 273 696 coelos,
299 641 376 702 qui
391 642 616 702 aequaliter
631 641 685 686 ad
702 642 941 687 videndum
956 642 1041 687 fusi
1063 646 1209 688 sunt¹.
1222 664 1239 686 »
1261 645 1330 688 Ab
1349 648 1464 688 Aus-

76 719 144 756 tro
165 721 324 756 terram
351 722 639 771 congruenter
670 713 953 773 intelligimus
983 730 1075 769 eos,
1107 715 1183 775 qui
1208 716 1263 760 de
1298 715 1463 759 Judaeis

72 781 355 829 crediderunt
386 784 434 828 in
463 785 700 829 Christum.
742 785 862 830 Sicut
890 786 1007 829 enim
1033 785 1097 829 sol
1125 786 1180 829 ab
1209 785 1465 846 Aquilonari

73 861 186 897 terra
204 855 410 899 remotior
422 864 500 911 est,
518 855 706 900 Australi
726 865 871 900 autem
885 855 1067 900 vicinior
1089 876 1097 900 ;
1116 856 1174 900 ita
1192 871 1301 916 quos
1327 872 1462 916 prope

71 922 270 970 inventos
282 924 629 986 dicitApostolus
641 925 729 971 luci
742 926 1157 985 Evangelistarum2,
1172 942 1261 970 non
1275 925 1463 971 absurde

71 994 346 1055 accipiuntur
367 1006 480 1043 terra
498 997 554 1042 ab
575 1001 750 1042 Austro.
780 997 900 1042 Sicut
929 1007 1075 1041 autem
1107 997 1241 1042 coelos
1264 1001 1463 1056 Evange-

67 1063 187 1110 listas
207 1066 397 1113 solemus
421 1069 638 1128 accipere,
662 1058 712 1114 ut
740 1078 824 1125 est,
861 1087 878 1110 «
905 1068 1019 1115 Coeli
1047 1079 1251 1114 enarrant
1281 1069 1464 1128 gloriam

74 1157 95 1187 r
120 1139 224 1197 Dei;
252 1159 272 1182 »
314 1139 370 1184 de
389 1141 456 1185 his
493 1141 611 1185 enim
631 1140 797 1186 dictum
834 1151 921 1196 est,
950 1159 969 1182 «
1008 1144 1060 1185 In
1093 1155 1267 1186 omnem
1301 1151 1463 1185 terram

74 1228 94 1253 »
118 1211 247 1256 exivit
258 1227 388 1258 sonus
402 1227 569 1267 eorum,
587 1222 630 1256 et
640 1213 686 1256 in
699 1213 804 1257 fines
817 1213 931 1257 orbis
944 1222 1070 1256 terrae
1082 1213 1216 1257 verba
1230 1214 1400 1257 eorum3
1418 1228 1458 1254 τ»

67 1279 127 1327 ita
155 1290 290 1326 terras
317 1291 434 1327 recte
461 1283 695 1343 accipimus
722 1282 894 1343 plebes,
928 1283 1087 1344 quibus
1116 1282 1461 1342 evangelizatum

67 1360 146 1397 est.
158 1355 216 1399 Et
227 1355 435 1414 quoniam
446 1354 612 1415 plebes,
632 1371 732 1416 quae
745 1354 800 1400 de
813 1358 837 1401 J
843 1354 966 1400 udaea
982 1353 1279 1406 crediderunt,
1295 1364 1462 1414 postea-

67 1439 201 1483 quam
231 1424 518 1485 quieverunt‚
556 1436 763 1471 exeuntes
783 1426 838 1471 de
869 1426 950 1470 hac
982 1434 1093 1469 terra
1112 1461 1122 1480 ‚
1147 1428 1164 1483 (
1187 1440 1304 1469 nunc
1338 1424 1457 1468 enim

66 1494 139 1539 hic
169 1511 262 1540 non
283 1498 432 1555 sunt.)
452 1497 623 1542 firmata
644 1506 708 1541 est
734 1506 881 1540 tamen
902 1495 1136 1539 auctoritas
1158 1494 1458 1553 Evangelista-

66 1580 165 1611 rum
194 1566 241 1611 in
271 1567 474 1612 Ecclesiis
505 1583 606 1628 quae
630 1577 733 1613 sunt
765 1583 815 1611 ex
850 1567 1073 1626 gentibus,
1107 1566 1277 1609 firmata
1311 1574 1458 1609 autem

0 1656 1 1682 5
65 1637 359 1684 misericordia
379 1639 479 1695 Dei,
517 1654 608 1684 non
621 1641 713 1700 jam
741 1637 984 1698 opitulante
1011 1636 1271 1681 auctoritate
1299 1636 1455 1680 Eccle-

0 1730 2 1765 ρ
63 1708 226 1753 siarum
241 1713 266 1755 J
273 1708 425 1764 udaeae,
445 1726 546 1770 quae
566 1710 612 1754 in
625 1709 847 1755 Christum
866 1718 954 1760 est3
973 1718 1202 1768 propterea
1225 1723 1374 1752 sensus
1385 1706 1456 1751 hic

0 1775 1 1780 ¹
63 1788 150 1835 est,
173 1790 225 1826 ut
244 1796 323 1841 per
337 1781 721 1840 interrogationem
743 1779 1053 1840 pronuntietur
1073 1798 1081 1823 :
1113 1797 1130 1819 «
1152 1777 1379 1838 Numquid
1406 1786 1456 1821 tu

42 1851 313 1913 vquiescente
339 1861 454 1897 terra
471 1853 527 1897 ab
556 1856 738 1906 Austro,
759 1851 804 1895 id
824 1860 888 1895 est
904 1886 914 1905 ,
940 1851 1032 1911 jam
1060 1864 1151 1893 non
1177 1849 1385 1893 existente
1411 1849 1462 1892 in

62 1921 144 1967 hac
165 1922 254 1967 vita
269 1921 399 1982 plebe
419 1922 511 1967 ulla
536 1922 768 1967 christiana
784 1936 835 1965 ex
854 1923 878 1965 J
882 1919 1016 1964 udaeis
1030 1955 1041 1975 ,
1062 1920 1255 1963 firmabis
1278 1935 1381 1963 cum
1399 1934 1451 1964 eo

62 1993 381 2052 Evangelistas,
406 2002 450 2037 et
471 1993 716 2037 divinarum
744 1991 1064 2050 Scripturarum
1091 1988 1247 2044 libros,
1271 1990 1346 2049 qui
1376 2004 1454 2048 per

0 2105 4 2141 ᾖ
62 2062 401 2108 misericordiam
432 2064 510 2108 Dei
536 2079 626 2107 non
658 2061 758 2106 solis
790 2060 951 2106 Judaeis
981 2060 1057 2104 sed
1090 2059 1221 2104 etiam
1251 2060 1454 2118 gentibus

0 2143 5 2211 1
61 2133 287 2194 aequaliter
322 2133 378 2179 ad
409 2133 652 2179 videndum
693 2131 779 2176 fusi
799 2133 926 2176 sunt?
949 2131 1143 2175 Gratiam
1175 2130 1338 2190 quippe
1376 2130 1455 2176 Dei

0 2213 4 2268 ι
62 2205 341 2250 commendat
352 2214 396 2250 et
407 2203 760 2255 misericordiam,
782 2217 837 2246 ne
859 2201 954 2262 quis
975 2200 1031 2245 de
1047 2200 1210 2244 meritis
1226 2200 1450 2258 glorietur,

0 2269 5 2341 ξ
62 2289 162 2335 quae
189 2274 445 2320 Judaeorum
457 2283 548 2320 crat
570 2272 786 2333 superbia.
817 2291 834 2313 «
857 2275 1001 2325 Quare
1024 2268 1133 2315 doce
1155 2286 1225 2314 me
1251 2270 1360 2331 quid
1384 2270 1452 2316 di-

0 2347 6 2405 l
67 2363 87 2387 »
110 2361 260 2390 camus
281 2346 344 2401 ei,
369 2355 411 2390 et
433 2340 749 2405 requiescamus
766 2341 903 2387 multa
926 2342 1119 2386 dicentes
1129 2342 1159 2389 4,
1192 2361 1211 2384 »
1234 2341 1344 2395 Quia
1361 2357 1452 2387 non

0 2411 7 2436 ,2

61 2424 125 2461 est
156 2416 278 2477 quod
299 2417 340 2462 ei
362 2416 512 2462 dicant
543 2413 734 2460 convicti
777 2412 953 2458 nullum
986 2427 1030 2456 se
1058 2412 1221 2456 habere
1245 2412 1451 2457 meritum

74 2538 76 2540 ·
111 2518 123 2537 ¹
141 2512 218 2547 Job.
237 2524 356 2557 mvn,
376 2523 430 2557 17,
452 2512 504 2546 18.
523 2511 722 2554 -2Ephes.
736 2522 771 2553 u,
788 2521 839 2554 17-
857 2527 899 2534 -·-
915 2507 929 2533 3
947 2508 1028 2542 psal.
1046 2519 1135 2551 xvul,
1153 2517 1173 2542 2
1188 2511 1223 2542 et
1236 2510 1267 2541 5.
1290 2525 1333 2532 —-
1346 2507 1448 2543 4Job.

0 2576 6 2599 κ
65 2576 187 2612 xxxvii,
206 2579 259 2613 19·

1245 2619 1283 2657 6.
