1833 3284
339 211 416 247 130
762 218 794 241 s.
833 215 1058 240 Ate-ustum
1097 214 1272 239 Eriseori

333 303 353 326 »
392 281 629 343 perieulum
647 284 664 324 ἰ’
685 296 736 323 an
763 278 959 337 gladius?
989 281 1131 322 jertus
1155 292 1247 320 sum
1269 277 1405 330 enim,
1432 275 1589 334 inquit,
1615 274 1715 334 quia

332 374 351 395 »
388 368 531 412 neque
555 366 691 404 mors⁷
716 366 858 409 neque
886 349 970 391 vita
987 383 996 401 ‚
1023 364 1165 407 neque
1189 346 1401 405 Angelus,
1429 361 1569 405 neque
1592 345 1717 388 Prin-

385 425 568 482 eipatus‚
595 436 736 480 neque
761 419 1003 479 przesentia,
1026 432 1168 478 neque
1190 418 1354 471 futura,
1382 433 1525 476 neque
1548 416 1712 469 Virtus,

330 514 339 535 ›
387 510 528 553 neque
549 490 751 545 altitudo,
776 506 917 549 neque
937 488 1221 548 profundum,
1249 504 1390 548 neque
1414 496 1609 531 ereatura
1634 485 1715 530 alia

330 584 350 606 »
386 564 544 624 p‘oterit
562 579 639 607 nos
663 576 858 620 separare
882 576 904 604 a
927 559 1134 604 charitate
1151 560 1244 614 Dei,
1271 575 1370 618 quw
1392 567 1454 601 est
1477 557 1518 600 in
1544 556 1714 601 Christo

328 654 348 676 »
384 638 486 679 Jesu
506 634 690 678 Domino
706 633 888 675 nostro¹.
911 648 930 670 »
951 630 1017 674 Sic
1037 628 1288 673 ardentibus
1306 628 1479 687 sagittas
1499 643 1594 671 suas
1612 642 1716 686 ope-

327 714 442 749 ratus
462 714 538 748 est.
562 707 669 748 Nam
693 702 736 744 in
760 700 908 760 graecis
929 698 1245 759 exemplaribus
1263 699 1321 742 ita
1340 698 1580 742 invenitur:
1603 701 1715 761 «bsa-

326 796 345 816 »
384 775 511 833 gittas
546 789 641 818 suas
676 771 926 817 ardentibus
960 779 1161 830 operatus
1195 779 1272 814 est.
1303 789 1321 811 »
1356 770 1507 814 Latina
1541 778 1710 824 autem,

328 865 346 887 «
381 845 615 899 Ardentes,
643 863 662 884 »
689 842 897 903 pleraque
920 841 1099 885 habent.
1130 840 1214 886 Sed
1236 842 1322 886 sive
1344 841 1434 900 ipse
1456 841 1623 898 sagittae
1646 856 1713 884 ar-

321 917 470 969 deant,
496 915 583 960 sive
601 914 752 958 ardere
774 912 958 967 l'aeiant,
984 912 1105 972 quod
1128 912 1281 973 utique
1303 927 1392 956 non
1415 920 1610 971 possunt,
1632 911 1712 955 nisi

320 996 363 1030 et
386 987 489 1045 ipsae
510 985 712 1037 ardeant,
736 984 905 1043 integer
927 999 1074 1027 sensus
1096 992 1174 1027 est.

380 1060 475 1101 XV.
520 1056 603 1102 Sed
631 1055 733 1116 quia
756 1071 845 1100 non
875 1055 1048 1113 sagittas
1070 1063 1264 1109 tantum,
1293 1054 1369 1098 sed
1391 1053 1520 1098 etiam
1553 1073 1572 1095 «
1603 1056 1711 1098 Vasa

322 1146 343 1169 »
379 1127 571 1171 mortis»
601 1125 711 1169 dixit
733 1125 777 1169 in
802 1141 906 1169 areu
929 1125 1164 1169 Dominum
1194 1139 1384 1183 parasse,
1411 1124 1547 1184 quaeri
1570 1133 1712 1183 potest

318 1215 419 1259 quoe
441 1199 527 1242 sint
548 1213 647 1243 vasa
673 1197 838 1242 mortis.
865 1200 935 1241 An
966 1197 1079 1240 sorte
1112 1196 1302 1240 haerctici
1320 1198 1336 1239 P
1356 1198 1464 1240 Nam
1495 1205 1537 1239 et
1559 1196 1638 1255 ipsi
1660 1212 1710 1239 ex

319 1271 622 1324 eodem-arcu,
648 1268 693 1314 id
723 1278 806 1324 est,
835 1285 885 1312 ex
919 1268 1081 1313 eisdem
1115 1268 1345 1327 Scripturis
1367 1268 1412 1311 in
1435 1268 1598 1312 animas
1620 1283 1710 1312 non

319 1343 528 1386 charitate
546 1340 877 1385 inflammandas
890 1375 900 1395 ‚
918 1338 993 1384 sed
1008 1339 1185 1384 venenis
1203 1339 1477 1398 perimendas
1493 1338 1705 1394 insiliunt,

318 1413 440 1475 quod
470 1428 560 1457 non
592 1412 805 1470 contingit
839 1411 920 1455 nisi
953 1427 1031 1471 pro
1064 1411 1258 1455 meritis:
1285 1420 1513 1470 propterea
1549 1411 1710 1455 divinae

316 1483 604 1545 providentiae
628 1482 756 1526 etiam
781 1483 859 1526 ista
878 1481 1102 1542 dispositio
1125 1481 1359 1526 tribuenda
1382 1491 1466 1537 est,
1492 1498 1581 1526 non
1604 1482 1706 1543 quia

318 1556 407 1617 ipsa
430 1563 677 1615 peccatores
700 1553 824 1608 facit,
850 1552 926 1597 sed
947 1553 1048 1613 quia
1067 1553 1155 1612 ipsa
1178 1553 1351 1597 ordinat
1372 1569 1472 1597 eum
1496 1568 1705 1613 peecave-

316 1627 417 1671 rint.
440 1625 556 1670 Malo
580 1625 694 1668 enim
713 1633 815 1668 voto
838 1639 914 1683 per
937 1632 1163 1683 peceatum
1181 1623 1386 1682 legentes,
1410 1623 1520 1668 male
1538 1640 1705 1683 eogun-

318 1709 388 1743 tur
410 1695 671 1753 intelligere,
692 1704 742 1739 ut
763 1696 851 1754 ipsa
879 1694 932 1737 sit
961 1709 1092 1752 poena
1116 1694 1281 1753 peceati
1312 1713 1320 1738 :
1346 1710 1533 1755 quorum
1558 1704 1703 1740 tamen

315 1778 456 1814 morte
488 1766 565 1810 filii
593 1764 819 1810 catholicae
849 1764 1075 1820 Ecclesiae,
1097 1774 1305 1825 tanquam
1334 1765 1597 1825 quibusdam
1621 1766 1703 1826 spi-

315 1841 402 1894 nis,
429 1855 451 1882 a
475 1850 628 1881 somno
651 1834 907 1890 excitantur,
934 1844 976 1878 et
999 1834 1053 1878 ad
1088 1834 1417 1894 intelligentiam
1455 1836 1701 1881 divinarum

317 1910 638 1970 Scripturarum
662 1906 911 1966 proficiunt.
941 1925 960 1947 «
985 1907 1168 1965 Oportet
1191 1906 1305 1950 enim
1324 1919 1366 1950 et
1387 1907 1569 1951 haereses
1593 1923 1698 1963 esse,

316 2001 337 2023 >›
374 1990 424 2024 ut
445 1978 633 2039 probati⁷
650 1977 807 2037 inquit,
829 1974 1045 2020 manifesti
1069 1976 1176 2019 liant
1193 1976 1304 2019 inter
1322 1980 1450 2021 vos'2:
1475 1995 1493 2017 »
1517 1977 1600 2022 hoe
1619 1987 1698 2031 est,

315 2053 428 2097 inter
450 2050 669 2103 homines,
697 2063 796 2092 eum
822 2046 1038 2091 manifesti
1064 2047 1147 2090 sint
1169 2051 1271 2091 Deo.
1299 2050 1363 2091 An
1387 2047 1498 2092 forte
1529 2048 1701 2092 easdem

315 2123 486 2181 sagittas
511 2129 553 2164 et
576 2135 671 2163 vasa
691 2118 840 2163 mortis
863 2117 1073 2177 disposuit
1096 2116 1151 2160 ad
1173 2117 1407 2176 perniciem
1430 2118 1671 2163 infidelium
1686 2153 1697 2174 ‚

313 2205 357 2239 et
375 2192 574 2237 ardentes
596 2189 665 2235 vel
691 2189 943 2234 ardentibus
966 2197 1166 2247 operatus
1189 2197 1252 2232 est
1273 2188 1327 2232 ad
1350 2189 1699 2234 exercitationem

315 2264 546 2310 fidelium?
575 2265 671 2307 Non
707 2261 822 2305 enim
853 2259 1010 2303 falsum
1045 2267 1108 2302 est
1140 2258 1260 2319 quod
1296 2259 1528 2319 Apostolus
1565 2260 1695 2306 dicit:

320 2357 339 2379 «
375 2335 479 2381 Aliis
493 2349 641 2378 sumus
655 2332 763 2377 odor
776 2332 876 2376 vitae
893 2331 937 2375 in
955 2330 1086 2374 vitam
1101 2366 1110 2384 ,
1127 2329 1217 2374 aliis
1236 2330 1344 2375 odor
1360 2331 1509 2376 mortis
1527 2332 1572 2375 in
1589 2347 1699 2377 mor-

318 2428 338 2449 »
377 2417 485 2460 tem,
512 2414 555 2448 et
578 2403 631 2448 ad
662 2404 754 2447 lraee
783 2403 877 2463 quis
900 2401 1138 2446 idoneusss?
1170 2420 1189 2441 »
1217 2404 1313 2446 Non
1345 2417 1447 2461 ergo
1479 2402 1636 2447 mirum
1665 2403 1699 2447 si

314 2478 441 2523 iidem
468 2473 660 2534 Apostoli
686 2482 729 2517 et
749 2489 847 2517 vasa
872 2472 1020 2516 mortis
1044 2481 1145 2515 sunt
1168 2472 1210 2515 in
1230 2473 1304 2528 eis7
1322 2490 1343 2516 a
1367 2473 1527 2533 quibus
1551 2490 1696 2534 perse-

331 445 339 465 )

341 444 349 465 ν

342 515 349 535 v

367 2571 372 2585 ¹
405 2558 772 2601 n‹=1n.v1:1‚3;3-39.--—
795 2565 806 2580 2
832 2571 841 2590 1
860 2560 930 2590 (lorv
955 2569 996 2599 xi,
1021 2568 1128 2599 19.—
1150 2556 1161 2579 3
1183 2561 1281 2589 ’,1801-
1315 2568 1348 2599 11,
1371 2557 1420 2588 16,
