1833 3284
375 281 458 322 504
819 296 853 323 s.
889 295 1121 324 Aucus-rim
1153 296 1335 325 EPISCOPI

370 359 446 405 diu
467 358 600 405 fames
625 369 687 405 est
702 396 712 414 ,
738 371 782 406 et
803 370 1079 421 expectamus
1102 361 1148 405 in
1168 362 1237 406 via
1259 362 1376 406 refici
1399 376 1454 405 ne
1478 361 1759 421 deficiamus,

368 429 616 491 quidnobis
634 431 890 491 imponitur,
908 431 977 475 vel
991 431 1099 492 quid
1111 432 1305 491 profiteri
1321 432 1585 477 debemus?«
1603 433 1765 478 Anima

373 520 392 542 »
415 511 561 546 nostra
582 502 752 561 patiens
771 502 851 546 erit
868 502 1070 546 Domino.
1095 520 1116 544 »
1144 504 1302 547 Secura
1326 503 1575 564 expectabit
1595 503 1764 547 miseri-

369 571 559 617 corditer
586 573 941 633 promittentem,
972 573 1309 618 misericorditer
1337 584 1381 620 et
1409 575 1620 620 veraciter
1641 574 1765 619 exhi-

377 643 557 688 bentem
576 665 587 702 3
607 644 747 690 donec
761 644 979 699 exhibeat,
1000 643 1108 704 quid
1121 647 1322 703 agamus?
1339 646 1522 691 «Anima
1536 655 1683 691 nostra
1698 661 1771 705 pa-

374 732 395 756 »
433 715 543 759 tiens
573 714 654 760 erit
677 716 907 762 Domino¹.
928 736 948 759 »
972 717 1056 763 Sed
1079 716 1185 778 quid
1206 717 1240 761 si
1261 717 1308 761 in
1330 717 1421 777 ipsa
1446 717 1656 778 patientia
1676 732 1767 762 non

370 785 660 833 durabimus?
685 792 778 834 Imo
795 789 925 849 plane
947 789 1203 834 durabimus
1220 808 1230 835 :
1250 809 1270 832 «
1288 789 1505 843 Quoniam
1529 789 1703 849 adjutor
1724 798 1768 833 et

374 876 394 899 »
432 868 654 918 protector
676 870 823 905 noster
845 870 924 906 est.
955 879 976 902 »
1001 860 1193 921 Adjuvat
1223 860 1269 904 in
1291 876 1439 921 pugna
1455 896 1465 916 ‚
1494 860 1683 921 protegit
1714 861 1768 905 ab

371 940 503 986 aestu,
532 948 623 977 non
649 942 692 977 te
719 933 879 978 deserit
895 969 906 988 ,
933 932 1070 978 tolera
1087 969 1098 989 ,
1125 932 1250 978 dura.
1280 953 1301 976 «
1327 933 1412 987 Qui
1434 932 1770 993 perseveraverit

375 1019 395 1041 »
422 1018 562 1062 usque
584 1003 630 1047 in
652 1004 808 1059 finem,
845 1005 917 1049 hic
940 1003 1084 1049 salvus
1101 1005 1183 1049 erit
1193 1009 1226 1048 ².
1256 1023 1275 1046 »

428 1076 572 1118 XVII.
598 1077 655 1119 Et
679 1074 788 1135 quid
815 1091 916 1120 cum
940 1075 1264 1136 perduraveris,
1290 1091 1393 1120 cum
1415 1076 1585 1135 patiens
1607 1073 1740 1119 fueris
1755 1110 1766 1129 ,

370 1160 470 1190 cum
494 1161 634 1206 usque
654 1145 710 1190 ad
728 1147 860 1190 finem
883 1147 1152 1207 perveneris,
1178 1145 1285 1207 quid
1309 1146 1389 1190 tibi
1407 1146 1522 1191 erit?
1545 1149 1641 1200 Qua
1657 1161 1772 1190 mer-

370 1217 477 1262 cede
508 1216 696 1261 toleras?
718 1228 768 1262 ut
795 1218 904 1279 quid
929 1228 1047 1263 tanta
1075 1217 1185 1263 dura
1207 1218 1362 1262 tandiu
1390 1218 1580 1278 pateris?
1601 1237 1621 1259 «
1647 1220 1771 1271 Quo-

367 1305 388 1329 »
424 1288 542 1332 niam
560 1288 711 1348 inipso
729 1288 950 1334 laetabitur
972 1305 1048 1334 cor
1062 1299 1278 1344 nostrum,
1295 1298 1338 1333 et
1359 1289 1405 1332 in
1418 1289 1598 1333 nomine
1616 1298 1772 1333 sancto

373 1376 394 1399 »
430 1360 521 1419 ejus
545 1360 810 1419 speravimus
825 1362 856 1404 ³.
880 1364 1012 1421 Spera
1028 1362 1100 1406 hic
1114 1396 1125 1416 ,
1146 1370 1196 1405 ut
1218 1360 1375 1405 laeteris
1396 1360 1457 1405 ibi
1476 1381 1484 1406 :
1512 1360 1625 1405 esuri
1642 1369 1686 1405 et
1703 1359 1773 1404 siti

372 1428 442 1474 hic
459 1465 470 1484 ,
497 1440 547 1474 ut
565 1430 751 1490 epuleris
774 1431 850 1475 ibi.

430 1503 642 1545 XXVIII.
671 1505 879 1546 Hortatus
903 1512 967 1546 est
990 1502 1046 1546 ad
1075 1502 1222 1546 omnia
1240 1537 1251 1557 ,
1284 1501 1484 1562 implevit
1506 1517 1585 1547 nos
1614 1501 1775 1560 gaudio

373 1571 480 1631 spei,
509 1573 736 1632 proposuit
751 1573 876 1617 nobis
895 1572 1002 1634 quid
1027 1589 1238 1629 amemus,
1259 1573 1305 1617 in
1327 1589 1417 1634 quo
1433 1572 1524 1618 solo
1549 1581 1592 1617 et
1611 1574 1665 1616 de
1685 1587 1776 1634 quo

371 1643 463 1688 solo
487 1659 801 1703 praesumamus
825 1664 833 1689 ε
856 1646 1076 1705 postiliaec
1099 1646 1148 1690 fit
1171 1646 1309 1690 oratio
1332 1645 1475 1689 brevis
1499 1654 1543 1690 et
1561 1644 1772 1689 salubris:

378 1734 399 1757 «
434 1715 532 1759 Fiat
565 1715 861 1760 misericordia
890 1726 991 1771 tua,
1026 1717 1236 1771 Domine,
1266 1733 1397 1776 super
1431 1732 1525 1761 nos.
1555 1734 1575 1757 »
1602 1719 1660 1760 Et
1687 1731 1776 1776 quo

373 1786 562 1831 merito?
591 1806 610 1829 «
635 1787 756 1831 Sicut
770 1788 1040 1846 speravimus
1057 1788 1104 1832 in
1122 1791 1208 1832 te'0.
1235 1806 1254 1828 »
1281 1788 1365 1832 Fui
1383 1787 1647 1848 quibusdam
1671 1802 1777 1831 one-

375 1873 524 1913 rosus,
561 1858 700 1902 sentio
729 1878 737 1903 ;
774 1858 1041 1919 quibusdam
1076 1868 1224 1903 autem
1257 1859 1389 1903 etiam
1417 1859 1503 1903 cito
1545 1858 1776 1903 terminavi

374 1944 618 1973 sermonem
637 1964 647 1983 ,
674 1939 718 1973 et
745 1930 829 1974 hoc
854 1930 993 1974 sentio
1015 1946 1023 1970 z
1050 1929 1279 1989 ignoscant
1304 1930 1466 1974 infirmi
1495 1929 1772 1985 fortioribus,

374 2011 418 2045 et
440 2016 519 2061 pro
540 2001 721 2046 infirmis
742 2001 1035 2062 deprecentur
1054 2001 1268 2046 fortiores.
1292 2005 1344 2047 In
1361 2017 1452 2047 uuo
1479 2017 1662 2062 corpore
1679 2016 1778 2046 om-

376 2073 448 2116 nia
467 2073 664 2117 membra
686 2073 819 2117 simus
834 2109 845 2129 ,
876 2090 898 2118 a
922 2074 1063 2133 capite
1086 2083 1234 2118 nostro
1253 2083 1507 2132 vegetemur
1532 2093 1541 2119 2
1568 2083 1611 2118 et
1632 2073 1677 2117 in
1699 2072 1777 2118 illo

376 2159 472 2203 spes
500 2153 647 2188 nostra
669 2153 754 2199 est,
781 2154 820 2190 et
842 2145 887 2188 in
910 2144 986 2189 illo
1008 2142 1220 2189 fortitudo
1241 2154 1388 2200 nostra
1418 2154 1496 2189 est.
1523 2147 1624 2191 Non
1643 2143 1778 2188 dubi-

375 2224 517 2258 temus
540 2216 710 2274 exigere
729 2215 784 2260 de
806 2215 994 2260 Domino
1012 2218 1103 2260 Deo
1125 2224 1274 2260 nostro
1292 2215 1631 2260 misericordiam
1649 2251 1660 2271 ,
1681 2215 1778 2260 vult

377 2286 558 2331 omnino
586 2287 697 2346 exigi
718 2303 778 2331 se.
804 2289 902 2333 Non
924 2287 1040 2331 enim
1064 2287 1317 2331 turbabitur
1341 2286 1448 2331 dum
1472 2287 1674 2347 exigitur,
1702 2295 1779 2331 aut

379 2357 560 2402 omnino
582 2358 905 2417 angustabitur,
931 2356 1155 2418 quomodo
1174 2356 1249 2402 ille
1267 2374 1291 2402 a
1314 2374 1402 2418 quo
1421 2358 1532 2418 petis
1550 2357 1672 2418 quod
1686 2373 1778 2402 non

378 2428 533 2483 habet,
571 2439 647 2473 aut
677 2428 798 2490 quod
827 2445 982 2489 parum
1011 2429 1174 2484 habet,
1210 2438 1253 2473 et
1278 2429 1402 2474 timet
1423 2430 1527 2474 dare
1549 2445 1605 2473 ne
1631 2429 1778 2473 minus

378 2499 553 2544 habeat.
578 2499 653 2543 Vis
681 2515 805 2544 nosse
830 2499 1054 2560 quomodo
1090 2499 1171 2544 tibi
1206 2508 1353 2558 eroget
1381 2503 1496 2544 Deus
1528 2499 1778 2544 misericor-

379 2569 524 2615 diam?
546 2573 613 2614 Tu
635 2586 762 2630 eroga
787 2571 1043 2616 charitatem
1064 2590 1073 2616 :
1098 2570 1322 2615 videamus
1345 2571 1379 2615 si
1400 2570 1520 2626 finis,
1545 2569 1654 2615 dum
1676 2585 1776 2614 ero-

430 2657 539 2700 {Psat
556 2669 654 2700 xxxii,
673 2667 725 2692 20.
750 2675 792 2682 —-
812 2665 824 2681 ²
844 2658 958 2691 Matth.
976 2668 1065 2699 xxiv,
1086 2658 1133 2691 13.
1153 2674 1195 2681 —·
1209 2655 1222 2681 3
1241 2657 1318 2690 Psal.
1340 2668 1436 2699 xxxii,
1455 2666 1512 2691 ει.
1528 2673 1570 2681 -
1583 2654 1601 2687 4
1617 2655 1699 2690 lbid·
1718 2664 1774 2689 22.
