<?xml version="1.0" encoding="UTF-8"?>
<!DOCTYPE html PUBLIC "-//W3C//DTD XHTML 1.0 Transitional//EN"
    "http://www.w3.org/TR/xhtml1/DTD/xhtml1-transitional.dtd">
<html xmlns="http://www.w3.org/1999/xhtml" xml:lang="en" lang="en">
 <head>
  <title>
</title>
<meta http-equiv="Content-Type" content="text/html;charset=utf-8" />
  <meta name='ocr-system' content='tesseract 3.04.00' />
  <meta name='ocr-capabilities' content='ocr_page ocr_carea ocr_par ocr_line ocrx_word'/>
</head>
<body>
  <div class='ocr_page' id='page_1' title='image "./operaomniaaccura07auguuoft_0242.png"; bbox 0 0 1833 3284; ppageno 0'>
   <div class='ocr_carea' id='block_1_1' title="bbox 321 210 1744 2482">
    <p class='ocr_par' dir='ltr' id='par_1_1' title="bbox 321 210 1744 2482">
     <span class='ocr_line' id='line_1_1' title="bbox 331 210 1277 250; baseline -0.004 0"><span class='ocrx_word' id='word_1_1' title='bbox 331 210 414 250; x_wconf 77' lang='lat'>230</span> <span class='ocrx_word' id='word_1_2' title='bbox 760 218 793 246; x_wconf 90' lang='lat' dir='ltr'>s.</span> <span class='ocrx_word' id='word_1_3' title='bbox 832 217 1063 247; x_wconf 67' lang='lat' dir='ltr'>Avensa-rm</span> <span class='ocrx_word' id='word_1_4' title='bbox 1095 218 1277 247; x_wconf 74' lang='lat' dir='ltr'>131&gt;1sc01&gt;1</span> 
     </span>
     <span class='ocr_line' id='line_1_2' title="bbox 330 282 1719 344; baseline -0.003 -13"><span class='ocrx_word' id='word_1_5' title='bbox 330 286 478 332; x_wconf 85' lang='lat' dir='ltr'>raliter</span> <span class='ocrx_word' id='word_1_6' title='bbox 503 285 733 344; x_wconf 82' lang='lat' dir='ltr'>Prophetae</span> <span class='ocrx_word' id='word_1_7' title='bbox 762 283 1089 343; x_wconf 76' lang='lat' dir='ltr'>intelliguntur,</span> <span class='ocrx_word' id='word_1_8' title='bbox 1115 283 1202 327; x_wconf 88' lang='lat' dir='ltr'>sive</span> <span class='ocrx_word' id='word_1_9' title='bbox 1227 282 1353 337; x_wconf 89' lang='lat' dir='ltr'>boni,</span> <span class='ocrx_word' id='word_1_10' title='bbox 1384 282 1472 327; x_wconf 88' lang='lat' dir='ltr'>sive</span> <span class='ocrx_word' id='word_1_11' title='bbox 1494 282 1617 338; x_wconf 89' lang='lat' dir='ltr'>mali,</span> <span class='ocrx_word' id='word_1_12' title='bbox 1641 282 1719 343; x_wconf 85' lang='lat' dir='ltr'>qui</span> 
     </span>
     <span class='ocr_line' id='line_1_3' title="bbox 331 351 1720 416; baseline -0.004 -13"><span class='ocrx_word' id='word_1_13' title='bbox 331 358 461 403; x_wconf 88' lang='lat' dir='ltr'>etiam</span> <span class='ocrx_word' id='word_1_14' title='bbox 484 355 878 416; x_wconf 82' lang='lat' dir='ltr'>pscudoprophctae</span> <span class='ocrx_word' id='word_1_15' title='bbox 895 353 1186 414; x_wconf 81' lang='lat' dir='ltr'>appellanturl</span> <span class='ocrx_word' id='word_1_16' title='bbox 1209 373 1218 398; x_wconf 76' lang='grc' dir='ltr'><strong>ι</strong></span> <span class='ocrx_word' id='word_1_17' title='bbox 1243 353 1302 398; x_wconf 85' lang='lat' dir='ltr'>sic</span> <span class='ocrx_word' id='word_1_18' title='bbox 1317 351 1576 398; x_wconf 75' lang='lat' dir='ltr'>ordinantur</span> <span class='ocrx_word' id='word_1_19' title='bbox 1595 368 1720 413; x_wconf 74' lang='lat' dir='ltr'>pseu-</span> 
     </span>
     <span class='ocr_line' id='line_1_4' title="bbox 332 423 1720 488; baseline -0.001 -16"><span class='ocrx_word' id='word_1_20' title='bbox 332 428 618 488; x_wconf 82' lang='lat' dir='ltr'>doprophetae</span> <span class='ocrx_word' id='word_1_21' title='bbox 640 443 664 471; x_wconf 93' lang='lat' dir='ltr'>a</span> <span class='ocrx_word' id='word_1_22' title='bbox 687 426 874 472; x_wconf 89' lang='lat' dir='ltr'>Domino</span> <span class='ocrx_word' id='word_1_23' title='bbox 897 429 1009 480; x_wconf 88' lang='lat' dir='ltr'>Deo,</span> <span class='ocrx_word' id='word_1_24' title='bbox 1033 434 1084 469; x_wconf 91' lang='lat' dir='ltr'>ut</span> <span class='ocrx_word' id='word_1_25' title='bbox 1104 423 1159 469; x_wconf 88' lang='lat' dir='ltr'>de</span> <span class='ocrx_word' id='word_1_26' title='bbox 1180 425 1246 469; x_wconf 88' lang='lat' dir='ltr'>his</span> <span class='ocrx_word' id='word_1_27' title='bbox 1266 423 1446 485; x_wconf 86' lang='lat' dir='ltr'>laqueos</span> <span class='ocrx_word' id='word_1_28' title='bbox 1467 440 1596 485; x_wconf 88' lang='lat' dir='ltr'>super</span> <span class='ocrx_word' id='word_1_29' title='bbox 1616 440 1720 484; x_wconf 90' lang='lat' dir='ltr'>pec-</span> 
     </span>
     <span class='ocr_line' id='line_1_5' title="bbox 326 495 1720 558; baseline -0.003 -14"><span class='ocrx_word' id='word_1_30' title='bbox 326 509 492 544; x_wconf 84' lang='lat' dir='ltr'>catores</span> <span class='ocrx_word' id='word_1_31' title='bbox 510 498 648 558; x_wconf 84' lang='lat' dir='ltr'>pluat.</span> <span class='ocrx_word' id='word_1_32' title='bbox 667 500 764 543; x_wconf 87' lang='lat' dir='ltr'>Non</span> <span class='ocrx_word' id='word_1_33' title='bbox 779 497 894 541; x_wconf 90' lang='lat' dir='ltr'>cnim</span> <span class='ocrx_word' id='word_1_34' title='bbox 915 495 1147 557; x_wconf 89' lang='lat' dir='ltr'>quisquam</span> <span class='ocrx_word' id='word_1_35' title='bbox 1164 495 1210 540; x_wconf 89' lang='lat' dir='ltr'>in</span> <span class='ocrx_word' id='word_1_36' title='bbox 1228 511 1299 541; x_wconf 90' lang='lat' dir='ltr'>eos</span> <span class='ocrx_word' id='word_1_37' title='bbox 1321 495 1548 541; x_wconf 89' lang='lat' dir='ltr'>sectandos</span> <span class='ocrx_word' id='word_1_38' title='bbox 1566 496 1720 541; x_wconf 87' lang='lat' dir='ltr'>incidit</span> 
     </span>
     <span class='ocr_line' id='line_1_6' title="bbox 326 566 1721 630; baseline -0.002 -15"><span class='ocrx_word' id='word_1_39' title='bbox 326 570 409 615; x_wconf 87' lang='lat' dir='ltr'>nisi</span> <span class='ocrx_word' id='word_1_40' title='bbox 421 579 646 630; x_wconf 87' lang='lat' dir='ltr'>peccator,</span> <span class='ocrx_word' id='word_1_41' title='bbox 668 569 756 613; x_wconf 86' lang='lat' dir='ltr'>sive</span> <span class='ocrx_word' id='word_1_42' title='bbox 775 569 830 612; x_wconf 92' lang='lat' dir='ltr'>ad</span> <span class='ocrx_word' id='word_1_43' title='bbox 852 567 1215 628; x_wconf 75' lang='lat' dir='ltr'>praeparationem</span> <span class='ocrx_word' id='word_1_44' title='bbox 1236 568 1415 612; x_wconf 78' lang='lat' dir='ltr'>extremi</span> <span class='ocrx_word' id='word_1_45' title='bbox 1436 566 1658 627; x_wconf 90' lang='lat' dir='ltr'>supplicii,</span> <span class='ocrx_word' id='word_1_46' title='bbox 1685 567 1721 612; x_wconf 90' lang='lat' dir='ltr'>si</span> 
     </span>
     <span class='ocr_line' id='line_1_7' title="bbox 325 636 1722 702; baseline -0.003 -16"><span class='ocrx_word' id='word_1_47' title='bbox 325 655 600 702; x_wconf 84' lang='lat' dir='ltr'>perseverare</span> <span class='ocrx_word' id='word_1_48' title='bbox 622 640 666 684; x_wconf 90' lang='lat' dir='ltr'>in</span> <span class='ocrx_word' id='word_1_49' title='bbox 689 638 913 699; x_wconf 88' lang='lat' dir='ltr'>peccando</span> <span class='ocrx_word' id='word_1_50' title='bbox 939 638 1169 695; x_wconf 77' lang='lat' dir='ltr'>maluerit,</span> <span class='ocrx_word' id='word_1_51' title='bbox 1197 638 1285 683; x_wconf 91' lang='lat' dir='ltr'>sivc</span> <span class='ocrx_word' id='word_1_52' title='bbox 1311 636 1366 682; x_wconf 90' lang='lat' dir='ltr'>ad</span> <span class='ocrx_word' id='word_1_53' title='bbox 1394 636 1722 683; x_wconf 82' lang='lat' dir='ltr'>desuadendam</span> 
     </span>
     <span class='ocr_line' id='line_1_8' title="bbox 326 707 1744 772; baseline -0.004 -15"><span class='ocrx_word' id='word_1_54' title='bbox 326 711 590 772; x_wconf 79' lang='lat' dir='ltr'>superbiam,</span> <span class='ocrx_word' id='word_1_55' title='bbox 611 710 645 754; x_wconf 91' lang='lat' dir='ltr'>si</span> <span class='ocrx_word' id='word_1_56' title='bbox 660 707 898 770; x_wconf 87' lang='lat' dir='ltr'>aliquando</span> <span class='ocrx_word' id='word_1_57' title='bbox 915 712 1056 754; x_wconf 91' lang='lat' dir='ltr'>Deum</span> <span class='ocrx_word' id='word_1_58' title='bbox 1079 724 1182 754; x_wconf 88' lang='lat' dir='ltr'>cura</span> <span class='ocrx_word' id='word_1_59' title='bbox 1201 709 1432 754; x_wconf 82' lang='lat' dir='ltr'>sinceriore</span> <span class='ocrx_word' id='word_1_60' title='bbox 1455 708 1717 769; x_wconf 84' lang='lat' dir='ltr'>quaesiverit.</span> <span class='ocrx_word' id='word_1_61' title='bbox 1741 744 1744 746; x_wconf 83' lang='grc'>.</span> 
     </span>
     <span class='ocr_line' id='line_1_9' title="bbox 327 779 1723 841; baseline -0.005 -10"><span class='ocrx_word' id='word_1_62' title='bbox 327 784 372 831; x_wconf 85' lang='lat' dir='ltr'>Si</span> <span class='ocrx_word' id='word_1_63' title='bbox 404 793 553 828; x_wconf 89' lang='lat' dir='ltr'>autem</span> <span class='ocrx_word' id='word_1_64' title='bbox 584 781 725 828; x_wconf 87' lang='lat' dir='ltr'>nubes</span> <span class='ocrx_word' id='word_1_65' title='bbox 761 781 935 826; x_wconf 87' lang='lat' dir='ltr'>nonnisi</span> <span class='ocrx_word' id='word_1_66' title='bbox 969 780 1074 826; x_wconf 87' lang='lat' dir='ltr'>boui</span> <span class='ocrx_word' id='word_1_67' title='bbox 1104 790 1147 825; x_wconf 89' lang='lat' dir='ltr'>et</span> <span class='ocrx_word' id='word_1_68' title='bbox 1179 781 1271 826; x_wconf 89' lang='lat' dir='ltr'>veri</span> <span class='ocrx_word' id='word_1_69' title='bbox 1300 781 1531 841; x_wconf 85' lang='lat' dir='ltr'>Prophetae</span> <span class='ocrx_word' id='word_1_70' title='bbox 1561 779 1723 825; x_wconf 90' lang='lat' dir='ltr'>intelli-</span> 
     </span>
     <span class='ocr_line' id='line_1_10' title="bbox 329 850 1723 915; baseline -0.003 -16"><span class='ocrx_word' id='word_1_71' title='bbox 329 863 493 915; x_wconf 84' lang='lat' dir='ltr'>guntur</span> <span class='ocrx_word' id='word_1_72' title='bbox 510 875 521 912; x_wconf 80' lang='lat'><em>3</em></span> <span class='ocrx_word' id='word_1_73' title='bbox 541 862 585 898; x_wconf 89' lang='lat' dir='ltr'>et</span> <span class='ocrx_word' id='word_1_74' title='bbox 602 852 656 898; x_wconf 88' lang='lat' dir='ltr'>dc</span> <span class='ocrx_word' id='word_1_75' title='bbox 673 853 740 898; x_wconf 90' lang='lat' dir='ltr'>his</span> <span class='ocrx_word' id='word_1_76' title='bbox 757 850 1035 897; x_wconf 88' lang='lat' dir='ltr'>manifestum</span> <span class='ocrx_word' id='word_1_77' title='bbox 1053 861 1116 896; x_wconf 88' lang='lat' dir='ltr'>est</span> <span class='ocrx_word' id='word_1_78' title='bbox 1132 867 1262 911; x_wconf 89' lang='lat' dir='ltr'>super</span> <span class='ocrx_word' id='word_1_79' title='bbox 1277 860 1527 912; x_wconf 84' lang='lat' dir='ltr'>peccatores</span> <span class='ocrx_word' id='word_1_80' title='bbox 1542 850 1723 912; x_wconf 89' lang='lat' dir='ltr'>laqueos</span> 
     </span>
     <span class='ocr_line' id='line_1_11' title="bbox 325 922 1723 988; baseline -0.001 -19"><span class='ocrx_word' id='word_1_81' title='bbox 325 927 477 988; x_wconf 87' lang='lat' dir='ltr'>pluere</span> <span class='ocrx_word' id='word_1_82' title='bbox 492 929 650 982; x_wconf 90' lang='lat' dir='ltr'>Deum,</span> <span class='ocrx_word' id='word_1_83' title='bbox 670 925 868 986; x_wconf 79' lang='lat' dir='ltr'>quamvis</span> <span class='ocrx_word' id='word_1_84' title='bbox 886 923 941 968; x_wconf 91' lang='lat' dir='ltr'>de</span> <span class='ocrx_word' id='word_1_85' title='bbox 955 924 1022 968; x_wconf 80' lang='lat' dir='ltr'>his</span> <span class='ocrx_word' id='word_1_86' title='bbox 1038 924 1168 968; x_wconf 87' lang='lat' dir='ltr'>etiam</span> <span class='ocrx_word' id='word_1_87' title='bbox 1184 924 1277 984; x_wconf 89' lang='lat' dir='ltr'>pios</span> <span class='ocrx_word' id='word_1_88' title='bbox 1292 923 1347 968; x_wconf 83' lang='lat' dir='ltr'>ad</span> <span class='ocrx_word' id='word_1_89' title='bbox 1365 922 1723 968; x_wconf 86' lang='lat' dir='ltr'>fructificandum</span> 
     </span>
     <span class='ocr_line' id='line_1_12' title="bbox 328 994 1724 1056; baseline -0.004 -13"><span class='ocrx_word' id='word_1_90' title='bbox 328 998 491 1056; x_wconf 79' lang='lat' dir='ltr'>irriget.</span> <span class='ocrx_word' id='word_1_91' title='bbox 523 1015 544 1040; x_wconf 86' lang='lat'>«</span> <span class='ocrx_word' id='word_1_92' title='bbox 569 995 843 1050; x_wconf 83' lang='lat' dir='ltr'>Quibusdam</span> <span class='ocrx_word' id='word_1_93' title='bbox 857 1031 868 1051; x_wconf 94' lang='lat'>,</span> <span class='ocrx_word' id='word_1_94' title='bbox 893 995 1039 1056; x_wconf 86' lang='lat' dir='ltr'>inquit</span> <span class='ocrx_word' id='word_1_95' title='bbox 1052 995 1309 1055; x_wconf 84' lang='lat' dir='ltr'>Apostolus,</span> <span class='ocrx_word' id='word_1_96' title='bbox 1330 1010 1480 1040; x_wconf 90' lang='lat' dir='ltr'>sumus</span> <span class='ocrx_word' id='word_1_97' title='bbox 1498 994 1607 1039; x_wconf 90' lang='lat' dir='ltr'>odor</span> <span class='ocrx_word' id='word_1_98' title='bbox 1622 994 1724 1039; x_wconf 85' lang='lat' dir='ltr'>vitae</span> 
     </span>
     <span class='ocr_line' id='line_1_13' title="bbox 327 1066 1725 1130; baseline -0.001 -18"><span class='ocrx_word' id='word_1_99' title='bbox 327 1089 349 1113; x_wconf 63' lang='lat'>³)</span> <span class='ocrx_word' id='word_1_100' title='bbox 365 1071 412 1115; x_wconf 89' lang='lat' dir='ltr'>in</span> <span class='ocrx_word' id='word_1_101' title='bbox 425 1070 574 1124; x_wconf 86' lang='lat' dir='ltr'>vitam,</span> <span class='ocrx_word' id='word_1_102' title='bbox 587 1066 853 1130; x_wconf 86' lang='lat' dir='ltr'>quibusdam</span> <span class='ocrx_word' id='word_1_103' title='bbox 871 1066 980 1112; x_wconf 88' lang='lat' dir='ltr'>odor</span> <span class='ocrx_word' id='word_1_104' title='bbox 997 1067 1148 1112; x_wconf 87' lang='lat' dir='ltr'>mortis</span> <span class='ocrx_word' id='word_1_105' title='bbox 1166 1067 1211 1111; x_wconf 91' lang='lat' dir='ltr'>in</span> <span class='ocrx_word' id='word_1_106' title='bbox 1224 1068 1453 1112; x_wconf 79' lang='lat' dir='ltr'>mortem2.</span> <span class='ocrx_word' id='word_1_107' title='bbox 1466 1069 1592 1111; x_wconf 80' lang='lat' dir='ltr'>»Non</span> <span class='ocrx_word' id='word_1_108' title='bbox 1605 1066 1725 1110; x_wconf 91' lang='lat' dir='ltr'>enim</span> 
     </span>
     <span class='ocr_line' id='line_1_14' title="bbox 327 1137 1721 1201; baseline -0.004 -15"><span class='ocrx_word' id='word_1_109' title='bbox 327 1141 559 1201; x_wconf 79' lang='lat' dir='ltr'>Prophetae</span> <span class='ocrx_word' id='word_1_110' title='bbox 578 1149 778 1197; x_wconf 63' lang='lat' dir='ltr'>tantum,</span> <span class='ocrx_word' id='word_1_111' title='bbox 799 1137 875 1184; x_wconf 89' lang='lat' dir='ltr'>sed</span> <span class='ocrx_word' id='word_1_112' title='bbox 893 1153 1042 1183; x_wconf 89' lang='lat' dir='ltr'>omnes</span> <span class='ocrx_word' id='word_1_113' title='bbox 1059 1137 1194 1183; x_wconf 90' lang='lat' dir='ltr'>verbo</span> <span class='ocrx_word' id='word_1_114' title='bbox 1207 1138 1284 1182; x_wconf 91' lang='lat' dir='ltr'>Dei</span> <span class='ocrx_word' id='word_1_115' title='bbox 1299 1138 1462 1182; x_wconf 87' lang='lat' dir='ltr'>animas</span> <span class='ocrx_word' id='word_1_116' title='bbox 1480 1137 1721 1196; x_wconf 85' lang='lat' dir='ltr'>irrigantes,</span> 
     </span>
     <span class='ocr_line' id='line_1_15' title="bbox 325 1207 1726 1270; baseline -0.005 -12"><span class='ocrx_word' id='word_1_117' title='bbox 325 1212 468 1259; x_wconf 89' lang='lat' dir='ltr'>nubes</span> <span class='ocrx_word' id='word_1_118' title='bbox 499 1210 585 1255; x_wconf 89' lang='lat' dir='ltr'>dici</span> <span class='ocrx_word' id='word_1_119' title='bbox 619 1219 816 1270; x_wconf 87' lang='lat' dir='ltr'>possunt.</span> <span class='ocrx_word' id='word_1_120' title='bbox 852 1208 938 1264; x_wconf 86' lang='lat' dir='ltr'>Qui</span> <span class='ocrx_word' id='word_1_121' title='bbox 972 1224 1073 1253; x_wconf 88' lang='lat' dir='ltr'>cum</span> <span class='ocrx_word' id='word_1_122' title='bbox 1108 1208 1219 1253; x_wconf 83' lang='lat' dir='ltr'>male</span> <span class='ocrx_word' id='word_1_123' title='bbox 1250 1208 1585 1267; x_wconf 80' lang='lat' dir='ltr'>intelliguntur,</span> <span class='ocrx_word' id='word_1_124' title='bbox 1611 1207 1726 1267; x_wconf 87' lang='lat' dir='ltr'>pluit</span> 
     </span>
     <span class='ocr_line' id='line_1_16' title="bbox 321 1278 1724 1342; baseline -0.004 -13"><span class='ocrx_word' id='word_1_125' title='bbox 321 1286 441 1330; x_wconf 91' lang='lat' dir='ltr'>Deus</span> <span class='ocrx_word' id='word_1_126' title='bbox 464 1297 594 1342; x_wconf 88' lang='lat' dir='ltr'>super</span> <span class='ocrx_word' id='word_1_127' title='bbox 613 1290 864 1342; x_wconf 87' lang='lat' dir='ltr'>peccatores</span> <span class='ocrx_word' id='word_1_128' title='bbox 893 1280 1074 1342; x_wconf 88' lang='lat' dir='ltr'>laqueos</span> <span class='ocrx_word' id='word_1_129' title='bbox 1096 1299 1105 1325; x_wconf 86' lang='grc'>;</span> <span class='ocrx_word' id='word_1_130' title='bbox 1129 1294 1231 1324; x_wconf 92' lang='lat' dir='ltr'>cum</span> <span class='ocrx_word' id='word_1_131' title='bbox 1254 1289 1401 1324; x_wconf 89' lang='lat' dir='ltr'>autem</span> <span class='ocrx_word' id='word_1_132' title='bbox 1423 1280 1536 1323; x_wconf 85' lang='lat' dir='ltr'>bene</span> <span class='ocrx_word' id='word_1_133' title='bbox 1559 1278 1724 1323; x_wconf 91' lang='lat' dir='ltr'>intelli-</span> 
     </span>
     <span class='ocr_line' id='line_1_17' title="bbox 325 1349 1721 1414; baseline -0.004 -15"><span class='ocrx_word' id='word_1_134' title='bbox 325 1364 505 1414; x_wconf 81' lang='lat' dir='ltr'>guntur,</span> <span class='ocrx_word' id='word_1_135' title='bbox 533 1351 764 1398; x_wconf 85' lang='lat' dir='ltr'>foecundat</span> <span class='ocrx_word' id='word_1_136' title='bbox 791 1361 968 1412; x_wconf 88' lang='lat' dir='ltr'>pectora</span> <span class='ocrx_word' id='word_1_137' title='bbox 993 1351 1165 1411; x_wconf 87' lang='lat' dir='ltr'>piorum</span> <span class='ocrx_word' id='word_1_138' title='bbox 1187 1360 1318 1411; x_wconf 87' lang='lat' dir='ltr'>atque</span> <span class='ocrx_word' id='word_1_139' title='bbox 1338 1349 1550 1396; x_wconf 84' lang='lat' dir='ltr'>fidelium.</span> <span class='ocrx_word' id='word_1_140' title='bbox 1577 1350 1721 1406; x_wconf 86' lang='lat' dir='ltr'>Sicut,</span> 
     </span>
     <span class='ocr_line' id='line_1_18' title="bbox 327 1422 1726 1487; baseline -0.004 -15"><span class='ocrx_word' id='word_1_141' title='bbox 327 1425 512 1487; x_wconf 83' lang='lat' dir='ltr'>exempli</span> <span class='ocrx_word' id='word_1_142' title='bbox 545 1425 706 1486; x_wconf 80' lang='lat' dir='ltr'>gratia,</span> <span class='ocrx_word' id='word_1_143' title='bbox 739 1423 860 1486; x_wconf 90' lang='lat' dir='ltr'>quod</span> <span class='ocrx_word' id='word_1_144' title='bbox 888 1423 1100 1483; x_wconf 90' lang='lat' dir='ltr'>scriptum</span> <span class='ocrx_word' id='word_1_145' title='bbox 1134 1432 1198 1467; x_wconf 88' lang='lat' dir='ltr'>est</span> <span class='ocrx_word' id='word_1_146' title='bbox 1224 1442 1232 1468; x_wconf 79' lang='lat' dir='ltr'>z</span> <span class='ocrx_word' id='word_1_147' title='bbox 1263 1441 1281 1463; x_wconf 74' lang='grc' dir='ltr'>α</span> <span class='ocrx_word' id='word_1_148' title='bbox 1307 1425 1365 1468; x_wconf 88' lang='lat' dir='ltr'>Et</span> <span class='ocrx_word' id='word_1_149' title='bbox 1397 1432 1527 1467; x_wconf 88' lang='lat' dir='ltr'>erunt</span> <span class='ocrx_word' id='word_1_150' title='bbox 1554 1422 1643 1466; x_wconf 90' lang='lat' dir='ltr'>duo</span> <span class='ocrx_word' id='word_1_151' title='bbox 1679 1423 1726 1466; x_wconf 91' lang='lat' dir='ltr'>in</span> 
     </span>
     <span class='ocr_line' id='line_1_19' title="bbox 330 1493 1722 1554; baseline -0.003 -13"><span class='ocrx_word' id='word_1_152' title='bbox 330 1517 352 1542; x_wconf 86' lang='lat'>»</span> <span class='ocrx_word' id='word_1_153' title='bbox 388 1513 519 1543; x_wconf 87' lang='lat' dir='ltr'>carne</span> <span class='ocrx_word' id='word_1_154' title='bbox 546 1498 679 1553; x_wconf 64' lang='lat' dir='ltr'>unass,</span> <span class='ocrx_word' id='word_1_155' title='bbox 705 1514 725 1538; x_wconf 70' lang='lat' dir='ltr'>n</span> <span class='ocrx_word' id='word_1_156' title='bbox 759 1496 793 1540; x_wconf 87' lang='lat' dir='ltr'>si</span> <span class='ocrx_word' id='word_1_157' title='bbox 827 1495 883 1540; x_wconf 87' lang='lat' dir='ltr'>ad</span> <span class='ocrx_word' id='word_1_158' title='bbox 912 1493 1142 1540; x_wconf 84' lang='lat' dir='ltr'>libidinem</span> <span class='ocrx_word' id='word_1_159' title='bbox 1173 1494 1360 1554; x_wconf 87' lang='lat' dir='ltr'>quisque</span> <span class='ocrx_word' id='word_1_160' title='bbox 1391 1494 1722 1553; x_wconf 85' lang='lat' dir='ltr'>interpretetur,</span> 
     </span>
     <span class='ocr_line' id='line_1_20' title="bbox 328 1564 1728 1631; baseline -0.004 -15"><span class='ocrx_word' id='word_1_161' title='bbox 328 1570 538 1631; x_wconf 86' lang='lat' dir='ltr'>laqueum</span> <span class='ocrx_word' id='word_1_162' title='bbox 555 1568 667 1629; x_wconf 89' lang='lat' dir='ltr'>pluit</span> <span class='ocrx_word' id='word_1_163' title='bbox 687 1583 816 1628; x_wconf 90' lang='lat' dir='ltr'>super</span> <span class='ocrx_word' id='word_1_164' title='bbox 829 1576 1119 1627; x_wconf 89' lang='lat' dir='ltr'>peccatorem.</span> <span class='ocrx_word' id='word_1_165' title='bbox 1135 1567 1209 1611; x_wconf 83' lang='lat' dir='ltr'>Sin</span> <span class='ocrx_word' id='word_1_166' title='bbox 1224 1575 1368 1610; x_wconf 86' lang='lat' dir='ltr'>autem</span> <span class='ocrx_word' id='word_1_167' title='bbox 1388 1564 1602 1625; x_wconf 82' lang='lat' dir='ltr'>intelligas</span> <span class='ocrx_word' id='word_1_168' title='bbox 1616 1567 1728 1610; x_wconf 87' lang='lat' dir='ltr'>sicut</span> 
     </span>
     <span class='ocr_line' id='line_1_21' title="bbox 327 1636 1723 1702; baseline -0.006 -15"><span class='ocrx_word' id='word_1_169' title='bbox 327 1641 401 1687; x_wconf 89' lang='lat' dir='ltr'>ille</span> <span class='ocrx_word' id='word_1_170' title='bbox 423 1641 500 1702; x_wconf 85' lang='lat' dir='ltr'>qui</span> <span class='ocrx_word' id='word_1_171' title='bbox 523 1641 581 1684; x_wconf 89' lang='lat' dir='ltr'>ait</span> <span class='ocrx_word' id='word_1_172' title='bbox 604 1660 612 1684; x_wconf 92' lang='lat'>:</span> <span class='ocrx_word' id='word_1_173' title='bbox 643 1642 772 1697; x_wconf 83' lang='lat' dir='ltr'>«Ego</span> <span class='ocrx_word' id='word_1_174' title='bbox 795 1647 943 1683; x_wconf 87' lang='lat' dir='ltr'>autem</span> <span class='ocrx_word' id='word_1_175' title='bbox 965 1636 1064 1682; x_wconf 92' lang='lat' dir='ltr'>dico</span> <span class='ocrx_word' id='word_1_176' title='bbox 1086 1637 1133 1680; x_wconf 89' lang='lat' dir='ltr'>in</span> <span class='ocrx_word' id='word_1_177' title='bbox 1155 1637 1328 1682; x_wconf 90' lang='lat' dir='ltr'>Christo</span> <span class='ocrx_word' id='word_1_178' title='bbox 1348 1637 1393 1680; x_wconf 88' lang='lat' dir='ltr'>in</span> <span class='ocrx_word' id='word_1_179' title='bbox 1415 1636 1635 1681; x_wconf 73' lang='lat' dir='ltr'>Ecclesia⁴</span> <span class='ocrx_word' id='word_1_180' title='bbox 1663 1656 1674 1682; x_wconf 90' lang='grc'>;</span> <span class='ocrx_word' id='word_1_181' title='bbox 1702 1655 1723 1678; x_wconf 93' lang='lat'>»</span> 
     </span>
     <span class='ocr_line' id='line_1_22' title="bbox 328 1707 1724 1772; baseline -0.004 -14"><span class='ocrx_word' id='word_1_182' title='bbox 328 1713 516 1758; x_wconf 84' lang='lat' dir='ltr'>imbrem</span> <span class='ocrx_word' id='word_1_183' title='bbox 538 1711 651 1771; x_wconf 91' lang='lat' dir='ltr'>pluit</span> <span class='ocrx_word' id='word_1_184' title='bbox 674 1727 804 1772; x_wconf 89' lang='lat' dir='ltr'>super</span> <span class='ocrx_word' id='word_1_185' title='bbox 823 1709 1012 1755; x_wconf 87' lang='lat' dir='ltr'>fertilem</span> <span class='ocrx_word' id='word_1_186' title='bbox 1030 1718 1204 1753; x_wconf 86' lang='lat' dir='ltr'>terram.</span> <span class='ocrx_word' id='word_1_187' title='bbox 1233 1707 1400 1754; x_wconf 85' lang='lat' dir='ltr'>Eadem</span> <span class='ocrx_word' id='word_1_188' title='bbox 1417 1717 1565 1753; x_wconf 88' lang='lat' dir='ltr'>autem</span> <span class='ocrx_word' id='word_1_189' title='bbox 1587 1708 1724 1764; x_wconf 89' lang='lat' dir='ltr'>nube,</span> 
     </span>
     <span class='ocr_line' id='line_1_23' title="bbox 330 1777 1728 1840; baseline -0.002 -13"><span class='ocrx_word' id='word_1_190' title='bbox 330 1782 376 1829; x_wconf 90' lang='lat' dir='ltr'>id</span> <span class='ocrx_word' id='word_1_191' title='bbox 399 1792 488 1838; x_wconf 85' lang='lat' dir='ltr'>est,</span> <span class='ocrx_word' id='word_1_192' title='bbox 514 1781 662 1826; x_wconf 83' lang='lat' dir='ltr'>divina</span> <span class='ocrx_word' id='word_1_193' title='bbox 687 1781 932 1840; x_wconf 83' lang='lat' dir='ltr'>Scriptura,</span> <span class='ocrx_word' id='word_1_194' title='bbox 958 1789 1198 1839; x_wconf 86' lang='lat' dir='ltr'>utrumque</span> <span class='ocrx_word' id='word_1_195' title='bbox 1216 1777 1381 1824; x_wconf 87' lang='lat' dir='ltr'>factum</span> <span class='ocrx_word' id='word_1_196' title='bbox 1403 1787 1482 1823; x_wconf 89' lang='lat' dir='ltr'>est.</span> <span class='ocrx_word' id='word_1_197' title='bbox 1508 1781 1620 1823; x_wconf 90' lang='lat' dir='ltr'>Item</span> <span class='ocrx_word' id='word_1_198' title='bbox 1640 1781 1728 1824; x_wconf 93' lang='lat' dir='ltr'>Do-</span> 
     </span>
     <span class='ocr_line' id='line_1_24' title="bbox 331 1851 1727 1912; baseline -0.004 -13"><span class='ocrx_word' id='word_1_199' title='bbox 331 1854 477 1899; x_wconf 88' lang='lat' dir='ltr'>minus</span> <span class='ocrx_word' id='word_1_200' title='bbox 498 1852 606 1898; x_wconf 88' lang='lat' dir='ltr'>dicit</span> <span class='ocrx_word' id='word_1_201' title='bbox 631 1872 640 1897; x_wconf 82' lang='lat'>2</span> <span class='ocrx_word' id='word_1_202' title='bbox 669 1872 691 1895; x_wconf 86' lang='lat'>«</span> <span class='ocrx_word' id='word_1_203' title='bbox 714 1855 812 1897; x_wconf 79' lang='lat' dir='ltr'>Non</span> <span class='ocrx_word' id='word_1_204' title='bbox 841 1851 962 1912; x_wconf 86' lang='lat' dir='ltr'>quod</span> <span class='ocrx_word' id='word_1_205' title='bbox 983 1852 1116 1896; x_wconf 89' lang='lat' dir='ltr'>intrat</span> <span class='ocrx_word' id='word_1_206' title='bbox 1137 1851 1182 1896; x_wconf 90' lang='lat' dir='ltr'>in</span> <span class='ocrx_word' id='word_1_207' title='bbox 1203 1866 1250 1895; x_wconf 88' lang='lat' dir='ltr'>os</span> <span class='ocrx_word' id='word_1_208' title='bbox 1266 1859 1482 1906; x_wconf 89' lang='lat' dir='ltr'>vestrum,</span> <span class='ocrx_word' id='word_1_209' title='bbox 1506 1865 1583 1895; x_wconf 83' lang='lat' dir='ltr'>vos</span> <span class='ocrx_word' id='word_1_210' title='bbox 1602 1851 1727 1895; x_wconf 91' lang='lat' dir='ltr'>coin-</span> 
     </span>
     <span class='ocr_line' id='line_1_25' title="bbox 332 1920 1729 1986; baseline -0.002 -18"><span class='ocrx_word' id='word_1_211' title='bbox 332 1945 353 1968; x_wconf 83' lang='lat'>»</span> <span class='ocrx_word' id='word_1_212' title='bbox 391 1926 561 1986; x_wconf 87' lang='lat' dir='ltr'>quinat,</span> <span class='ocrx_word' id='word_1_213' title='bbox 586 1923 662 1969; x_wconf 89' lang='lat' dir='ltr'>sed</span> <span class='ocrx_word' id='word_1_214' title='bbox 684 1923 806 1984; x_wconf 89' lang='lat' dir='ltr'>quod</span> <span class='ocrx_word' id='word_1_215' title='bbox 828 1924 951 1968; x_wconf 81' lang='lat' dir='ltr'>exit⁵.</span> <span class='ocrx_word' id='word_1_216' title='bbox 976 1940 997 1964; x_wconf 82' lang='lat'>»</span> <span class='ocrx_word' id='word_1_217' title='bbox 1025 1923 1161 1967; x_wconf 81' lang='lat' dir='ltr'>Audit</span> <span class='ocrx_word' id='word_1_218' title='bbox 1179 1923 1263 1967; x_wconf 91' lang='lat' dir='ltr'>hoc</span> <span class='ocrx_word' id='word_1_219' title='bbox 1280 1930 1500 1982; x_wconf 88' lang='lat' dir='ltr'>peccator,</span> <span class='ocrx_word' id='word_1_220' title='bbox 1523 1931 1566 1966; x_wconf 88' lang='lat' dir='ltr'>et</span> <span class='ocrx_word' id='word_1_221' title='bbox 1580 1920 1729 1980; x_wconf 84' lang='lat' dir='ltr'>gulam</span> 
     </span>
     <span class='ocr_line' id='line_1_26' title="bbox 331 1992 1729 2058; baseline -0.004 -16"><span class='ocrx_word' id='word_1_222' title='bbox 331 2006 457 2058; x_wconf 84' lang='lat' dir='ltr'>parat</span> <span class='ocrx_word' id='word_1_223' title='bbox 483 1995 710 2041; x_wconf 84' lang='lat' dir='ltr'>voracitati</span> <span class='ocrx_word' id='word_1_224' title='bbox 736 2014 745 2040; x_wconf 90' lang='lat'>:</span> <span class='ocrx_word' id='word_1_225' title='bbox 772 1993 895 2039; x_wconf 87' lang='lat' dir='ltr'>audit</span> <span class='ocrx_word' id='word_1_226' title='bbox 913 1995 999 2040; x_wconf 92' lang='lat' dir='ltr'>hoc</span> <span class='ocrx_word' id='word_1_227' title='bbox 1023 1996 1166 2056; x_wconf 86' lang='lat' dir='ltr'>justus</span> <span class='ocrx_word' id='word_1_228' title='bbox 1183 2029 1194 2049; x_wconf 92' lang='lat'>,</span> <span class='ocrx_word' id='word_1_229' title='bbox 1219 2003 1261 2038; x_wconf 87' lang='lat' dir='ltr'>et</span> <span class='ocrx_word' id='word_1_230' title='bbox 1283 2009 1307 2038; x_wconf 87' lang='lat' dir='ltr'>a</span> <span class='ocrx_word' id='word_1_231' title='bbox 1333 1993 1535 2039; x_wconf 86' lang='lat' dir='ltr'>ciborum</span> <span class='ocrx_word' id='word_1_232' title='bbox 1567 1992 1729 2037; x_wconf 89' lang='lat' dir='ltr'>discer-</span> 
     </span>
     <span class='ocr_line' id='line_1_27' title="bbox 331 2061 1728 2126; baseline -0.005 -13"><span class='ocrx_word' id='word_1_233' title='bbox 331 2066 580 2113; x_wconf 89' lang='lat' dir='ltr'>nendorum</span> <span class='ocrx_word' id='word_1_234' title='bbox 615 2066 922 2126; x_wconf 88' lang='lat' dir='ltr'>superstitione</span> <span class='ocrx_word' id='word_1_235' title='bbox 955 2065 1168 2109; x_wconf 89' lang='lat' dir='ltr'>munitur.</span> <span class='ocrx_word' id='word_1_236' title='bbox 1208 2066 1266 2109; x_wconf 91' lang='lat' dir='ltr'>Et</span> <span class='ocrx_word' id='word_1_237' title='bbox 1299 2064 1370 2108; x_wconf 88' lang='lat' dir='ltr'>hic</span> <span class='ocrx_word' id='word_1_238' title='bbox 1407 2063 1539 2121; x_wconf 85' lang='lat' dir='ltr'>igitur</span> <span class='ocrx_word' id='word_1_239' title='bbox 1574 2061 1728 2108; x_wconf 88' lang='lat' dir='ltr'>eadem</span> 
     </span>
     <span class='ocr_line' id='line_1_28' title="bbox 334 2134 1728 2200; baseline -0.006 -14"><span class='ocrx_word' id='word_1_240' title='bbox 334 2140 657 2200; x_wconf 90' lang='lat' dir='ltr'>Scripturarum</span> <span class='ocrx_word' id='word_1_241' title='bbox 679 2138 816 2189; x_wconf 90' lang='lat' dir='ltr'>nube,</span> <span class='ocrx_word' id='word_1_242' title='bbox 832 2153 911 2198; x_wconf 88' lang='lat' dir='ltr'>pro</span> <span class='ocrx_word' id='word_1_243' title='bbox 933 2152 1013 2182; x_wconf 91' lang='lat' dir='ltr'>suo</span> <span class='ocrx_word' id='word_1_244' title='bbox 1028 2136 1243 2196; x_wconf 85' lang='lat' dir='ltr'>cujusque</span> <span class='ocrx_word' id='word_1_245' title='bbox 1264 2135 1435 2190; x_wconf 89' lang='lat' dir='ltr'>merito,</span> <span class='ocrx_word' id='word_1_246' title='bbox 1454 2142 1497 2178; x_wconf 88' lang='lat' dir='ltr'>et</span> <span class='ocrx_word' id='word_1_247' title='bbox 1510 2134 1728 2194; x_wconf 86' lang='lat' dir='ltr'>peccatori</span> 
     </span>
     <span class='ocr_line' id='line_1_29' title="bbox 331 2204 1651 2271; baseline -0.003 -18"><span class='ocrx_word' id='word_1_248' title='bbox 331 2209 482 2270; x_wconf 87' lang='lat' dir='ltr'>pluvia</span> <span class='ocrx_word' id='word_1_249' title='bbox 499 2210 757 2271; x_wconf 88' lang='lat' dir='ltr'>laqueorum</span> <span class='ocrx_word' id='word_1_250' title='bbox 774 2244 784 2264; x_wconf 94' lang='lat'>,</span> <span class='ocrx_word' id='word_1_251' title='bbox 811 2217 854 2252; x_wconf 92' lang='lat' dir='ltr'>et</span> <span class='ocrx_word' id='word_1_252' title='bbox 869 2209 988 2269; x_wconf 86' lang='lat' dir='ltr'>justo</span> <span class='ocrx_word' id='word_1_253' title='bbox 1005 2205 1155 2266; x_wconf 85' lang='lat' dir='ltr'>pluvia</span> <span class='ocrx_word' id='word_1_254' title='bbox 1171 2206 1382 2250; x_wconf 85' lang='lat' dir='ltr'>ubertatis</span> <span class='ocrx_word' id='word_1_255' title='bbox 1405 2204 1547 2249; x_wconf 88' lang='lat' dir='ltr'>infusa</span> <span class='ocrx_word' id='word_1_256' title='bbox 1573 2214 1651 2249; x_wconf 88' lang='lat' dir='ltr'>est.</span> 
     </span>
     <span class='ocr_line' id='line_1_30' title="bbox 391 2274 1728 2339; baseline -0.004 -14"><span class='ocrx_word' id='word_1_257' title='bbox 391 2283 470 2325; x_wconf 83' lang='lat' dir='ltr'>XI.</span> <span class='ocrx_word' id='word_1_258' title='bbox 511 2299 531 2322; x_wconf 86' lang='lat'>«</span> <span class='ocrx_word' id='word_1_259' title='bbox 552 2280 669 2339; x_wconf 83' lang='lat' dir='ltr'>Ignis</span> <span class='ocrx_word' id='word_1_260' title='bbox 691 2288 736 2323; x_wconf 90' lang='lat' dir='ltr'>et</span> <span class='ocrx_word' id='word_1_261' title='bbox 763 2277 949 2338; x_wconf 88' lang='lat' dir='ltr'>sulphur</span> <span class='ocrx_word' id='word_1_262' title='bbox 970 2286 1013 2322; x_wconf 90' lang='lat' dir='ltr'>et</span> <span class='ocrx_word' id='word_1_263' title='bbox 1034 2276 1208 2336; x_wconf 89' lang='lat' dir='ltr'>spiritus</span> <span class='ocrx_word' id='word_1_264' title='bbox 1229 2274 1432 2336; x_wconf 85' lang='lat' dir='ltr'>procellae</span> <span class='ocrx_word' id='word_1_265' title='bbox 1462 2290 1561 2334; x_wconf 88' lang='lat' dir='ltr'>pars</span> <span class='ocrx_word' id='word_1_266' title='bbox 1583 2274 1728 2320; x_wconf 87' lang='lat' dir='ltr'>calicis</span> 
     </span>
     <span class='ocr_line' id='line_1_31' title="bbox 332 2347 1728 2410; baseline -0.002 -16"><span class='ocrx_word' id='word_1_267' title='bbox 332 2370 354 2395; x_wconf 92' lang='lat'>»</span> <span class='ocrx_word' id='word_1_268' title='bbox 390 2352 585 2396; x_wconf 67' lang='lat' dir='ltr'>corumss.</span> <span class='ocrx_word' id='word_1_269' title='bbox 615 2370 635 2392; x_wconf 93' lang='lat'>»</span> <span class='ocrx_word' id='word_1_270' title='bbox 656 2353 758 2395; x_wconf 87' lang='lat' dir='ltr'>Haec</span> <span class='ocrx_word' id='word_1_271' title='bbox 773 2365 903 2410; x_wconf 79' lang='lat' dir='ltr'>poena</span> <span class='ocrx_word' id='word_1_272' title='bbox 926 2364 1077 2393; x_wconf 87' lang='lat' dir='ltr'>eorum</span> <span class='ocrx_word' id='word_1_273' title='bbox 1100 2357 1164 2392; x_wconf 84' lang='lat' dir='ltr'>est</span> <span class='ocrx_word' id='word_1_274' title='bbox 1187 2356 1318 2407; x_wconf 79' lang='lat' dir='ltr'>atque</span> <span class='ocrx_word' id='word_1_275' title='bbox 1338 2347 1497 2402; x_wconf 76' lang='lat' dir='ltr'>exitus,</span> <span class='ocrx_word' id='word_1_276' title='bbox 1524 2362 1602 2406; x_wconf 91' lang='lat' dir='ltr'>per</span> <span class='ocrx_word' id='word_1_277' title='bbox 1618 2361 1728 2406; x_wconf 85' lang='lat' dir='ltr'>quos</span> 
     </span>
     <span class='ocr_line' id='line_1_32' title="bbox 331 2418 1728 2482; baseline -0.004 -15"><span class='ocrx_word' id='word_1_278' title='bbox 331 2422 658 2482; x_wconf 78' lang='lat' dir='ltr'>blasphematur</span> <span class='ocrx_word' id='word_1_279' title='bbox 680 2437 841 2467; x_wconf 88' lang='lat' dir='ltr'>nomen</span> <span class='ocrx_word' id='word_1_280' title='bbox 863 2420 962 2476; x_wconf 90' lang='lat' dir='ltr'>Dei,</span> <span class='ocrx_word' id='word_1_281' title='bbox 988 2430 1037 2465; x_wconf 88' lang='lat' dir='ltr'>ut</span> <span class='ocrx_word' id='word_1_282' title='bbox 1059 2420 1199 2480; x_wconf 89' lang='lat' dir='ltr'>primo</span> <span class='ocrx_word' id='word_1_283' title='bbox 1227 2418 1521 2479; x_wconf 87' lang='lat' dir='ltr'>cupiditatum</span> <span class='ocrx_word' id='word_1_284' title='bbox 1548 2432 1728 2462; x_wconf 88' lang='lat' dir='ltr'>suarum</span> 
     </span>
    </p>
   </div>
   <div class='ocr_carea' id='block_1_2' title="bbox 334 2513 1725 2615">
    <p class='ocr_par' dir='ltr' id='par_1_2' title="bbox 334 2513 1725 2615">
     <span class='ocr_line' id='line_1_33' title="bbox 379 2513 1725 2561; baseline -0.005 -8"><span class='ocrx_word' id='word_1_285' title='bbox 379 2527 390 2544; x_wconf 88' lang='lat'>¹</span> <span class='ocrx_word' id='word_1_286' title='bbox 408 2519 523 2553; x_wconf 74' lang='lat' dir='ltr'>Matih.</span> <span class='ocrx_word' id='word_1_287' title='bbox 548 2531 626 2553; x_wconf 78' lang='lat' dir='ltr'>xxiv</span> <span class='ocrx_word' id='word_1_288' title='bbox 642 2545 650 2561; x_wconf 91' lang='lat'>‚</span> <span class='ocrx_word' id='word_1_289' title='bbox 677 2518 732 2561; x_wconf 63' lang='lat'>24.</span> <span class='ocrx_word' id='word_1_290' title='bbox 755 2536 796 2542; x_wconf 91' lang='lat'>--</span> <span class='ocrx_word' id='word_1_291' title='bbox 819 2526 831 2542; x_wconf 83' lang='lat'>²</span> <span class='ocrx_word' id='word_1_292' title='bbox 847 2526 866 2551; x_wconf 81' lang='lat'><em>2</em></span> <span class='ocrx_word' id='word_1_293' title='bbox 884 2520 956 2552; x_wconf 86' lang='lat' dir='ltr'>Cor.</span> <span class='ocrx_word' id='word_1_294' title='bbox 978 2530 1009 2560; x_wconf 82' lang='grc' dir='ltr'>ι,</span> <span class='ocrx_word' id='word_1_295' title='bbox 1034 2517 1083 2549; x_wconf 77' lang='lat'>16.</span> <span class='ocrx_word' id='word_1_296' title='bbox 1111 2534 1153 2541; x_wconf 92' lang='lat'>—-</span> <span class='ocrx_word' id='word_1_297' title='bbox 1178 2516 1191 2540; x_wconf 75' lang='lat'>3</span> <span class='ocrx_word' id='word_1_298' title='bbox 1210 2519 1290 2550; x_wconf 86' lang='lat' dir='ltr'>Gen.</span> <span class='ocrx_word' id='word_1_299' title='bbox 1310 2528 1349 2558; x_wconf 84' lang='lat' dir='ltr'>n,</span> <span class='ocrx_word' id='word_1_300' title='bbox 1370 2515 1424 2557; x_wconf 58' lang='lat'>24.</span> <span class='ocrx_word' id='word_1_301' title='bbox 1451 2532 1492 2539; x_wconf 83' lang='lat'>—-</span> <span class='ocrx_word' id='word_1_302' title='bbox 1509 2513 1525 2545; x_wconf 76' lang='grc'>4</span> <span class='ocrx_word' id='word_1_303' title='bbox 1547 2514 1668 2557; x_wconf 77' lang='lat' dir='ltr'>Eplies.</span> <span class='ocrx_word' id='word_1_304' title='bbox 1684 2525 1725 2555; x_wconf 92' lang='lat' dir='ltr'>v,</span> 
     </span>
     <span class='ocr_line' id='line_1_34' title="bbox 334 2573 1051 2615; baseline -0.003 -7"><span class='ocrx_word' id='word_1_305' title='bbox 334 2576 388 2608; x_wconf 74' lang='lat'>23.</span> <span class='ocrx_word' id='word_1_306' title='bbox 406 2592 448 2598; x_wconf 90' lang='lat'>—-</span> <span class='ocrx_word' id='word_1_307' title='bbox 473 2574 487 2598; x_wconf 86' lang='lat'>⁵</span> <span class='ocrx_word' id='word_1_308' title='bbox 506 2575 618 2609; x_wconf 69' lang='lat' dir='ltr'>matth.</span> <span class='ocrx_word' id='word_1_309' title='bbox 640 2586 692 2615; x_wconf 72' lang='grc' dir='ltr'>Π,</span> <span class='ocrx_word' id='word_1_310' title='bbox 718 2587 765 2606; x_wconf 83' lang='lat'>11.</span> <span class='ocrx_word' id='word_1_311' title='bbox 792 2592 831 2597; x_wconf 86' lang='lat'>--</span> <span class='ocrx_word' id='word_1_312' title='bbox 847 2573 862 2597; x_wconf 77' lang='grc'>6</span> <span class='ocrx_word' id='word_1_313' title='bbox 882 2573 960 2606; x_wconf 73' lang='lat' dir='ltr'>Psal.</span> <span class='ocrx_word' id='word_1_314' title='bbox 983 2585 1012 2615; x_wconf 81' lang='lat' dir='ltr'>x,</span> <span class='ocrx_word' id='word_1_315' title='bbox 1036 2585 1051 2615; x_wconf 74' lang='lat'><strong>7</strong></span> 
     </span>
    </p>
   </div>
   <div class='ocr_carea' id='block_1_3' title="bbox 1826 79 1833 765">
    <p class='ocr_par' dir='ltr' id='par_1_3' title="bbox 1826 79 1833 765">
     <span class='ocr_line' id='line_1_35' title="bbox 1826 79 1833 765; baseline 0 0"><span class='ocrx_word' id='word_1_316' title='bbox 1826 79 1833 765; x_wconf 95' lang='lat' dir='ltr'> </span> 
     </span>
    </p>
   </div>
  </div>
 </body>
</html>
