1833 3284
389 284 632 314 ΕΝΑτιῑιΑΤῙο
665 286 711 314 m
744 284 946 314 PsALMUM
977 285 1038 312 xx.
1325 274 1414 312 233

88 352 145 395 ΙΙ.
157 369 176 392 «
191 350 365 396 Salvum
377 366 448 395 me
461 350 543 406 fac⁷
556 351 754 405 Domine,
767 350 974 411 quoniam
990 349 1150 395 defecit
1164 352 1352 396 sanctus¹
1369 369 1407 397 ι»

31 420 77 465 id
95 431 174 478 est,
189 438 279 466 non
298 422 519 467 invenitur
539 441 548 466 ε
575 423 686 467 sieut
704 422 926 482 loquimur
943 437 1044 465 curn
1061 421 1244 466 dicimus
1258 441 1266 466 :
1280 420 1411 466 Defe-

27 491 86 536 cit
104 490 390 548 frumentum,
408 502 498 547 aut,
517 491 682 537 Defecit
696 493 893 552 pecunia.
913 512 933 534 «
950 493 1166 546 Quoniam
1183 491 1411 537 diminutae

29 578 51 603 >›
86 571 188 606 sunt
208 562 410 607 veritates
431 578 455 606 a
479 562 576 607 filiis
592 563 863 608 hominum2.
892 581 913 604 »
938 563 1104 607 Veritas
1120 579 1207 606 una
1224 572 1302 618 est,
1324 579 1411 623 qua

25 631 300 677 illustrantur
340 633 496 677 animae
530 643 688 678 sanctae
719 654 728 678 ε
763 633 838 677 sed
878 633 1085 694 quoniam
1120 632 1271 676 multae
1311 642 1414 676 sunt

21 701 198 756 animae,
216 703 262 746 in
278 703 378 762 ipsis
401 701 550 747 multae
567 704 767 748 veritates
785 703 869 747 dici
885 712 1066 763 possunt
1083 723 1093 761 3
1113 703 1225 747 sicut
1245 702 1300 747 ab
1323 718 1412 747 una

25 770 134 817 facie
155 773 307 816 multae
327 774 373 817 in
395 773 577 833 speculis
599 774 808 833 imagines
830 783 1054 833 apparent.

86 847 168 888 III.
209 863 229 886 «
268 847 391 889 Vana
426 844 600 889 loeutus
637 855 700 889 est
737 846 1036 906 unusquisque
1073 844 1129 889 ad
1162 845 1412 905 proximum

28 931 50 955 »
85 916 253 958 suum3.
273 933 294 956 1>
313 915 565 959 Proximum
584 931 758 959 omnem
776 916 999 960 hominem
1016 925 1187 975 oportet
1203 914 1407 973 intelligi:

25 985 128 1045 quia
156 1000 285 1030 nemo
313 995 376 1030 est
397 1001 498 1031 cum
520 1003 609 1047 quo
629 987 683 1031 sit
708 987 979 1046 operandum
1000 986 1166 1030 malum
1187 1005 1196 1031 ι
1223 995 1265 1029 et
1290 1004 1310 1027 «
1334 986 1411 1029 Di-

27 1074 48 1097 »
82 1056 210 1101 lectio
238 1058 420 1117 proximi
449 1058 612 1102 malum
641 1074 731 1103 non
760 1059 1003 1118 operatur⁴.
1030 1058 1164 1102 Labia
1187 1056 1336 1101 dolosa
1367 1057 1413 1100 in

25 1143 47 1167 »
82 1126 214 1171 corde
236 1136 280 1171 et
301 1127 432 1172 eorde
457 1127 592 1173 locuti
621 1131 748 1174 sunt⁵
770 1149 789 1171 »
813 1129 940 1174 mala.
966 1128 1096 1183 Quod
1118 1129 1183 1173 bis
1205 1129 1285 1183 ait,
1316 1148 1336 1170 «
1360 1130 1412 1172 In

25 1213 48 1238 ³>
82 1197 214 1242 corde
234 1208 278 1242 et
299 1198 452 1254 corde,
479 1217 500 1240 »
521 1199 683 1260 duplex
705 1216 779 1245 cor
800 1201 1030 1259 signifieat.

81 1270 157 1313 IV.
191 1288 211 1310 «
238 1268 466 1329 Disperdat
492 1270 701 1314 Dominus
722 1274 924 1316 universa
950 1270 1065 1314 labia
1088 1269 1280 1314 dolosass.
1309 1269 1411 1315 Uni-

25 1356 46 1381 »
67 1355 188 1384 versa
207 1358 226 1381 υ
245 1338 368 1395 dixit,
385 1355 440 1384 ne
455 1342 552 1401 quis
564 1356 608 1385 se
622 1350 849 1401 exceptum
870 1351 996 1401 putet
1017 1361 1025 1386 :
1046 1341 1156 1385 sicut
1176 1338 1410 1400 Apostolus

22 1408 128 1455 dicit
148 1429 156 1454 :
183 1429 202 1452 «
224 1413 277 1454 In
294 1425 469 1455 omnem
489 1411 677 1455 animam
693 1411 878 1456 hominis
897 1412 1114 1472 operantis
1134 1411 1314 1466 malum,
1336 1414 1360 1455 J
1365 1427 1412 1455 u-

25 1498 46 1521 »
81 1479 164 1524 daei
185 1481 376 1540 primum
399 1490 442 1526 et
463 1481 643 1526 Graeei⁷.
670 1482 885 1542 Linguam
906 1482 1233 1544 magniloquam
1256 1502 1264 1527 z
1289 1501 1309 1524 »
1330 1481 1411 1526 lin-

23 1566 154 1610 guam
179 1551 428 1611 superbam.

80 1625 136 1667 V.
165 1642 185 1666 «
210 1623 296 1677 Qui
319 1623 525 1668 dixerunt
542 1643 551 1669 :
568 1624 780 1683 Linguam
798 1635 989 1670 nostram
1008 1625 1407 1686 magnificabimus,

23 1711 45 1736 n
80 1693 195 1738 labia
217 1704 363 1740 nostra
385 1695 502 1756 apud
519 1712 598 1740 nos
615 1706 732 1753 sunt,
749 1698 845 1758 quis
861 1708 1006 1743 noster
1022 1699 1233 1743 Dominus
1250 1700 1336 1742 est8
1352 1700 1370 1742 Ρ
1386 1717 1406 1739 »

23 1765 207 1825 Superbi
239 1767 482 1827 hypocritae
508 1768 828 1826 significantur,
852 1770 898 1815 in
931 1786 1129 1815 sermone
1161 1787 1261 1825 suo,
1287 1785 1409 1830 spem

18 1844 232 1897 ponentes
259 1836 314 1881 ad
337 1838 534 1883 homines
557 1838 858 1899 decipiendos,
883 1850 926 1885 et
947 1844 1038 1886 Deo
1061 1857 1151 1886 non
1173 1840 1353 1886 subditi.

79 1909 157 1951 VI.
182 1911 404 1968 «Propter
425 1909 641 1954 miseriam
662 1911 848 1970 inopum
865 1920 909 1956 et
922 1912 1133 1971 gemitum
1146 1928 1407 1972 pauperum,

23 1995 45 2020 »
79 1994 198 2022 nune
228 1993 456 2037 exurgam,
481 1980 587 2024 dicit
618 1982 870 2026 Dominus⁹.
902 1999 922 2023 »
950 1985 1016 2026 Ita
1045 1983 1161 2026 enim
1193 1983 1410 2043 populum

0 2058 1 2104 j
20 2065 149 2093 suum
166 2049 257 2110 ipse
277 2050 488 2096 Dominus
508 2051 554 2095 in
575 2052 814 2111 Evangelio
835 2053 1061 2098 miseratus
1079 2063 1158 2110 est,
1180 2055 1301 2115 quod
1323 2070 1412 2099 rec-

0 2128 161 2164 .torem
182 2136 274 2165 non
294 2121 497 2177 haberet,
517 2137 619 2166 cum
641 2123 754 2166 bene
775 2133 919 2184 posset
941 2125 1258 2185 obtemperare.
1285 2125 1412 2170 Unde

21 2190 151 2234 etiam
172 2189 341 2236 dictum
363 2201 428 2237 est
450 2193 496 2237 in
517 2193 756 2252 Evangelio
781 2213 790 2239 :
817 2214 837 2237 «
862 2195 1009 2239 Messis
1036 2196 1197 2251 multa,
1224 2195 1411 2256 operarii

0 2255 3 2365 ᾧ
25 2278 45 2301 »
81 2270 226 2305 autem
247 2262 436 2321 pauei10.
459 2282 478 2304 »
497 2266 591 2308 Hoc
606 2273 752 2308 autem
773 2280 825 2308 ex
848 2281 1032 2325 persona
1049 2267 1127 2311 Dei
1142 2267 1279 2311 Patris
1294 2267 1412 2311 aeci-

20 2330 232 2390 piendum
254 2341 332 2388 est,
358 2333 435 2393 qui
455 2343 634 2393 propter
654 2334 805 2395 inopes
827 2345 870 2379 et
891 2351 1125 2395 pauperes,
1145 2335 1191 2381 id
1210 2346 1290 2392 est,
1312 2337 1411 2382 ino-

21 2400 94 2461 pia
123 2410 166 2445 et
192 2411 446 2462 paupertate
478 2403 698 2448 bonorum
734 2405 992 2466 spiritalium
1025 2416 1222 2466 egentes,
1249 2407 1411 2452 Filium

71 2519 80 2536 ¹
99 2514 180 2548 Psal.
198 2525 242 2557 ιι,
258 2523 289 2548 2.
310 2532 352 2538 —
372 2516 483 2548 21bid.
504 2533 546 2539 —
566 2515 675 2550 ³1bid.
694 2519 724 2550 3.
747 2536 788 2541 —-
802 2518 817 2550 4
833 2521 924 2552 Rom.
941 2531 1007 2561 xm,
1037 2530 1088 2553 ιο.
1115 2537 1158 2543 --·
1175 2518 1192 2543 5
1209 2521 1291 2554 Psal.
1315 2532 1359 2563 xi,
1377 2522 1408 2553 3.

22 2568 187 2602 —61bi‹l.
213 2570 244 2613 4.
263 2589 304 2594 —-
330 2579 344 2605 7
363 2575 453 2605 Rom.
470 2585 512 2615 11,
531 2585 565 2615 9.
592 2573 663 2597 -S
681 2575 759 2607 Ρ-τ-ειΙ.
781 2588 811 2607 ιι
828 2602 835 2610 ,
862 2576 892 2607 5.
919 2584 991 2607 -Ω
1008 2577 1090 2609 lbid.
1116 2577 1147 2608 6.
1171 2595 1212 2599 —
1236 2583 1265 2600 ¹0
1285 2578 1403 2610 Matih.

25 2634 75 2666 ix,
96 2625 148 2667 37.
