1833 3284
386 297 405 332 1
416 293 469 332 42
826 303 861 330 s.
898 303 1130 332 ,1000311111
1163 305 1345 334 Emscom

385 387 405 410 η
441 383 579 413 1110113.
604 371 692 414 Νο0
715 378 861 413 tamen
883 368 1011 423 dixit,
1042 387 1062 410 «
1079 369 1314 426 Intendite,
1335 388 1356 412 »
1373 369 1470 425 sed,
1493 388 1514 414 «
1533 369 1733 414 Intende.
1754 388 1776 413 »

382 443 481 486 Non
515 440 631 484 enim
660 440 770 485 duos
800 449 875 484 aut
907 449 989 484 tres
1012 440 1116 485 deos
1149 442 1256 486 fides
1290 440 1504 486 catholica
1539 441 1776 501 praedicat,

382 509 458 554 sed
481 511 618 570 ipsam
637 511 892 556 Trinitatem
909 526 1048 555 unum
1065 514 1221 556 Deum.
1238 515 1338 558 Non
1354 522 1405 557 ut
1426 511 1578 557 eadem
1596 512 1781 556 Trinitas

382 580 512 625 simul
528 582 662 641 possit
679 581 918 643 aliquando
938 585 1081 636 Pater,
1103 581 1340 642 aliquando
1358 583 1516 639 Filius,
1542 581 1782 643 aliquando

385 653 569 712 Spiritus
586 663 760 698 sanctus
782 653 884 707 dici,
908 653 1019 697 sicut
1038 652 1250 698 Sabellius
1266 653 1474 699 credidit:
1495 652 1572 698 sed
1585 662 1636 697 ut
1653 656 1781 698 Pater

382 725 557 768 nonnisi
582 728 724 779 Pater,
750 733 793 768 et
807 723 942 768 Filius
966 724 1138 769 nonnisi
1156 724 1306 780 Filius,
1329 734 1373 769 et
1396 724 1581 785 Spiritus
1603 733 1778 768 sanctus

382 795 557 841 nonnisi
592 795 775 855 Spiritus
803 805 1002 851 sanctus‘,
1041 805 1085 840 et
1116 796 1210 840 haec
1239 797 1423 842 Trinitas
1462 796 1635 841 nonnisi
1667 811 1781 841 unus

382 870 513 912 Deus.
540 866 652 919 Quia
675 876 719 911 et
741 882 843 911 cum
866 866 1044 911 dixisset
1065 867 1298 927 Apostolus
1327 888 1336 913 :
1368 887 1387 910 «
1408 870 1471 912 Ex
1489 883 1580 928 quo
1605 866 1778 923 omnia,

385 956 406 979 »
443 953 520 997 per
541 952 674 998 quem
696 937 841 982 omnia
859 973 870 994 ‚
906 938 951 981 in
979 954 1069 998 quo
1093 939 1280 995 omnia1‚
1309 958 1328 981 »
1358 939 1613 983 Trinitatem
1643 938 1783 998 ipsam

381 1008 622 1052 insinuasse
645 1007 839 1052 creditur
861 1027 870 1052 :
896 1024 977 1053 nec
994 1018 1142 1054 tamen
1163 1009 1370 1071 subjecit,
1400 1029 1420 1053 «
1442 1010 1551 1070 Ipsis
1574 1008 1734 1068 gloria,
1758 1027 1779 1051 »

383 1079 482 1134 sed,
512 1098 530 1120 «
558 1078 646 1139 Ipsi
679 1078 829 1136 gloria.
858 1098 878 1120 »

443 1153 518 1195 IV.
550 1150 809 1203 «Quoniam
830 1149 886 1194 ad
919 1159 962 1194 te
984 1151 1146 1207 orabo,
1181 1151 1389 1206 Domine,
1421 1165 1549 1195 mane
1582 1149 1783 1194 exaudies

388 1239 409 1263 »
443 1236 598 1265 vocem
622 1224 809 1264 meam2.
839 1239 859 1261 »
886 1220 1003 1274 Quid
1033 1221 1115 1266 sibi
1136 1220 1232 1266 vult
1253 1221 1375 1281 quod
1407 1222 1604 1281 superius
1637 1220 1746 1265 dixit
1771 1239 1780 1266 ε

389 1310 411 1334 «
445 1290 643 1347 Exaudi,
669 1310 689 1332 »
713 1291 837 1351 quasi
859 1292 904 1335 in
926 1292 1130 1351 praesenti
1151 1308 1194 1336 se
1215 1290 1409 1336 exaudiri
1430 1301 1611 1352 cuperet
1631 1311 1640 1336 :
1665 1306 1785 1336 nunc

383 1379 488 1410 vero
505 1363 632 1408 dicit:
664 1383 685 1406 «
708 1366 838 1408 Mane
861 1363 1065 1408 exaudies
1081 1385 1092 1422 3
1111 1381 1130 1405 >›
1148 1379 1260 1419 non,
1290 1383 1310 1407 «
1330 1363 1500 1408 Exaudi
1519 1382 1527 1408 ;
1551 1381 1572 1405 »
1592 1372 1659 1420 et,
1679 1381 1699 1405 «
1715 1362 1787 1408 Ad

387 1452 408 1476 »
446 1443 489 1478 te
511 1435 671 1491 orabo,
700 1452 719 1475 »
757 1449 844 1478 non
863 1469 874 1489 ,
903 1453 922 1476 a
950 1433 1019 1478 Ad
1041 1443 1083 1478 te
1105 1450 1181 1478 oro
1205 1453 1214 1479 ;
1241 1452 1260 1475 >›
1289 1443 1333 1477 et
1354 1433 1581 1493 deinceps,
1611 1452 1631 1475 «
1655 1436 1787 1478 Mane

389 1523 410 1546 »
445 1505 595 1550 astabo
628 1504 729 1560 tibi,
756 1514 800 1549 et
826 1504 1012 1562 videbo,
1039 1523 1059 1547 »
1087 1521 1177 1549 non
1194 1540 1205 1560 ,
1231 1523 1252 1546 «
1277 1507 1384 1549 Asto
1406 1513 1449 1549 et
1469 1504 1629 1549 video?
1653 1523 1674 1546 »
1696 1504 1787 1550 Nisi
1826 1508 1830 1515 '

385 1576 499 1621 forte
536 1577 731 1637 superior
759 1577 852 1637 ejus
882 1575 1020 1620 oratio
1043 1576 1181 1635 ipsam
1209 1575 1530 1621 invocationem
1558 1575 1749 1621 ostendit
1773 1595 1782 1621 ε

386 1647 577 1706 caligans
596 1657 743 1691 antem
765 1647 879 1691 inter
896 1646 1107 1706 procellas
1130 1647 1260 1707 hujus
1283 1646 1455 1703 saeculi,
1486 1647 1617 1692 sentit
1638 1662 1682 1691 se
1697 1662 1788 1691 non

386 1717 535 1763 videre
558 1717 680 1778 quod
714 1717 861 1777 cupit,
898 1727 942 1761 et
974 1727 1120 1761 tamen
1150 1733 1321 1777 sperare
1350 1733 1440 1762 non
1470 1717 1642 1762 desinit.
1685 1719 1788 1777 Spes

387 1789 504 1834 enim
528 1805 628 1849 quse
650 1787 840 1843 videtur,
861 1803 950 1832 non
974 1796 1037 1831 est
1054 1803 1149 1848 spes
1165 1788 1197 1831 3.
1222 1806 1242 1829 »
1266 1788 1478 1847 Intelligit
1495 1797 1642 1832 tamen
1655 1802 1789 1848 quare

389 1876 480 1904 non
500 1859 648 1905 videat
663 1894 673 1913 ,
700 1860 801 1919 quia
820 1857 1019 1902 nondum
1038 1874 1122 1902 nox
1140 1869 1314 1919 peracta
1333 1869 1412 1915 est,
1429 1858 1476 1903 id
1490 1868 1574 1914 est,
1595 1859 1790 1903 tenebrae

387 1947 495 1992 quas
517 1939 698 1990 peccata
725 1941 996 1973 meruerunt.
1036 1929 1150 1974 Dicit
1182 1945 1285 1988 ergo
1313 1949 1322 1974 ;
1358 1948 1377 1971 (1
1407 1930 1626 1982 Quoniam
1659 1928 1715 1973 ad
1746 1937 1790 1972 te

393 2021 413 2044 »
449 2002 584 2046 orabo
599 2037 610 2057 ,
637 2001 821 2045 Domine
839 2036 849 2055 ,
873 2018 892 2041 )›
920 1999 967 2044 id
989 2008 1073 2055 est,
1109 1999 1318 2059 quoniam
1342 2009 1492 2044 tantus
1514 2016 1557 2044 es
1581 1999 1636 2043 ad
1657 2014 1789 2060 quem

389 2074 523 2119 orabo
551 2093 560 2118 ;
601 2092 621 2114 «
652 2075 784 2117 Mane
827 2071 1028 2115 exaudies
1061 2086 1214 2115 vocem
1244 2086 1402 2115 meam.
1435 2089 1455 2113 »
1489 2073 1588 2116 Non
1618 2070 1692 2115 ille
1719 2086 1786 2126 es,

389 2146 561 2206 inquit,
594 2145 670 2205 qui
704 2133 838 2203 possis
866 2142 1001 2186 videri
1028 2142 1083 2186 ab
1117 2142 1204 2197 eis,
1236 2157 1426 2202 quorum
1454 2143 1510 2187 ab
1544 2141 1682 2187 oculis
1703 2158 1790 2186 nox
1832 2155 1833 2200 ξ

388 2225 672 2278 peccatorum
703 2213 904 2259 nondum
936 2212 1111 2257 recessit
1137 2228 1145 2253 :
1174 2222 1349 2273 peracta
1382 2229 1485 2272 ergo
1519 2213 1675 2258 erroris
1704 2212 1790 2257 mei
1830 2212 1833 2275 {

389 2297 536 2343 nocte,
561 2297 605 2331 et
627 2284 951 2330 discedentibus
976 2284 1165 2327 tenebris
1181 2319 1191 2339 ,
1213 2299 1320 2344 quas
1343 2284 1451 2328 mihi
1471 2284 1660 2344 peccatis
1684 2284 1793 2328 meis
1831 2277 1833 2302 ¹

390 2359 494 2404 fecit
511 2394 522 2414 ,
548 2356 750 2402 exaudies
774 2370 924 2400 vocem
947 2369 1104 2399 meam.
1133 2356 1223 2399 Cur
1245 2370 1348 2414 ergo
1369 2355 1567 2415 superius
1590 2371 1680 2400 non
1702 2354 1786 2400 ait:

394 2450 414 2473 «
450 2429 693 2485 Exaudies3
720 2446 741 2469 u
765 2427 867 2481 sed,
897 2445 917 2469 «
944 2424 1140 2470 Exaudi?
1166 2443 1186 2466 >›
1211 2428 1281 2469 An
1302 2436 1534 2486 postquam
1558 2416 1785 2480 clamavit,
1829 2429 1833 2484 Ι

396 2521 416 2544 <r
450 2500 646 2556 Exaudi,
676 2518 695 2541 »
723 2508 765 2543 et
787 2514 876 2542 non
892 2533 902 2553 ,
934 2517 954 2540 ‹<
978 2496 1193 2541 Exaudita
1216 2506 1301 2553 cst,
1326 2515 1345 2539 »
1372 2497 1506 2541 sensit
1528 2497 1637 2557 quid
1659 2512 1789 2557 opor·
1828 2486 1833 2536 ἶ

391 2583 480 2619 1οῑ11
502 2572 683 2617 transire
699 2606 710 2627 ,
735 2580 785 2615 ut
807 2569 941 2630 possit
962 2567 1184 2613 exaudiri?
1206 2571 1276 2612 An
1301 2577 1345 2613 et
1365 2568 1562 2629 superius
1585 2568 1788 2614 exaudita
1826 2537 1833 2619 i

439 2667 446 2684 ¹
465 2662 556 2694 Rom.
574 2671 617 2700 xi,
639 2658 694 2691 36.
716 2675 757 2682 --
777 2664 790 2682 ²
809 2657 891 2690 Paul.
914 2668 946 2697 v,
966 2655 999 2699 4.
1024 2673 1065 2679 -
1082 2653 1199 2689 ³Rom.
1216 2667 1287 2698 vu1,
1303 2654 1358 2698 24.
1826 2621 1831 2706 ἱ

1827 2710 1831 2743 i
