1833 3284
242 267 483 296 ΕΝΑιιιιΑΤιο
515 270 546 295 ιι
580 271 621 296 m
658 268 857 297 PSALMUM
893 271 1012 307 xxx,
1047 270 1172 296 slsum.
1209 271 1275 297 111.
1359 257 1443 297 419

64 331 397 377 »haereditatem
419 341 537 377 tuam
552 368 562 388 ,
584 343 627 378 et
646 334 954 394 possessionem
976 343 1095 378 tuam
1113 335 1220 379 fines
1239 337 1440 378 terrae1.»

60 403 158 447 Non
188 402 296 446 mihi
319 418 421 462 ergo
442 404 668 463 promittat
685 405 817 449 homo
838 405 982 448 nescio
1002 420 1131 465 quam
1156 404 1412 464 particulam
1432 424 1440 449 :

62 473 176 516 Deus
198 487 341 527 meus,
371 492 391 515 «
410 476 461 517 In
484 474 685 518 manibus
708 475 791 518 tuis
813 483 946 519 sortes
967 490 1089 518 meae.
1106 493 1126 515 η
1143 477 1239 519 Jam
1257 475 1445 519 sufficiat

60 542 271 587 Charitati
283 545 448 588 Vestrae
464 561 476 588 :
491 544 611 606 quod
633 553 779 600 restat,
803 545 849 589 in
871 545 1047 590 nomine
1070 546 1241 590 Domini
1260 546 1443 591 crastina

61 610 156 669 die,
180 612 274 674 ipso
294 613 550 675 adjuvante,
576 614 823 660 reddemus.

63 776 516 798 mmmmm
521 781 658 800 wumm
662 780 1302 801 mmmmmmmmmmx
1307 783 1449 802 mmmm

508 905 892 955 ENARRATIO
930 908 980 955 ΙΙ

385 1053 433 1093 IN
476 1054 685 1094 EUMDEM
722 1053 960 1095 PSALMUM
998 1054 1119 1093 xxx.

620 1196 795 1233 SERMO
825 1196 915 1232 1112.

571 1321 633 1363 De
654 1319 741 1362 fine.
766 1317 938 1362 Psalmi.

121 1459 156 1500 Ι.
178 1458 305 1510 Quoi)
326 1455 381 1500 de
404 1454 574 1500 Psalmo
594 1464 741 1511 restat,
758 1454 878 1500 unde
900 1454 1010 1500 duos
1027 1457 1119 1516 jam
1141 1472 1359 1502 sermones
1377 1459 1452 1502 ha-

59 1526 236 1570 buimus
250 1561 260 1580 ,
286 1525 509 1586 aliquanto
531 1535 595 1570 est
616 1526 801 1586 amplius
823 1542 954 1587 quam
978 1527 1103 1570 tertia
1126 1543 1240 1586 pars,
1265 1537 1307 1572 et
1328 1527 1452 1572 vide-

58 1611 155 1641 mus
181 1596 307 1640 nobis
338 1595 468 1641 hodie
499 1595 700 1640 debitum
730 1612 820 1641 esse
845 1596 1174 1656 complendum.
1201 1597 1326 1642 Unde
1348 1608 1451 1658 peto

60 1667 324 1713 Charitatem
355 1669 575 1722 Vestram,
604 1677 654 1711 ut
681 1667 869 1712 libenter
901 1668 1096 1712 habeatis
1126 1684 1204 1712 nos
1231 1669 1276 1712 in
1307 1669 1450 1713 verbis

0 1779 3 1782 ,
59 1739 151 1799 ejus
184 1738 455 1798 planioribus
478 1753 567 1782 non
589 1738 834 1792 immorari,
865 1748 915 1782 ut
941 1754 990 1782 ea
1013 1754 1090 1783 nos
1113 1748 1314 1794 teneant,
1334 1756 1448 1800 quo-

59 1824 158 1853 rum
190 1817 255 1854 est
282 1809 509 1853 necessitas
545 1808 808 1868 exponendi.
844 1807 983 1853 Multa
1016 1808 1133 1852 enim
1162 1818 1265 1852 sunt
1296 1810 1450 1854 animis

59 1878 255 1924 fidelium
271 1888 426 1938 sponte
443 1879 731 1934 occurrentia,
746 1879 885 1923 multa
899 1894 998 1939 quae
1015 1879 1134 1923 brevi
1153 1878 1449 1925 admonitione

60 1949 358 2010 opus'habent
378 1968 387 1994 :
418 1949 621 2009 quaedam
644 1964 769 2002 vero,
794 1958 838 1993 et
860 1965 908 1992 ea
936 1949 1118 2002 rariora,
1145 1949 1304 2008 quibus
1326 1951 1448 1995 insu-

59 2019 257 2065 dandum
280 2028 365 2071 est,
389 2027 440 2063 ut
466 2019 632 2078 possint
652 2018 851 2078 intelligi.
872 2021 930 2064 Ut
947 2034 1048 2077 ergo
1067 2028 1238 2079 tempus
1261 2020 1450 2066 sufficiat

58 2092 221 2136 viribus
238 2100 282 2135 et
298 2090 454 2135 nostris
471 2099 514 2134 et
531 2090 702 2145 vestris,
721 2090 866 2134 videte
892 2105 1024 2151 quarn
1044 2100 1191 2150 aperta
1209 2101 1312 2136 sunt
1328 2093 1444 2149 haec,

60 2171 104 2207 et
121 2161 351 2206 nobiscum
372 2161 518 2221 potius
540 2161 782 2220 agnoscite,
809 2170 853 2205 et
878 2161 924 2205 in
945 2161 1012 2205 his
1045 2161 1274 2206 nobiscum
1308 2166 1447 2208 Deum

58 2232 235 2277 laudate
256 2251 265 2276 :
291 2240 334 2276 et
363 2232 397 2276 si
418 2240 513 2276 orat
535 2230 751 2286 Psalmus,
777 2240 922 2282 orate;
947 2240 991 2275 et
1018 2231 1053 2275 si
1076 2232 1230 2290 gemit,
1261 2233 1445 2291 gemite3

59 2312 104 2347 et
123 2303 158 2347 si
176 2301 434 2362 gratulatur,
455 2301 669 2361 gaudete,
689 2311 733 2346 et
753 2302 787 2345 si
803 2310 961 2361 sperat,
979 2310 1174 2361 sperate,
1194 2311 1238 2345 et
1252 2302 1286 2346 si
1304 2303 1442 2358 timet,

59 2374 224 2418 timete.
252 2372 410 2417 Omnia
431 2372 547 2417 enim
578 2388 677 2433 quae
698 2373 767 2417 hic
795 2372 1040 2432 conscripta
1068 2381 1193 2428 sunt,
1217 2373 1445 2432 speculum

60 2454 259 2490 nostrum
282 2452 399 2489 sunt.

111 2561 119 2578 ¹
141 2552 222 2587 Psal.
244 2565 280 2595 ιι,
295 2553 326 2585 8.
354 2569 395 2576 -
410 2559 424 2575 ⁹
443 2554 553 2585 Sermo
566 2564 618 2593 ιιι,
636 2552 676 2587 de
690 2553 752 2586 fine
770 2553 910 2595 ejusdem
929 2552 1063 2593 Psalmi,
1082 2551 1210 2585 habitus
1233 2553 1380 2595 proxima
1393 2556 1445 2590 dic

63 2614 133 2652 post
146 2608 340 2651 superiorem
359 2616 552 2641 sermonem.

1164 2660 1231 2701 27.
