1833 3284
382 269 625 300 ENAnnATm
659 272 704 299 ιΝ
736 269 938 299 PsALMUM
970 271 1031 297 nc.
1319 257 1398 294 201

23 339 209 385 coelestis
232 340 269 382 ¹.
325 337 526 381 Jamvero
563 335 597 380 si
635 334 755 396 quod
794 334 957 379 dictum
992 343 1082 390 est,
1130 352 1151 376 «
1175 333 1406 378 Inimicum

24 424 209 453 »meum
225 444 236 463 ‚
264 426 285 449 »
327 406 582 467 generaliter
606 405 673 451 vel
707 415 978 466 peccatorem
1002 403 1071 448 vel
1096 403 1300 463 gentilem
1324 404 1406 447 ho-

21 479 184 524 minem
206 478 340 538 magis
358 477 541 522 velimus
572 477 766 536 accipere
783 511 794 532 ‚
823 491 913 520 non
935 475 1015 519 erit
1036 473 1291 519 absurdum.
1317 476 1405 518 Nec

20 566 152 612 poena
180 550 261 594 erit
291 548 411 610 quod
432 548 597 593 dictum
621 557 704 603 est,
741 551 825 592 «In
855 544 1148 591 convertendo
1178 544 1404 589 inimicum

23 638 44 662 »
63 635 211 664 meum
224 629 458 664 retrorsum
472 637 511 674 ς»
528 617 604 662 sed
621 618 899 672 beneficium,
915 626 957 661 et
970 615 1055 661 tale
1065 615 1340 669 beneficium,
1356 623 1407 658 ut

21 690 124 734 huic
141 689 382 750 comparari
395 687 506 733 nihil
518 689 665 748 possit.
688 687 805 741 Quid
818 687 933 731 enim
946 687 1254 747 beatiusquam
1269 685 1407 746 depo-

20 777 123 806 nere
134 761 398 822 superbiam,
415 770 459 805 et
467 776 558 805 non
570 759 682 805 velle
691 759 910 805 Christum
920 757 1179 819 praecedere,
1194 757 1330 803 veluti
1344 773 1407 802 sa-

20 847 103 876 nus
120 832 195 887 sit,
211 831 282 876 cui
298 830 492 875 medicus
506 846 595 875 non
607 831 661 874 sit
678 829 962 887 necessarius3
982 828 1056 873 sed
1074 827 1202 872 malle
1215 837 1331 872 retro
1345 828 1407 871 ire

20 912 119 963 post
130 903 368 957 Christum,
383 902 460 963 qui
478 901 746 961 Discipulum
759 916 917 946 vocans
931 909 980 945 ut
990 900 1256 960 perficiatur,
1273 898 1379 943 dicit
1395 918 1404 943 :

25 976 247 1033 «Sequere
259 975 349 1018 me²
360 974 378 1017 Ρ
390 991 408 1014 »
425 973 510 1018 Sed
523 982 667 1017 tamen
682 970 1049 1017 accommodatius
1062 969 1116 1014 de
1127 969 1303 1014 diabolo
1321 969 1410 1014 dic-

20 1052 116 1088 tum
126 1043 384 1102 intelligitur
400 1063 409 1090 ε
435 1061 455 1085 ‹<
472 1046 525 1087 In
541 1041 836 1088 convertendo
848 1041 1074 1086 inimicum
1089 1055 1237 1084 meum
1255 1049 1411 1084 retror-

23 1134 43 1157 η
60 1130 200 1159 sum.»
226 1114 433 1160 Diabolus
456 1115 620 1175 quippe
642 1125 878 1159 retrorsum
900 1129 1132 1159 conversus
1146 1122 1209 1157 est
1224 1112 1351 1157 etiam
1366 1112 1410 1155 in

19 1184 558 1247 persecutionejustorum‚
570 1194 614 1229 et
621 1183 760 1229 multo
770 1184 917 1229 utilius
925 1193 1175 1245 persecutor
1183 1192 1262 1238 est,
1276 1198 1409 1244 quam

20 1256 52 1300 si
68 1254 157 1300 dux
169 1264 212 1299 et
224 1255 423 1317 princeps
435 1255 621 1315 praeiret.
639 1254 918 1300 Psallendum
932 1264 995 1299 est
1008 1255 1142 1314 igitur
1150 1253 1317 1299 nomini
1330 1252 1409 1298 Al-

21 1325 169 1371 tissimi
184 1325 230 1369 in
240 1325 536 1371 convertendo
547 1325 772 1371 inimicum
787 1335 1024 1370 retrorsum
1041 1324 1267 1386 :quoniam
1282 1322 1411 1367 malle

20 1396 228 1441 debemus
242 1412 343 1440 eum
354 1405 686 1457 persequentem
699 1396 866 1456 fugere,
880 1411 1011 1457 quam
1024 1395 1258 1440 ducentem
1270 1393 1408 1454 sequi.

21 1466 240 1511 Habemus
263 1467 379 1511 enim
393 1481 484 1527 quo
501 1465 717 1525 fugiamus
731 1503 741 1523 ⁷
762 1477 805 1511 et
822 1467 1143 1512 abscondamur
1162 1468 1210 1510 in
1232 1464 1413 1510 occultis

21 1537 118 1581 Filii
144 1558 153 1583 :
184 1538 330 1591 «Quia
349 1538 560 1582 Dominus
579 1537 719 1582 factus
737 1547 802 1582 est
822 1537 1041 1596 refugium
1063 1537 1232 1582 nobisss,
1261 1555 1282 1578 »

81 1611 134 1654 V.
175 1628 195 1651 α
216 1611 582 1666 Infirmabuntur‚
606 1619 649 1654 et
666 1611 875 1670 peribunt
893 1627 916 1655 a
938 1610 1047 1655 faeie
1062 1619 1137 1653 tua
1151 1610 1182 1653 ⁴.
1205 1628 1223 1650 »
1243 1608 1329 1662 Qui
1350 1608 1413 1651 in-

21 1680 318 1724 firmabuntur
340 1690 384 1724 et
416 1682 645 1741 peribunt,
670 1681 752 1724 nisi
774 1681 913 1741 iniqui
936 1690 978 1724 et
999 1681 1148 1740 impii?
1171 1699 1191 1722 ‹<
1211 1680 1414 1723 Infirma-

25 1768 45 1792 »
64 1750 248 1806 buntur‚
277 1769 297 1792 »
333 1750 438 1794 dum
470 1750 577 1795 nihil
603 1751 816 1795 valebunt
848 1771 857 1796 :
891 1755 983 1796 «Et
1009 1751 1240 1811 peribunt,
1269 1769 1287 1791 »
1312 1750 1414 1810 quia

23 1819 118 1865 non*
146 1831 276 1866 erunt
297 1821 421 1881 impii
461 1841 470 1866 ε
508 1825 581 1866 «A
606 1820 714 1866 facie
736 1821 837 1877 Dei,
858 1840 876 1863 »
913 1821 959 1866 id
981 1830 1044 1866 est
1062 1857 1073 1877 ,
1107 1838 1132 1866 a
1165 1821 1415 1881 cognitione

23 1890 137 1946 Dei‚‘
161 1891 272 1936 sicut
309 1892 438 1951 periit
470 1891 544 1935 ille
578 1893 655 1951 qui
678 1892 787 1936 dixit
814 1911 822 1937 :
854 1912 873 1934 «
898 1892 1007 1937 Vivo
1040 1901 1185 1936 autem
1211 1894 1301 1952 jam
1324 1907 1415 1936 non

27 1978 47 2002 »
83 1975 162 2018 ego
177 1995 189 2016 ,
208 1961 317 2006 vivit
337 1971 484 2005 autem
494 1961 541 2004 in
561 1976 632 2004 me
656 1962 853 2006 Christus
870 1964 900 2005 ⁵.
931 1980 950 2002 >›
976 1961 1060 2007 Sed
1083 1977 1216 2022 quare
1239 1981 1255 2002 (ι
1283 1962 1414 2006 Infir-

27 2049 47 2072 »
73 2031 329 2086 mabuntur,
357 2041 401 2075 et
421 2031 628 2091 peribunt
647 2031 795 2091 impii,
822 2047 844 2076 a
863 2031 970 2076 faeie
994 2041 1068 2076 tua
1082 2034 1100 2076 ἶ)
1115 2032 1334 2086 Quoniam
1356 2031 1416 2076 se-

26 2119 47 2143 »
82 2102 176 2146 cisti
193 2102 409 2162 judicium
433 2118 581 2147 meum
598 2138 608 2158 ‚
635 2103 808 2163 inquit,
832 2112 874 2147 et
900 2119 1075 2148 causam
1095 2106 1261 2148 meam6
1289 2124 1297 2149 :
1323 2122 1343 2146 »
1370 2103 1415 2148 id

25 2182 110 2229 est,
131 2173 349 2234 judicium
369 2174 481 2219 illud
502 2175 549 2218 in
573 2191 661 2235 quo
683 2175 869 2235 judicari
891 2176 1005 2220 visus
1029 2192 1125 2220 sum
1141 2213 1151 2231 ‚
1172 2192 1317 2221 meum
1346 2177 1416 2221 fe-

25 2244 120 2288 cisti
136 2264 147 2300 3
163 2253 206 2288 et
220 2260 393 2289 causam
406 2244 542 2300 illam,
563 2246 608 2289 in
620 2263 706 2306 qua
718 2263 788 2290 me
806 2248 971 2307 justum
989 2249 1320 2292 etinnoeentem
1332 2249 1416 2292 ho-

26 2315 163 2370 mines
191 2314 535 2370 damnaverunt,
571 2331 715 2361 meam
742 2318 896 2363 fecisti.
924 2321 1028 2363 Haec
1053 2319 1170 2362 enim
1193 2319 1231 2362 ei
1254 2318 1416 2363 milita-

28 2394 186 2429 verunt
217 2384 273 2429 ad
304 2395 476 2431 notram
507 2385 812 2432 liberationem
848 2409 857 2434 :
890 2389 1001 2433 sicut
1022 2399 1064 2433 et
1087 2399 1233 2434 nautae
1263 2390 1417 2434 dicunt

28 2463 209 2499 ventum
229 2471 357 2500 suum
370 2491 381 2512 ,
401 2472 491 2517 quo
511 2465 700 2502 utuntur
716 2458 770 2502 ab
788 2459 900 2503 bene
922 2460 1235 2519 navigandum.

80 2558 90 2574 ¹
108 2564 118 2583 1
137 2555 211 2586 Cor.
231 2564 288 2596 xv,
307 2553 361 2596 49.
376 2572 418 2578 -—-
431 2562 444 2577 2
459 2555 573 2587 Matth.
596 2567 662 2597 xix,
680 2565 733 2592 21.
751 2574 792 2580 --
807 2555 821 2579 3
839 2557 918 2589 Psal.
938 2569 1068 2596 mxxix,
1086 2557 1201 2590 1.—4
1219 2558 1298 2590 Psal.
1316 2569 1362 2601 iz,
1380 2558 1409 2591 5.

33 2623 74 2629 —
92 2605 106 2629 ⁵
125 2609 203 2640 Gen.
226 2620 261 2650 n,
279 2617 334 2642 20.
356 2625 397 2632 -—
412 2608 428 2633 6
443 2609 590 2652 Psal.1x‚
613 2610 644 2643 5.
