1833 3284
358 273 443 314 460
783 285 816 313 s.
854 284 1086 315 ΛυαυεΤῐΝι
1118 286 1302 314 ΕΡῙεοοΡῐ

350 361 479 395 terra.
505 352 602 396 Non
621 351 750 409 gratis
774 351 896 396 audis
919 372 928 397 ι
952 354 1133 397 Sursum
1158 367 1247 406 cor,
1269 366 1324 395 ne
1345 359 1534 412 putreat.
1562 353 1680 409 Ergo
1699 358 1746 394 et

349 431 398 466 tu
425 421 519 465 lcva
533 423 623 482 jam
647 422 796 467 oculos
817 433 913 468 tuos
932 439 1100 482 semper
1122 423 1166 466 in
1184 426 1323 467 Deum
1339 458 1349 478 ‚
1375 431 1425 466 nt
1451 423 1596 466 firmet
1616 436 1747 480 super

348 502 392 536 tc
415 492 564 537 oculos
592 509 706 538 suos.
749 494 833 539 Scd
861 494 970 555 quid
992 494 1116 538 times
1135 509 1205 549 nc⁷
1233 510 1335 538 cum
1355 493 1490 538 habes
1515 491 1664 537 oculos
1686 492 1742 536 ad

350 567 491 608 Deum
511 600 521 618 ,
548 564 744 609 offendas
760 601 770 620 ‚
799 581 853 609 ne
876 581 965 610 non
985 566 1184 626 respicias
1207 575 1309 610 ante
1332 574 1395 621 te,
1417 574 1460 609 et
1475 564 1748 610 forteincur-

348 650 415 679 ras
438 635 482 678 in
506 634 748 695 laqueum?
773 635 873 681 Noli
895 637 1063 681 timere.
1087 637 1154 680 Ibi
1179 637 1295 681 enim
1326 645 1428 681 sunt
1450 635 1566 681 oculi
1589 636 1743 695 ipsius,

348 721 461 765 quos
484 706 749 751 obfirmabat
769 722 899 767 super
917 717 975 752 te.
997 727 1014 747 «
1030 706 1189 762 Nolite,
1204 707 1371 768 inquit,
1391 706 1563 752 solliciti
1576 709 1705 751 essel.
1726 726 1743 748 »

347 779 406 821 Et
428 777 648 836 apostolus
668 781 821 822 Petrus
838 798 846 823 :
868 798 884 819 «
901 780 1089 823 Omnem
1109 777 1448 823 sollicitudinem
1465 787 1653 825 vestram
1675 793 1750 821 su-

351 866 371 888 »
407 863 485 907 per
515 846 640 891 illum
677 848 861 904 mittite,
891 849 994 909 quia
1026 848 1091 893 illi
1124 865 1229 894 cura
1261 858 1324 893 est
1347 848 1402 894 de
1426 848 1593 893 vobis2.
1632 851 1749 906 Ergo

351 936 372 959 »
409 918 656 964 obfirmabo
679 935 809 979 super
834 929 875 964 te
898 919 1048 965 oculos
1071 936 1204 964 meos.
1229 938 1248 961 »
1272 923 1339 964 Tu
1361 935 1464 979 ergo
1486 918 1636 964 oculos
1652 928 1750 963 tuos

346 989 392 1033 in
422 987 548 1033 illum
570 990 687 1049 erige
701 1027 715 1046 ,
752 1000 794 1034 et
828 1007 919 1036 non
941 991 1115 1035 timebis
1131 1027 1142 1046 ‚
1174 999 1224 1036 ut
1245 990 1332 1035 dixi
1351 1026 1362 1046 ,
1396 1006 1452 1034 ne
1473 990 1520 1033 in
1541 990 1751 1050 laqueum

347 1059 561 1105 incurras.
598 1060 715 1105 Audi
748 1061 883 1106 alium
907 1061 1151 1117 Psalmum‚
1183 1061 1353 1106 «Oculi
1384 1061 1470 1105 mei
1504 1076 1674 1121 semper
1695 1060 1752 1105 ad

354 1149 374 1172 »
411 1131 664 1176 Dominum.
689 1152 706 1172 »
734 1135 791 1176 Et
812 1133 935 1193 quasi
953 1133 1172 1177 diceretur
1193 1132 1280 1188 illi,
1305 1152 1323 1173 «
1346 1131 1463 1187 Quid
1487 1132 1575 1190 agis
1593 1131 1648 1176 de
1670 1146 1751 1192 pe—

347 1201 477 1246 dibus
499 1203 609 1257 tuis,
635 1217 737 1246 cum
761 1218 850 1247 non
884 1212 986 1247 ante
1022 1213 1064 1247 te
1087 1203 1308 1248 attendis?
1345 1223 1363 1243 «
1390 1203 1609 1257 Quoniam
1638 1203 1747 1260 ipse,

352 1290 373 1313 »
409 1273 581 1332 inquit,
609 1273 767 1318 evellet
789 1274 843 1317 de
872 1273 1032 1334 laqueo
1053 1275 1186 1334 pedes
1209 1276 1369 1319 meosss.
1395 1274 1651 1318 Ohfirmabo
1674 1289 1751 1317 su-

359 1364 376 1385 »
412 1360 491 1403 per
512 1354 556 1388 te
577 1344 727 1389 oculos
756 1361 890 1390 meos.
916 1364 936 1386 »

409 1418 558 1460 XXII.
595 1417 800 1461 Promisit
834 1417 936 1461 huie
971 1426 1014 1462 et
1049 1417 1323 1462 intellectum
1348 1426 1391 1461 et
1431 1416 1751 1477 protectionem

348 1502 471 1530 suam
497 1507 505 1531 :
528 1488 742 1532 convertit
764 1503 808 1532 se
826 1487 881 1532 ad
903 1489 1113 1547 superbos
1136 1487 1422 1532 defendentes
1443 1496 1620 1547 peccata
1643 1503 1719 1531 sua
1735 1522 1746 1542 ‚

349 1567 391 1601 et
419 1558 609 1602 ostendit
637 1559 763 1603 nobis
797 1558 905 1620 quid
941 1560 994 1603 sit
1028 1559 1291 1604 intellectus.
1323 1558 1497 1605 «Nolite
1519 1574 1608 1603 esse
1637 1558 1752 1603 sicut

352 1647 372 1669 »
409 1645 547 1689 equus
571 1639 614 1673 et
642 1629 811 1685 mulus,
847 1630 1005 1691 quibus
1025 1645 1115 1674 non
1143 1640 1206 1675 est
1228 1629 1519 1674 intellectus4.
1545 1648 1565 1671 »
1595 1632 1750 1690 Equus

348 1709 392 1743 ct
414 1698 559 1743 mulus
582 1710 723 1745 erecta
746 1701 914 1745 cervice
937 1710 1053 1745 sunt.
1079 1703 1178 1745 Non
1201 1710 1303 1744 sunt
1333 1716 1471 1760 equus
1499 1709 1543 1744 et
1573 1700 1719 1744 mulus
1736 1736 1746 1755 ‚

347 1771 460 1814 sicut
498 1770 569 1814 illc
604 1771 681 1815 hos
713 1772 788 1831 qui
818 1771 993 1830 agnovit
1027 1786 1315 1830 possessorem
1346 1787 1473 1815 suum
1493 1806 1503 1826 ‚
1539 1781 1582 1815 et
1607 1771 1750 1815 asinus

347 1858 541 1902 praesepe
563 1842 729 1886 domini
752 1843 817 1886 sui
834 1846 864 1887 5.
897 1863 915 1885 «
934 1842 1077 1888 Nolite
1100 1859 1188 1886 esse
1210 1844 1321 1887 sicut
1344 1859 1482 1903 equus
1505 1852 1547 1886 et
1575 1843 1720 1887 mulus
1735 1879 1746 1895 ,

351 1933 372 1956 »
408 1914 568 1974 quibus
589 1930 678 1958 non
695 1923 758 1958 est
774 1913 1037 1958 intellectus.
1066 1934 1082 1952 »ι
1105 1914 1222 1967 Quid
1244 1914 1359 1958 enim
1373 1915 1600 1974 patiuntur
1614 1913 1750 1959 tales?

355 2005 375 2027 «
414 1988 465 2028 In
499 1984 623 2029 freno
647 1994 690 2028 et
710 2000 834 2029 camo
857 1983 1054 2028 maxillas
1077 2000 1230 2029 eorum
1259 1986 1507 2044 constringe
1522 2021 1532 2040 ,
1559 1985 1635 2046 qui
1660 2001 1750 2029 non

352 2077 369 2096 »
405 2056 768 2116 appropinquant
790 2055 845 2099 ad
869 2065 911 2099 te
926 2057 957 2098 ὓ.
988 2074 1007 2096 >›
1035 2058 1187 2115 Equus
1222 2065 1265 2099 et
1286 2055 1430 2099 mulus
1457 2056 1521 2100 vis
1544 2057 1663 2099 esse?
1684 2056 1749 2100 vis

347 2141 437 2170 non
460 2127 623 2170 habere
646 2128 884 2170 sessorem?
914 2126 1251 2185 Constringetur
1274 2142 1320 2170 os
1344 2136 1468 2170 tuum
1491 2136 1534 2170 et
1558 2125 1748 2170 maxillae

347 2207 436 2242 tute
460 2197 504 2240 in
523 2197 647 2242 freno
670 2207 713 2242 et
730 2213 854 2242 camo
882 2217 890 2242 z
917 2197 1059 2257 ipsum
1082 2213 1127 2241 os
1146 2207 1270 2241 tuum
1293 2199 1631 2257 constringetur,
1658 2214 1748 2258 quo

342 2269 480 2327 jactas
503 2268 655 2312 merita
682 2277 757 2312 tua
779 2304 789 2319 ,
816 2277 858 2311 et
883 2277 993 2312 taces
1023 2277 1199 2327 peccata
1228 2277 1317 2312 tua.
1347 2268 1570 2314 «Maxillas
1593 2284 1748 2312 eorum

351 2358 370 2379 n
407 2339 682 2398 constringe,
727 2339 804 2399 qui
836 2355 925 2384 non
952 2339 1307 2400 appropinquant
1342 2339 1397 2384 ad
1427 2349 1469 2384 te
1499 2359 1506 2384 :
1538 2360 1554 2380 n
1597 2339 1745 2384 humi-

349 2409 500 2453 liando
525 2425 584 2454 se.

406 2482 576 2523 XXIII.
617 2500 637 2522 «
661 2479 803 2525 Multa
824 2479 994 2539 flagella
1016 2480 1254 2539 peccatoris
1272 2483 1302 2524 ⁷.
1332 2500 1350 2522 »
1372 2484 1470 2527 Non
1495 2489 1558 2525 est
1581 2481 1740 2526 mirum

397 2582 405 2597 ¹
426 2575 539 2607 Matth.
562 2587 609 2617 vi,
631 2576 683 2608 31.
705 2593 747 2599 —-·
771 2584 783 2599 ²
802 2588 813 2608 1
837 2579 921 2609 I‘etr.
939 2588 975 2618 v,
992 2588 1022 2619 7.
1045 2594 1087 2599 —-
1106 2575 1118 2599 3
1138 2577 1217 2611 Psal,
1235 2589 1332 2620 xxiv,
1357 2578 1405 2610 15.
1429 2595 1470 2601 —
1492 2576 1506 2607 4
1531 2578 1577 2608 m.
1596 2587 1682 2616 xxxi,
1699 2588 1738 2620 9.

351 2649 391 2654 —
406 2630 418 2654 5
439 2634 535 2671 13:111,
557 2634 587 2665 3.
611 2650 652 2656 ——
667 2632 681 2655 ὓ
704 2633 887 2676 Ρεςιῐ.κ,ῐκι,
911 2646 944 2676 ῃ.
965 2651 1006 2658 -
1027 2641 1040 2667 7
1063 2634 1146 2666 lbid.
1168 2645 1220 2667 10.
