1833 3284
221 256 463 299 E'NAnnAno
494 272 527 298 11
559 272 604 298 IN
636 269 840 298 PsALMUM
871 271 1030 310 xxxm,
1065 271 1191 299 seuit.
1227 274 1274 299 11.
1371 260 1453 298 535

76 352 96 375 »
132 335 258 392 tiam,
290 336 497 397 quoniam
527 335 606 395 ipsi
627 335 985 380 saturabuntur-¹,
1014 337 1285 396 Inquirentes
1307 345 1454 381 autem

77 424 95 445 »
130 407 365 451 Dominum
386 422 476 451 non
499 406 754 450 minuentur
774 406 893 450 omni
916 406 1049 450 bono.
1074 426 1091 448 >›
1122 407 1206 451 Sed
1227 423 1316 467 quo
1338 403 1455 452 bono

67 475 158 535 J'am
180 476 380 522 diximus.

130 548 250 592 XVI.
289 565 310 589 t<
335 548 516 602 Venite,
541 544 641 601 filii,
670 545 818 591 audite
839 561 908 590 me
924 581 934 601 ‚
959 547 1161 591 timorem
1182 547 1355 591 Domini
1376 547 1458 592 do-

73 635 94 658 »
128 618 237 662 cebo
267 634 344 663 vos
358 622 390 663 ².
419 636 439 660 »
482 618 670 674 Putatis,
695 617 873 673 fratres,
907 619 1008 678 quia
1034 632 1114 677 ego
1142 617 1241 663 dico
1268 637 1278 663 ι
1304 628 1456 678 putate

69 687 172 747 quia
203 687 343 733 David
369 687 475 733 dicit
490 723 501 744 ,
537 698 689 748 putate
716 688 818 749 quia
840 688 1074 747 Apostolus
1096 688 1201 732 dicit
1225 708 1234 733 ;
1259 688 1348 733 imo
1367 704 1455 748 pu—

68 766 157 802 tate
183 759 285 819 quia
307 759 397 818 ipse
425 759 634 803 Dominus
657 768 804 803 noster
824 761 947 803 Jesus
964 759 1162 804 Christus
1179 758 1309 804 dicit:
1337 778 1358 802 «
1374 761 1458 803 Ve-

71 847 93 870 »
127 829 218 873 nite
232 864 243 884 ‚
274 828 354 873 filii
369 864 381 886 ,
406 830 554 874 audite
575 845 660 874 me.
680 848 701 872 »
723 829 962 875 Audiamus
983 828 1109 874 illum
1131 828 1284 885 simul,
1309 829 1458 875 audite

68 898 193 943 illum
215 912 292 959 per
308 916 387 945 nos
411 919 420 945 :
447 900 603 945 docere
626 901 743 945 enim
759 900 856 946 vult
873 900 947 945 ille
964 901 1140 945 humilis
1155 936 1166 956 ,
1192 900 1266 945 ille
1282 910 1456 961 tympa-

67 971 230 1027 nizans,
248 971 322 1016 ille
340 972 565 1029 affectam,
586 972 744 1018 docere
759 989 838 1018 nos
855 972 965 1019 vult.
993 975 1050 1017 Et
1062 972 1170 1033 quid
1187 972 1318 1017 dicit:
1344 974 1457 1016 «Ve-

68 1060 91 1084 »
126 1043 216 1087 nite
226 1046 242 1098 '‚
274 1043 382 1100 filii,
408 1044 557 1088 audite
577 1059 648 1088 me
664 1079 676 1100 ,
701 1045 900 1089 timorem
929 1045 1103 1090 Domini
1121 1044 1291 1088 docebo
1311 1059 1403 1088 vos.
1435 1063 1452 1085 »

66 1116 228 1158 Doceat
255 1129 384 1174 ergo,
419 1115 692 1175 praebeamus
725 1130 901 1170 aurem,
936 1114 1209 1175 praebeamus
1236 1130 1324 1159 cor.
1359 1116 1457 1158 Non

67 1185 309 1244 aperiamus
343 1201 467 1230 aures
500 1186 639 1230 carnis
656 1220 667 1240 ‚
699 1194 743 1229 et
765 1186 908 1230 cordis
940 1184 1218 1242 claudamus3
1245 1182 1321 1228 sed
1347 1184 1459 1229 sicut

67 1255 158 1315 ipse
179 1255 288 1300 dixit
307 1257 353 1300 in
375 1256 614 1316 Evangelio
629 1292 640 1311 ‚
670 1275 694 1301 (ι
709 1258 794 1310 Qui
817 1256 950 1300 habet
972 1271 1097 1299 aures
1120 1254 1352 1310 audiendi,
1378 1268 1459 1298 au-

71 1345 89 1368 »
121 1325 256 1370 (Ιὶειῑ3.
280 1345 301 1368 »
327 1327 434 1381 Quis
457 1326 566 1372 nolit
589 1326 741 1371 audire
761 1326 992 1372 docentem
1009 1326 1230 1371 Christum
1251 1336 1329 1385 per
1351 1329 1460 1370 Pro-

67 1397 247 1456 phetam
260 1399 278 1442 Ρ
1428 1437 1452 1457 Δί

124 1469 267 1512 XVII.
305 1486 323 1508 «
343 1467 449 1521 Quis
476 1477 541 1512 est
560 1467 694 1512 homo
714 1468 790 1528 qui
817 1467 913 1512 vult
938 1468 1071 1513 vitam
1087 1502 1098 1523 ‚
1130 1477 1174 1511 et
1205 1466 1347 1526 diligit
1368 1466 1459 1510 dies

69 1555 90 1580 »
123 1537 272 1583 videre
294 1539 490 1583 bonos4?
507 1557 526 1580 »
553 1541 811 1598 Interrogat.
838 1542 992 1584 Nonne
1010 1539 1149 1583 omnis
1166 1539 1213 1582 in
1228 1538 1352 1583 vobis
1369 1554 1460 1582 res-

65 1608 252 1668 pondet,
279 1611 403 1667 Ego?
429 1612 499 1653 An
532 1609 764 1670 quisquam
789 1618 853 1653 est
874 1609 922 1653 in
957 1609 1081 1653 vobis
1106 1609 1184 1669 qui
1207 1624 1297 1653 non
1319 1608 1459 1667 diligit

66 1681 197 1725 vitam
214 1715 225 1735 ,
249 1680 295 1725 id
319 1689 382 1724 cst
398 1715 409 1735 ‚
435 1681 511 1741 qui
533 1696 622 1725 non
643 1680 740 1725 vult
762 1681 894 1725 vitam
908 1715 919 1735 ‚
945 1690 988 1724 et
1003 1697 1093 1725 non
1115 1680 1254 1739 diligit
1278 1679 1368 1724 dies
1388 1681 1458 1725 vi-

66 1750 169 1796 dere
191 1752 355 1796 bonos?
372 1755 528 1797 Nonne
542 1752 738 1812 quotidie
756 1749 839 1796 hoc
861 1753 1160 1807 murmuratis,
1189 1761 1233 1796 et
1248 1753 1333 1796 hoc
1351 1751 1460 1795 dici-

65 1824 140 1868 tis:
154 1822 361 1877 Quandiu
376 1823 455 1868 ista
467 1824 687 1883 patimur?
701 1824 905 1877 Quotidie
918 1826 1065 1884 pejora
1084 1833 1126 1867 et
1146 1825 1293 1884 pejora
1315 1843 1323 1867 :
1341 1823 1460 1883 apud

64 1903 266 1954 parentes
297 1903 466 1938 nostros
488 1894 668 1939 fuerunt
692 1894 783 1938 dies
805 1894 1012 1949 laedores,
1041 1893 1221 1938 fuerunt
1249 1894 1339 1938 dies
1365 1909 1460 1937 me-

65 1964 207 2009 liores.
238 1966 275 2008 O
298 1965 332 2009 si
352 1965 638 2022 interrogares
660 1965 774 2024 ipsos
792 1974 992 2024 parentes
1015 1974 1111 2012 tuos
1128 2000 1138 2018 ‚
1164 1964 1361 2008 similiter
1378 1964 1459 2008 tibi

67 2036 122 2079 de
138 2035 293 2079 diebus
315 2036 400 2079 suis
422 2044 763 2079 murmurarent.
786 2038 985 2078 Fuerunt
1002 2035 1117 2078 beati
1134 2043 1277 2094 patres
1294 2035 1457 2090 nostri,

66 2122 146 2151 nos
161 2106 306 2150 miseri
322 2121 486 2161 sumus,
507 2106 642 2151 malos
657 2105 748 2151 dies
765 2107 974 2150 habemus
993 2126 1003 2152 ;
1023 2105 1272 2150 dominatus
1287 2114 1351 2150 est
1367 2104 1456 2160 ille⁷

67 2177 331 2236 putabamus
363 2178 464 2238 quia
496 2176 572 2222 illo
600 2187 774 2221 mortuo
803 2185 948 2236 posset
985 2176 1163 2237 aliquod
1192 2174 1461 2234 refrigerium

69 2246 190 2304 dari3
215 2247 429 2292 deteriora
446 2257 678 2291 venerunt.
705 2249 742 2292 O
768 2251 900 2301 Deus,
926 2247 1105 2291 ostende
1127 2247 1253 2291 nobis
1272 2246 1361 2290 dies
1382 2247 1462 2290 bo-

68 2318 171 2362 nos!
198 2337 215 2357 «
229 2318 335 2371 Quis
353 2328 416 2362 est
437 2319 570 2363 homo
592 2319 667 2379 qui
685 2319 782 2363 vult
803 2320 952 2371 vitam,
978 2328 1022 2362 et
1044 2317 1185 2376 diligit
1203 2317 1348 2361 videre
1371 2317 1461 2360 dies

73 2407 94 2429 »
130 2389 297 2433 honos?
317 2407 337 2430 ))
363 2392 459 2434 Non
476 2390 547 2434 hic
564 2399 731 2450 quaerat
754 2389 842 2433 dies
868 2390 1019 2434 bonos.
1039 2392 1204 2433 Bonam
1224 2404 1313 2433 rem
1337 2404 1460 2448 quae-

71 2460 150 2513 rit,
183 2459 258 2504 sed
285 2476 374 2504 non
410 2461 454 2504 in
484 2461 660 2520 regione
696 2463 787 2521 ejus
818 2460 937 2504 illam
966 2460 1138 2521 quaerit.
1167 2459 1401 2514 Quomodo
1429 2458 1460 2500 si

121 2562 130 2578 ¹
156 2555 270 2588 Matth.
290 2567 334 2597 v,
360 2556 393 2588 6.
423 2573 464 2579 —-·
497 2563 509 2579 ²
537 2557 617 2589 psal.
639 2568 760 2598 xxxxii,
790 2566 839 2589 1¹2.
872 2575 913 2579 -—
944 2555 958 2580 3
977 2557 1091 2589 Matth.
1124 2569 1176 2599 xx,
1201 2556 1250 2589 15.
1276 2573 1318 2578 —
1343 2554 1359 2583 4
1377 2552 1454 2585 Psal-

73 2611 254 2652 xxx111213.
293 2656 297 2660 .
