1833 3284
208 225 450 257 ENARRATm
482 230 517 255 11
547 210 829 257 1N’⁹1‘sALMUM
860 229 1019 269 xxxm,
1053 232 1185 259 sEnM.
1222 233 1269 259 11.
1366 220 1450 260 543

61 293 116 337 sit
130 308 246 338 mors
262 302 541 352 peecatorum
563 293 759 352 pessima.
787 295 1014 355 Numquid
1035 311 1124 340 non
1147 295 1237 340 duo
1259 306 1383 341 erant
1403 297 1451 341 in

61 365 142 410 isto
170 364 358 420 saeculo,
384 364 503 409 dives
530 365 605 425 qui
627 364 894 409 induebatur
921 382 1116 426 purpura
1149 377 1192 411 et
1222 367 1378 426 bysso,
1399 377 1453 412 -et

62 435 324 495 epulabatur
344 435 540 495 quotidie
562 434 789 494 splendide
808 438 820 461 1
841 457 851 493 3
876 436 984 480 alter
1005 453 1170 497 pauper
1187 438 1262 498 qui
1279 437 1453 498 jacebat

62 504 118 549 ad
133 506 315 565 januam
347 506 438 565 ejus
460 504 707 561 ulcerosus,
731 514 774 549 et
803 521 930 550 canes
949 507 1186 551 veniebant
1215 516 1259 551 et
1278 507 1454 566 lingue-

61 576 172 621 bant
191 575 336 621 ulcera
355 578 463 637 ejus,
479 586 524 621 et
545 576 818 621 desiderabat
840 577 1023 622 saturari
1047 576 1102 621 de
1124 579 1244 623 micis
1264 595 1364 639 quae
1385 595 1454 624 ca-

63 646 226 691 debant
261 646 316 691 de
347 662 494 691 mensa
527 646 700 691 divitis?
731 647 925 706 Contigit
962 658 1107 692 autem
1140 649 1249 692 mori
1278 649 1456 709 inopem

61 716 184 761 illum
199 753 209 772 ,
246 718 406 777 (justus
440 727 533 762 erat
567 717 640 761 ille
661 719 787 778 inops
807 720 853 777 ,)
886 728 929 762 et
950 717 1110 762 auferri
1133 718 1188 762 ab
1210 720 1388 778 Angelis
1409 720 1456 763 in

63 788 205 832 sinum
227 780 431 832 Abrahae.
458 789 542 842 Qui
570 789 740 833 viderat
762 804 920 849 eorpus
940 789 1054 833 illius
1073 791 1216 849 jacere
1244 789 1300 833 ad
1320 789 1456 834 limen

64 858 222 912 divitis,
242 868 285 902 et
306 875 394 903 non
414 875 503 904 esse
521 859 596 920 qui
618 859 833 919 sepeliret,
855 870 1019 920 quanta
1041 859 1153 904 forte
1172 859 1368 904 diceret?
1388 860 1456 905 Sic

62 931 272 974 moriatur
297 929 370 973 ille
391 930 591 974 inimicus
613 946 735 974 meus
753 966 763 984 ,
796 941 839 975 et
869 930 942 974 ille
967 932 1043 992 qui
1067 947 1136 974 me
1154 931 1452 991 persequitur,

63 1001 124 1044 510
151 999 277 1043 illum
313 1001 500 1044 videam.
534 1004 772 1045 Execratur
803 1017 959 1062 corpus
991 1011 1120 1061 sputo
1139 1038 1148 1056 ,
1175 1012 1332 1061 putent
1357 1001 1456 1046 vnl-

63 1086 191 1128 nera3
216 1080 259 1115 et
275 1070 349 1115 ille
370 1071 416 1114 in
445 1072 543 1115 sinu
562 1072 751 1115 Abrahae
781 1073 1024 1132 requiescit.
1060 1073 1102 1117 Si
1125 1072 1359 1117 Christiani
1381 1088 1456 1115 su-

64 1158 183 1196 mus,
214 1143 442 1186 credamus
467 1162 476 1187 ;
511 1144 545 1187 51
568 1159 656 1187 non
679 1144 896 1187 eredimus
912 1179 923 1198 ,
951 1143 1124 1199 fratres,
1150 1159 1279 1187 nemo
1302 1159 1346 1187 se
1368 1144 1455 1186 fin-

66 1222 137 1271 gat
158 1214 468 1258 Christianum.
502 1213 630 1258 Fides
660 1230 737 1258 nos
767 1214 979 1273 perducit.
1003 1214 1236 1267 Quomodo
1252 1213 1326 1257 illa
1348 1213 1456 1257 dixit

66 1284 297 1338 Dominus,
322 1284 382 1328 sic
403 1294 519 1328 sunt.
558 1289 627 1328 An
660 1300 761 1329 vero
793 1285 896 1328 dicit
927 1285 1007 1328 tibi
1029 1284 1385 1338 mathematicus,
1412 1293 1456 1328 et

65 1370 217 1399 verum
252 1365 338 1413 est,
371 1356 477 1400 dicit
504 1356 702 1400 Christus
721 1391 732 1411 ,
767 1365 809 1400 et
837 1355 997 1399 falsum
1025 1358 1118 1400 est?
1146 1355 1274 1409 Quali
1307 1364 1454 1398 autem

65 1437 207 1471 morte
226 1437 426 1472 mortuus
449 1437 523 1471 est»
545 1427 614 1471 ille
640 1428 788 1471 dives?
814 1427 962 1481 Qualis
990 1443 1106 1471 mors
1135 1442 1224 1471 esse
1246 1426 1390 1486 potuit
1411 1426 1457 1470 in

68 1513 260 1557 purpura
277 1507 321 1542 et
337 1498 481 1556 bysso,
502 1514 633 1558 quam
657 1507 926 1557 sumptuosa,
950 1513 1081 1558 quam
1100 1499 1340 1557 pomposa?
1357 1511 1456 1556 quae

69 1570 264 1629 exequiae
287 1568 452 1613 funeris
480 1570 540 1612 ibi
575 1572 727 1613 erant?
749 1570 924 1630 quantis
950 1569 1214 1613 aromatibus
1235 1566 1456 1627 sepultum

69 1649 133 1684 est
155 1639 265 1684 illud
293 1639 507 1685 cadaver?
538 1644 595 1685 Et
615 1650 760 1685 tamen
785 1656 885 1685 cum
908 1641 1026 1700 apud
1049 1638 1208 1684 inferos
1231 1638 1457 1683 tormentis

70 1721 194 1766 esset,
220 1710 477 1755 desideravit
495 1727 544 1755 ex
560 1711 674 1755 illius
691 1712 931 1771 contempti
950 1711 1148 1770 pauperis
1165 1710 1299 1769 digito
1315 1709 1459 1754 instil-

70 1781 149 1826 lari
169 1798 293 1842 aquae
319 1791 485 1840 guttam
508 1782 677 1826 ardenti
700 1782 863 1840 linguae
887 1798 975 1826 suae
990 1817 1001 1836 ,
1027 1797 1171 1842 neque
1194 1780 1455 1841 impetravit.

55 1853 231 1897 ‘Discite
253 1868 356 1911 ergo
378 1851 486 1912 quid
507 1853 561 1896 sit
577 1887 587 1906 ,
618 1871 636 1894 «
662 1855 779 1897 Mors
807 1861 1085 1911 peecatorum
1112 1851 1296 1911 pessima
1322 1870 1331 1896 ε
1365 1869 1385 1892 »
1418 1859 1462 1894 et

72 1922 208 1967 nolite
235 1923 500 1980 interrogare
529 1931 682 1966 stratos
704 1922 900 1981 pretiosis
917 1922 1107 1966 vestibus
1123 1921 1257 1966 lectos
1274 1957 1284 1976 ,
1305 1930 1348 1964 et
1365 1936 1461 1965 car-

73 2009 174 2038 nem
206 1993 356 2038 multis
388 1993 547 2038 divitiis
583 1993 861 2048 obvolutam,
898 1992 1220 2036 lamentationis
1253 2007 1461 2052 pompam

74 2065 347 2120 exhibentes,
368 2065 647 2125 plangentem
669 2063 877 2108 familiam
891 2099 901 2119 ,
926 2064 1102 2108 turbam
1124 2063 1463 2127 obsequentium

75 2135 392 2194 praecedentem
425 2152 474 2180 ac
507 2145 758 2197 sequentem
776 2171 787 2190 ,
818 2151 920 2180 cum
942 2151 1099 2195 eorpus
1121 2135 1317 2190 effertur,
1353 2150 1465 2178 mar-

77 2216 265 2251 moratas
297 2216 553 2268 auratasque
590 2207 833 2251 memorias.
859 2209 970 2252 Nam
992 2207 1026 2250 si
1047 2207 1139 2251 haec
1161 2206 1435 2265 interrogatis
1450 2241 1462 2261 ,

77 2277 343 2338 respondent
357 2278 481 2323 vobis
502 2277 676 2328 falsum,
695 2277 815 2337 quod
827 2278 1068 2322 multorum
1090 2293 1179 2322 non
1200 2277 1354 2322 leviter
1370 2291 1468 2337 pec-

78 2359 298 2405 catorum,
325 2349 400 2393 sed
422 2349 601 2393 omnino
618 2348 925 2393 sceleratorum
948 2363 1062 2392 mors
1086 2348 1247 2407 optima
1271 2357 1359 2404 est,
1390 2348 1468 2409 qui

80 2420 140 2464 sic
164 2419 338 2480 plangi,
368 2419 427 2464 sic
447 2418 641 2474 condiri,
674 2419 733 2463 510
755 2419 953 2477 contegi,
988 2419 1047 2463 sic
1070 2418 1235 2473 efferri,
1261 2419 1321 2463 510
1342 2434 1468 2478 sepe-

80 2490 150 2535 liri
170 2500 439 2535 meruerunt.
467 2489 552 2536 Sed
574 2491 837 2549 interrogate
858 2489 1147 2549 Evangelium
1159 2525 1175 2545 ,
1198 2499 1243 2534 et
1269 2489 1470 2535 ostendet

130 2582 139 2598 ¹
161 2577 236 2609 Luc.
257 2587 323 2617 xvr,
342 2575 452 2618 19-25.
