1833 3284
170 299 413 333 mumulo
445 305 497 331 111
528 306 574 332 m
605 303 810 332 PsALMUM
839 303 980 343 xxxn,
1014 303 1140 331 ssim.
1176 305 1224 331 11.
1300 290 1381 331 491

1 381 72 417 tus
95 371 200 432 ejus.
229 373 332 430 ‘Ipse
353 370 634 430 congregavit
659 369 780 415 velut
802 370 847 413 in
868 379 1011 414 utrem
1041 385 1198 431 aquam
1220 370 1348 414 maris
1374 389 1384 415 ε
1406 391 1411 395 -

1 441 196 487 mortalis
218 440 342 502 pellis
364 442 557 500 contegit
587 457 778 486 amaram
811 441 1133 500 cogitationem.
1170 441 1388 486 Timentes

2 514 119 559 enim
142 512 247 574 pelli
267 529 356 558 suae
372 547 384 569 ,
408 512 526 557 intus
547 521 699 557 tenent
725 512 846 572 quod
877 527 967 556 non
989 511 1153 556 audent
1175 512 1387 557 emittere.

2 588 112 632 Nam
131 584 285 628 eadem
301 592 365 628 est
393 584 637 628 amaritudo
663 604 672 629 ε
698 583 757 628 sic
777 583 985 638 oderunt,
1013 583 1072 627 sic
1100 583 1386 627 detestantur.

6 656 91 702 Sed
111 655 234 716 quod
254 665 361 700 tunc
376 664 523 715 aperte
537 655 762 710 saeviebat,
783 670 901 698 nunc
924 653 1121 712 occulte,
1141 653 1251 715 quid
1271 653 1392 697 aliud

3 726 147 772 dicam
172 742 303 787 quam
334 726 456 787 quod
477 725 644 770 dictum
666 735 729 770 est
745 760 756 781 ,
783 745 803 768 «
818 724 1009 770 Frendet
1026 761 1036 781 ,
1061 734 1104 769 et
1120 725 1342 769 tabescet?
1367 743 1388 766 »

3 800 88 843 Eat
103 812 205 857 ergo
225 797 439 854 Ecclesia,
464 796 661 842 ambulet
680 817 689 841 :
709 795 824 841 facta
846 806 909 840 est
924 797 1014 852 via,
1036 805 1168 841 strata
1180 798 1274 854 (19)
1288 811 1392 841 nos—

3 878 71 914 tra
89 869 144 914 ab
161 870 422 929 imperatore
439 869 607 913 munita
623 877 702 913 est.
723 871 986 913 Ferveamus
1009 868 1055 911 in
1076 867 1303 911 itineribus
1317 866 1395 911 bo-

3 955 165 984 norum
196 955 401 1000 operum,
438 940 523 984 hoc
561 948 625 984 est
652 939 768 983 enim
790 937 1015 982 ambulare
1038 947 1252 982 nostrum.
1276 939 1332 981 Et
1361 936 1396 981 si

5 1010 185 1072 quando
206 1011 398 1056 existunt
418 1012 707 1056 tentationum
723 1026 932 1070 pressurae
950 1008 1067 1053 unde
1081 1025 1171 1053 non
1192 1009 1397 1068 speraba—

6 1091 94 1138 tur,
117 1083 208 1142 jam
230 1081 500 1141 congregatis
519 1081 641 1126 velut
667 1082 713 1125 in
735 1090 879 1127 utrem
901 1080 1023 1141 aquis
1051 1080 1179 1124 maris
1196 1115 1207 1134 ,
1231 1077 1397 1123 intelli-

7 1168 158 1212 gamus
181 1153 417 1198 Dominum
437 1152 582 1197 facere
596 1153 680 1197 hoc
702 1151 758 1196 ad
775 1151 1049 1212 disciplinam
1065 1186 1076 1206 ,
1098 1160 1148 1194 ut
1165 1150 1353 1194 excutiat
1373 1165 1398 1193 a

6 1223 134 1269 nobis
163 1222 278 1268 male
297 1222 602 1284 praefidentem
623 1222 678 1267 de
699 1222 1014 1282 temporalibus
1034 1221 1333 1274 securitatem,
1356 1228 1401 1263 et

7 1295 166 1355 dirigat
193 1311 272 1340 nos
298 1295 345 1339 in
372 1309 556 1352 regnum
583 1309 712 1338 suum
739 1293 980 1353 composito
1011 1291 1239 1336 desiderio.
1269 1289 1401 1344 Quod

8 1365 270 1411 desiderium
292 1364 650 1410 tribulationibus
678 1364 781 1408 hinc
803 1373 934 1424 atque
958 1364 1061 1407 hinc
1087 1361 1401 1407 contundenti-

8 1438 91 1483 bus
113 1436 387 1498 producitur,
412 1445 462 1481 ut
479 1436 612 1481 simus
634 1435 783 1480 canori
801 1435 978 1479 auribus
995 1434 1168 1478 Domini
1190 1442 1402 1493 tanquam

9 1509 131 1556 tubae
153 1508 353 1553 ductiles.
381 1508 556 1553 Dictum
585 1516 648 1551 est
667 1507 783 1551 enim
805 1516 849 1550 et
871 1507 955 1550 hoc
977 1506 1024 1549 in
1052 1504 1230 1549 Psalmis
1245 1540 1256 1560 ,
1281 1514 1332 1547 ut
1356 1503 1404 1546 in

9 1581 127 1626 tubis
159 1579 396 1625 ductilibus
427 1579 656 1624 laudemus
679 1582 819 1634 Deum
836 1580 865 1622 ¹.
895 1578 1017 1622 Tuba
1044 1576 1219 1621 ductilis
1247 1574 1404 1619 malleo

9 1651 286 1713 producitur,
305 1651 366 1695 ita
383 1650 668 1696 christianum
679 1665 754 1695 cor
772 1649 819 1693 in
834 1652 975 1694 Deum
991 1662 1290 1708 pressurarum
1306 1644 1404 1706 pla-

13 1723 76 1783 gis
97 1721 364 1767 extenditur.
1403 1726 1408 1731 ·

71 1796 152 1838 XI.
187 1793 514 1838 Meminerimus
536 1806 662 1850 ergo,
692 1792 869 1847 fratres,
889 1792 979 1851 jam
1011 1790 1077 1834 his
1106 1788 1404 1848 temporibus,

12 1865 174 1929 quibus
206 1873 467 1923 congregata
500 1873 564 1908 est
598 1862 721 1908 velut
749 1863 794 1906 in
817 1872 959 1906 utrem
982 1877 1095 1922 aqua
1126 1860 1279 1914 maris,
1318 1874 1409 1903 non

14 1935 161 1980 deesse
181 1938 273 1979 Deo
294 1934 415 1978 unde
435 1932 629 1993 proferat
658 1949 749 1994 quo
770 1948 848 1978 nos
880 1932 1110 1988 emendet,
1135 1946 1235 1975 cum
1256 1944 1408 1973 emen-

14 2006 192 2052 datione
214 2006 341 2051 nobis
363 2021 473 2065 opus
495 2015 573 2050 est.
605 2004 710 2050 Ideo
728 2005 846 2049 enim
866 2004 1065 2064 sequitur
1092 2023 1101 2048 :
1131 2022 1150 2044 «
1172 2006 1343 2046 Ponens
1363 2001 1410 2045 in

20 2099 39 2122 »
73 2078 286 2124 thesauris
321 2078 513 2136 abyssos.
539 2095 560 2119 »
586 2078 827 2122 Thesauros
850 2076 928 2121 Dei
951 2075 1056 2120 dicit
1077 2084 1290 2119 secretum
1312 2072 1406 2117 Dei.

14 2149 146 2196 Novit
161 2149 234 2193 ille
253 2148 452 2194 omnium
469 2147 620 2204 corda,
645 2147 755 2209 quid
776 2148 833 2192 ad
854 2157 1027 2207 tempus
1049 2144 1266 2206 proferat,
1290 2142 1411 2187 unde

16 2221 232 2283 proferat,
257 2230 467 2281 quantam
487 2230 749 2280 potestatem
771 2220 938 2264 tribuat
956 2218 1080 2263 malis
1099 2218 1145 2261 in
1166 2217 1327 2269 bonos,
1358 2213 1414 2258 ad

11 2291 273 2355 judicandos
293 2292 474 2352 quidem
496 2291 654 2347 malos,
681 2291 944 2337 erudiendos
968 2299 1114 2334 autem
1137 2288 1292 2332 bonos.
1318 2288 1410 2331 No-

19 2365 81 2410 vit
102 2361 328 2424 quomodo
361 2363 456 2407 haec
492 2372 612 2422 agat,
650 2363 727 2424 qui
754 2362 879 2423 ponit
903 2362 950 2406 in
980 2360 1189 2406 thesauris
1218 2359 1410 2416 abyssos.

20 2435 119 2479 Fiat
130 2449 232 2492 ergo
246 2432 367 2494 quod
375 2433 572 2494 sequitur
588 2453 596 2478 :
617 2435 813 2478 «Timeat
824 2434 1060 2478 Dominum
1071 2431 1212 2476 omnis
1221 2440 1334 2474 terra
1343 2432 1375 2472 ².
1390 2445 1410 2469 »

20 2508 119 2552 Non
143 2505 351 2565 glorietur
374 2505 562 2565 superba
590 2504 743 2550 laetitia
765 2505 992 2549 temeraria
1021 2501 1310 2556 exultatione,
1344 2499 1413 2543 di-

22 2592 124 2622 cens
147 2596 158 2622 :
182 2580 207 2621 J
211 2592 281 2621 am
297 2586 558 2636 congregata
578 2586 643 2621 est
659 2576 782 2622 velut
796 2577 843 2621 in
856 2586 1001 2622 utrem
1012 2591 1126 2635 aqua
1140 2573 1292 2627 maris,
1316 2570 1414 2631 quis

72 2670 82 2687 ¹
102 2663 183 2696 Psal.
198 2674 296 2705 xcvii,
313 2663 347 2695 6.
364 2680 406 2686 —-
426 2670 439 2686 ²
459 2664 505 2695 Id.
521 2674 622 2705 xxxii,
641 2663 673 2696 8.
1486 2663 1510 2673 ²
