1833 3284
253 307 496 340 ENARRATIO
527 311 560 336 11
592 311 639 338 nv
670 309 873 338 PsALMUM
904 308 1046 347 xxxn,
1082 307 1208 336 snam,
1245 309 1275 334 1.
1361 293 1445 334 473

59 388 104 423 et
123 379 330 423 hortatur
350 385 401 422 ut
423 391 615 437 pugnes,
631 385 674 420 et
696 376 874 437 adjuvat
893 385 943 419 ut
963 376 1110 420 vincas
1124 411 1134 430 ,
1151 383 1195 419 et
1208 382 1448 419 certantem

59 457 348 509 expectat‚,et
375 447 649 491 deficientem
671 446 891 501 sublevat,
918 455 960 489 et
976 446 1225 490 vincentem
1249 454 1444 489 coronat.

57 522 176 579 Ergo
191 554 201 574 ,
232 538 252 561 «
276 517 479 562 Exultate
496 518 602 578 justi
622 518 668 561 in
692 516 906 561 Domino:
927 535 946 557 »
975 517 1059 560 hoc
1089 515 1286 570 dixerim,
1313 514 1450 559 Exul-

58 599 148 634 tate
171 587 321 633 fideles
341 588 388 632 in
411 588 596 633 Domino
611 623 622 643 ,
642 587 744 648 quia
760 588 903 648 justus
926 602 977 631 ex
997 585 1083 631 fide
1100 586 1222 631 vivit.
1255 605 1275 628 «
1291 589 1451 630 Rectos

60 678 81 703 »
107 660 232 704 decet
251 658 486 703 laudati01.
516 677 536 699 n
557 659 715 704 Discite
730 659 884 718 gratias
902 673 1026 716 agere
1041 661 1132 703 Deo
1146 666 1189 701 et
1206 657 1251 700 in
1268 672 1452 717 prospe-

58 730 259 775 ritatibus
271 738 315 774 et
324 729 370 773 in
385 729 755 773 tribulationibus.
772 729 930 773 Discite
943 728 1107 772 habere
1118 728 1165 772 in
1182 727 1313 772 corde
1330 726 1454 788 quod

57 800 192 846 habet
208 799 347 844 omnis
368 799 501 844 homo
516 799 562 842 in
576 798 724 857 lingua
745 797 900 852 :Quod
920 797 1016 842 vult
1034 801 1164 842 Deus.
1187 801 1285 858 Ipsa
1302 797 1454 856 lingua

56 869 303 930 popularis,
338 868 599 929 plerumque
636 877 701 913 est
739 867 935 913 doctrina
972 867 1183 913 salutaris.
1221 868 1328 922 Quis
1362 883 1455 912 non

58 940 256 1002 quotidie
285 939 414 985 dicit:
437 940 569 994 Quod
595 939 692 985 vult
727 943 841 985 Deus
862 941 947 984 hoc
970 942 1092 998 agat?
1115 942 1173 984 Et
1202 948 1346 983 rectus
1373 939 1456 984 erit

59 1012 173 1056 inter
189 1027 261 1056 eos
277 1013 355 1072 qui
377 1010 574 1055 exultant
594 1011 640 1055 in
662 1010 866 1066 Domino,
893 1019 936 1054 et
958 1026 1067 1070 quos
1086 1009 1212 1055 decet
1228 1008 1424 1054 laudatio
1442 1028 1452 1054 :

60 1081 210 1143 quales
224 1081 465 1142 alloquitur
485 1090 804 1142 consequenter
826 1080 1021 1126 Psalmus
1036 1116 1047 1136 ,
1073 1089 1117 1125 et
1134 1080 1265 1135 dicit,
1292 1099 1312 1122 «
1334 1082 1456 1124 Con-

61 1172 83 1196 »
104 1154 289 1198 fitemini
309 1154 497 1198 Domino
518 1153 564 1197 in
587 1153 752 1197 cithara
768 1188 778 1208 ,
803 1153 848 1196 in
870 1152 1076 1212 psalterio
1095 1151 1247 1196 decem
1269 1150 1458 1195 chorda-

63 1242 84 1266 »
105 1239 202 1268 rum
220 1222 391 1284 psallite
408 1223 447 1267 ei
462 1225 494 1267 2.
524 1241 545 1264 »
567 1226 661 1267 Hoc
683 1223 800 1267 enim
823 1223 953 1266 etiam
985 1223 1119 1266 modo
1143 1222 1426 1266 cantabamus
1442 1256 1453 1275 ,

59 1296 144 1340 hoc
166 1310 241 1339 ore
264 1310 460 1339 consono
491 1295 803 1354 exprimentes,
841 1291 972 1337 corda
994 1302 1135 1337 vestra
1172 1291 1452 1336 docebamus.

119 1368 173 1410 V.
194 1369 350 1412 Nonne
372 1365 418 1410 id
440 1366 530 1424 egit
560 1365 777 1410 institutio
805 1365 852 1408 in
882 1364 1061 1408 nomine
1092 1363 1253 1408 Christi
1274 1362 1457 1421 Vigilia-

61 1452 159 1481 rum
187 1439 304 1495 (19),
327 1445 379 1480 ut
409 1452 461 1480 ex
493 1436 576 1480 isto
603 1435 701 1480 loco
733 1436 910 1479 citharae
944 1433 1248 1494 pellerentur?
1270 1436 1328 1476 Et
1359 1447 1459 1476 ecce

60 1508 166 1568 ipsae
180 1507 397 1567 jubentur
422 1522 575 1551 sonare
600 1526 610 1551 ι
640 1526 659 1548 «
684 1505 987 1560 Confitemini,
1019 1505 1184 1565 inquit,
1207 1503 1395 1548 Domino
1412 1502 1460 1546 in

63 1597 85 1621 »
111 1579 292 1634 cithara,
306 1578 351 1622 in
364 1577 567 1638 psalterio
581 1577 732 1622 decem
751 1576 1014 1621 chordarum
1027 1575 1199 1635 psallite
1219 1575 1302 1618 ei.»
1319 1576 1460 1618 Nemo

62 1659 289 1694 convertat
311 1665 386 1694 cor
408 1649 463 1692 ad
480 1664 642 1706 organa
664 1647 894 1692 theatrica.
920 1645 1051 1699 Quod
1073 1646 1112 1689 ei
1130 1645 1327 1705 jubetur,
1352 1644 1399 1687 in
1416 1659 1461 1687 se

61 1720 224 1775 habet,
251 1720 364 1764 sicut
385 1719 490 1763 alibi
512 1718 688 1773 dicitur,
718 1737 738 1759 «
756 1720 808 1760 In
826 1732 895 1760 me
917 1725 1035 1771 sunt,
1061 1719 1194 1770 Deus,
1217 1724 1318 1759 vota
1333 1749 1343 1769 ,
1360 1729 1462 1773 quae

69 1789 290 1835 «reddam
312 1789 454 1834 laudis
476 1789 601 1832 tibiss.
632 1807 652 1829 »
690 1787 988 1833 Meminerunt
1016 1786 1092 1847 qui
1119 1785 1291 1845 pridem
1319 1785 1462 1828 affue-

63 1870 195 1917 runt,
220 1860 399 1921 quando
419 1859 527 1921 quid
551 1859 720 1903 intersit
741 1859 855 1902 inter
876 1857 1131 1918 psalterium
1158 1865 1202 1900 et
1224 1856 1459 1910 citharam,

64 1933 178 1977 sicut
202 1932 426 1992 potuimus
457 1945 657 1975 sermone
684 1929 986 1983 discrevimus,
1020 1937 1063 1971 et
1100 1926 1155 1971 ad
1184 1925 1461 1971 intellectum

66 2003 265 2048 omnium
285 2001 526 2062 perducere
537 2000 710 2045 interim
729 1999 873 2044 conati
884 2013 1033 2042 sumus
1051 2018 1060 2042 ε
1081 2006 1299 2057 quantum
1314 2006 1463 2040 autem

67 2073 363 2127 effecerimus,
382 2070 574 2117 viderint
595 2070 672 2131 qui
695 2069 946 2114 audierunt.
970 2071 1026 2113 Et
1048 2084 1168 2112 nunc
1190 2083 1281 2111 non
1302 2067 1466 2126 impor-

69 2153 176 2189 tune
195 2143 433 2203 repetimus
444 2177 455 2196 ,
470 2150 521 2186 ut
531 2141 577 2185 in
589 2141 668 2184 ista
682 2139 932 2184 diversitate
946 2139 1136 2182 duorum
1158 2138 1465 2181 instrumento-

70 2229 169 2258 rum
197 2213 488 2267 musicorum,
520 2211 816 2256 diversitatem
847 2211 1065 2254 factorum
1087 2210 1384 2253 humanorum
1400 2208 1466 2251 in-

69 2284 295 2330 veniamus
311 2318 322 2338 ,
351 2282 638 2342 significatam
665 2297 743 2341 per
770 2281 888 2334 haec,
921 2279 1191 2340 implendam
1218 2288 1365 2323 autem
1387 2293 1467 2338 per

71 2355 205 2400 vitam
227 2363 436 2399 nostram.
462 2353 640 2398 Cithara
656 2351 827 2411 lignum
848 2350 958 2395 illud
984 2366 1225 2395 concavum
1255 2359 1466 2409 tanquam

74 2434 336 2485 tympanum
351 2424 573 2485 pendente
585 2422 805 2468 testudine
821 2458 831 2478 ,
848 2423 918 2466 cui
932 2421 1052 2481 ligno
1069 2420 1247 2466 chordae
1261 2418 1468 2464 innitun-

74 2505 169 2552 tur,
191 2505 242 2540 ut
257 2505 385 2540 tactae
406 2503 610 2539 resonent
635 2513 644 2539 ι
664 2496 682 2552 (
698 2509 788 2538 non
806 2492 1023 2552 plectrum
1045 2491 1144 2536 dico
1169 2506 1258 2551 quo
1275 2499 1468 2548 tangun-

75 2575 170 2622 tur,
201 2565 278 2611 sed
302 2565 473 2626 lignum
500 2565 613 2609 illud
644 2564 733 2609 dixi
747 2579 988 2609 concavum
1018 2564 1090 2608 cui
1115 2561 1310 2623 quodam
1333 2559 1466 2606 modo

127 2657 135 2673 ¹
151 2651 233 2684 Psat.
253 2661 354 2693 xxxii,
376 2663 404 2683 1.
420 2668 462 2674 -
478 2657 491 2674 2
511 2650 590 2683 Ibid.
612 2659 644 2682 2.
665 2667 707 2673 -
723 2647 799 2681 31d.
817 2660 870 2689 tv,
896 2657 947 2680 12.
