1833 3284
403 285 646 313 mur-namo
678 287 723 313 m
756 284 959 313 PsALMUM
992 286 1114 312 xxiv.
1370 272 1454 312 313

133 356 208 398 IV.
245 372 265 394 «
292 349 631 397 Confundantur
653 351 802 412 inique
829 350 1036 395 facientes
1060 365 1186 394 vana.
1210 367 1230 390 >J
1252 347 1456 394 Confun-

73 426 233 470 dantur
268 423 416 484 inique
448 421 676 473 facientes,
710 421 765 466 ad
794 420 1055 481 acquirenda
1086 436 1185 480 quae
1213 429 1453 464 transeunt.

77 515 97 538 «
132 495 232 539 Vias
248 503 360 549 tuas,
381 491 578 547 Domine,
599 501 723 537 notas
740 493 810 536 fac
828 491 949 546 mihi,
968 500 1011 535 et
1027 491 1198 535 semitas
1215 500 1309 534 tuas
1324 489 1459 534 edoce

76 584 97 608 >›
132 567 251 609 1ne1:
273 585 289 606 »
314 580 414 625 quae
437 579 527 608 non
548 563 648 607 latae
670 572 793 618 sunt,
815 578 895 606 nec
917 560 1245 606 multitudinem
1266 560 1321 605 ad
1342 561 1458 605 inte-

74 638 207 683 ritum
229 636 423 695 ducunt3
447 635 524 680 sed
546 645 747 694 angustas
769 644 811 679 et
835 634 980 696 paucis
1002 642 1125 679 notas
1143 633 1315 677 semitas
1336 636 1459 678 tuas‘2

74 709 208 754 edoce
228 724 313 753 me.

133 783 186 825 V.
217 799 238 823 «
266 779 410 837 Dirige
431 779 569 822 mein
598 778 778 823 veritate
810 787 883 822 tua
913 797 922 822 ε
950 795 969 818 »
1003 791 1167 821 errores
1200 773 1458 835 fugientem.

77 870 99 894 «
131 853 189 896 Et
211 849 319 896 doce
337 864 407 893 me
429 868 438 893 :
463 867 483 889 »
505 864 607 892 nam
629 864 706 909 per
722 863 791 892 me
813 848 956 908 ipsum
978 863 1067 892 non
1090 847 1213 902 novi,
1240 846 1322 890 nisi
1343 861 1465 890 men-

73 920 263 966 dacium.
300 939 320 964 ‹<
355 919 573 973 Quoniam
607 929 658 964 tu
692 934 735 963 es
767 921 881 963 Deus
915 917 1113 962 salutaris
1146 932 1268 961 meus
1300 936 1308 961 :
1345 925 1388 960 et
1421 925 1463 960 tc

77 1011 97 1035 »
133 992 316 1037 sustinui
339 1001 430 1037 tota
447 991 558 1035 diess.
583 1009 603 1032 »
624 993 775 1052 Neque
794 990 909 1034 enim
937 989 1136 1033 dimissus
1160 1005 1182 1032 a
1205 997 1248 1033 te
1270 986 1325 1032 de
1344 1003 1466 1047 para-

75 1062 210 1119 diso4,
242 1072 286 1108 et
305 1063 352 1108 in
379 1062 667 1122 longinquam
689 1062 912 1122 regionem
938 1060 1275 1121 peregrinatus⁵‚
1299 1055 1465 1118 per'me

75 1135 218 1195 ipsum
238 1135 380 1179 redire
399 1149 598 1194 possum,
619 1133 699 1178 nisi
723 1148 923 1178 occurras
948 1132 1110 1177 erranti
1135 1150 1144 1176 :
1172 1145 1273 1175 nam
1301 1130 1466 1174 reditus

76 1222 197 1251 meus
220 1215 313 1251 toto
335 1215 477 1250 tractu
499 1205 706 1264 temporis
734 1203 951 1249 saecularis
978 1200 1317 1248 misericordiam
1346 1210 1466 1246 tuam

76 1278 296 1323 sustinuit.

135 1351 210 1393 VI.
240 1368 261 1392 «
288 1347 581 1393 Reminiscere
607 1347 938 1392 miserationum
961 1355 1159 1402 tuarum,
1184 1345 1413 1391 Dominess.
1444 1362 1465 1385 »

76 1420 368 1465 Reminiscere
385 1434 568 1479 operum
584 1417 891 1462 misericordiae
909 1427 1012 1471 tuac,
1034 1417 1234 1471 Domine,
1253 1416 1355 1476 quia
1372 1424 1470 1459 tan-

76 1507 211 1552 quam
233 1490 421 1537 oblitum
444 1499 487 1535 te
507 1490 706 1535 homines
728 1498 901 1550 putant,
927 1508 946 1530 «
968 1491 1026 1533 Et
1043 1488 1143 1548 quia
1163 1485 1469 1532 misericordiae.

79 1581 99 1604 »
139 1572 225 1607 tuae
248 1578 270 1607 a
293 1561 452 1607 saeculo
481 1571 597 1606 sunt.
622 1580 642 1603 »
668 1564 726 1605 Et
746 1561 830 1605 hoc
853 1560 1150 1614 reminiscere,
1176 1559 1278 1620 quia
1299 1557 1470 1602 miseri-

77 1633 238 1678 cordiae
260 1642 347 1678 tuae
366 1649 389 1677 a
406 1632 566 1677 saeculo
585 1641 700 1676 sunt.
723 1634 961 1692 Nunquam
979 1630 1093 1674 enim
1114 1630 1205 1674 sine
1224 1628 1308 1672 illis
1326 1626 1444 1672 fuisti
1457 1663 1468 1682 ‚

78 1704 156 1764 qui
185 1704 313 1748 etiam
346 1712 603 1764 peccantem
635 1703 859 1747 hominem
892 1701 1072 1746 vanitati
1094 1699 1297 1762 quidem,
1319 1697 1393 1743 sed
1426 1699 1472 1742 in

79 1790 155 1834 spe
176 1774 421 1835 subjecisti,
447 1783 490 1819 et
512 1783 578 1818 tot
598 1774 819 1835 tantisque
847 1781 1058 1817 creaturae
1092 1781 1180 1816 tuae
1209 1769 1473 1816 consolatio-

81 1845 211 1889 nibus
233 1861 323 1890 non
345 1845 586 1890 deseruisti.

139 1919 240 1961 VII.
269 1935 291 1959 «
321 1915 488 1961 Delicta
515 1915 758 1977 juventutis
787 1930 897 1958 meae
931 1924 974 1959 et
1009 1912 1266 1973 ignorantiae
1288 1927 1397 1956 meae
1418 1927 1475 1955 ne

84 2006 104 2029 >2
140 1987 427 2031 memineris7.
448 2005 467 2028 n
487 1985 654 2030 Delicta
676 1984 935 2030 confidentis
953 1983 1148 2028 audaciae
1166 1998 1275 2027 meae
1294 1991 1336 2025 et
1353 1982 1475 2040 igno-

81 2058 232 2104 rantiae
254 2073 362 2102 meae
383 2073 439 2101 ne
455 2057 520 2102 *ad
539 2056 779 2101 vindictam
800 2071 989 2100 reserves
1005 2090 1015 2110 ,
1042 2054 1118 2099 sed
1140 2063 1348 2114 tanquam
1367 2052 1476 2096 exci-

82 2130 189 2174 dant
210 2129 304 2173 tibi.
332 2147 352 2170 «
387 2127 639 2173 Secundum
668 2127 1006 2171 misericordiam
1038 2135 1159 2170 tuam
1189 2140 1356 2168 memor
1384 2132 1476 2168 esto

86 2219 106 2242 »
140 2199 249 2255 mei,
270 2202 400 2244 Deus.
424 2217 444 2239 »
473 2202 643 2244 Memor
671 2207 762 2243 esto
784 2198 963 2258 quidem
987 2198 1094 2251 mei,
1120 2212 1210 2240 non
1231 2193 1476 2240 secundum

83 2271 192 2315 iram
220 2286 307 2330 qua
338 2285 419 2329 ego
447 2269 605 2328 dignus
626 2285 744 2323 sum,
767 2267 843 2312 sed
863 2266 1106 2312 secundum
1138 2264 1477 2310 misericordiam

84 2351 207 2386 tuam
228 2356 328 2401 quae
349 2349 392 2384 te
421 2339 551 2398 digna
572 2349 650 2385 est.
689 2359 709 2382 «
740 2343 921 2399 Propter
949 2338 1191 2382 bonitatem
1215 2346 1359 2391 tuam,
1384 2338 1475 2379 Do-

88 2430 109 2454 »
143 2412 275 2455 mine.
298 2429 319 2452 »
353 2413 452 2456 Non
476 2420 654 2470 propter
675 2411 880 2455 meritum
903 2423 1072 2463 meum,
1099 2406 1175 2453 sed
1196 2416 1375 2468 propter
1397 2407 1478 2451 bo-

87 2483 268 2527 nitatem
284 2491 427 2538 tuam,
449 2481 650 2525 Domine.

135 2585 144 2601 ¹
166 2579 244 2611 Psal.
265 2589 363 2618 xxxv,
381 2577 415 2621 4.
435 2595 477 2600 -
493 2584 506 2600 ²
524 2578 638 2610 Matth.
657 2588 720 2618 vn,
745 2576 805 2618 13,
837 2574 887 2618 14.
907 2593 949 2599 —
984 2573 997 2599 3
1025 2574 1104 2608 psal.
1126 2586 1218 2616 xxiv,
1246 2575 1276 2606 5.
1299 2591 1339 2597 w-
1357 2572 1373 2603 4
1392 2575 1472 2605 Gen.

89 2645 136 2677 in,
159 2634 208 2666 13.
226 2632 296 2658 —5
322 2636 399 2666 Luc.
424 2644 477 2675 xv,
499 2632 551 2665 13.
574 2631 645 2656 -6
665 2633 857 2673 Psal.xx1v‚
875 2631 908 2664 6.
930 2649 971 2655 —-
990 2639 1003 2664 7
1026 2631 1109 2664 lbid.
1132 2641 1162 2673 7.
