1833 3284
411 194 753 223 ANNOTATIONL'M
787 197 833 224 nv
864 197 962 233 ποις,
999 197 1137 223 mann.
1416 185 1470 222 53

88 280 109 303 »
144 261 263 306 tiabo
283 261 406 305 vobis
433 259 540 321 quid
560 260 614 305 sit
635 260 680 304 in
703 277 837 305 manu
859 261 1032 305 Domini
1054 280 1061 305 :
1086 279 1105 302 »
1143 259 1250 320 quid
1272 260 1474 320 disponat

85 334 213 376 Deus.
243 350 263 373 «
287 333 400 375 Ecce
416 345 565 375 omnes
584 331 697 374 notis
711 366 721 385 ,
743 332 845 392 quia
864 346 975 375 vane
996 347 1106 375 vana
1128 330 1358 391 loquimini
1373 333 1385 357 1
1411 350 1420 375 1
1449 349 1468 370 »

84 402 142 447 ob
158 403 241 446 hoc
265 402 398 459 gratia
415 403 505 462 jam
522 401 790 461 expectanda
811 411 888 446 est.
915 402 1147 455 Quomodo
1172 402 1288 445 enim
1312 400 1474 460 allega-

83 472 146 517 vit
168 472 320 516 merita
344 487 525 532 operum
557 487 735 516 suorum
756 487 865 517 vane
886 487 996 516 vana
1020 471 1229 532 loquens?
1263 492 1282 513 ι(
1299 475 1473 516 Posses-

87 562 107 585 »
142 543 204 587 sio
221 559 323 588 vero
337 542 582 603 potentium
595 543 740 587 veniet
753 543 806 586 ab
820 543 1132 602 Omnipotente
1154 557 1284 602 super
1299 558 1370 587 eos
1382 547 1399 569 '²
1418 563 1427 587 ;
1449 561 1470 583 »

83 622 134 657 ut
151 613 398 673 possideant
420 629 492 657 eos
505 621 722 672 potentes,
747 613 790 656 id
814 622 892 668 est,
918 612 1118 657 diabolus
1135 622 1179 657 et
1201 612 1341 670 angeli
1363 614 1470 674 ejus.

85 688 288 729 Potentes
301 694 445 729 autem
464 685 562 729 ideo
580 684 711 739 dicit,
730 684 830 745 quia
847 685 916 728 isti
935 684 1277 728 infirmabuntur
1287 699 1477 744 sequen-

85 756 426 811 tesvanitatem,
447 764 497 799 ut
518 755 561 799 in
585 771 657 800 eos
678 754 741 800 illi
762 755 1027 815 praevaleant
1050 755 1182 800 duces
1200 765 1244 799 et
1265 755 1478 816 principes

83 826 284 871 vanitatis
321 846 330 871 :
366 826 590 887 quomodo
625 835 668 870 et
702 827 912 870 Dominus
951 824 1110 870 sortem
1135 842 1235 870 eum
1260 826 1474 886 appellat,

83 913 173 941 non
206 897 263 941 ob
297 896 417 941 aliud
441 897 521 941 nisi
546 898 645 957 quia
683 906 800 941 tenet
829 896 1057 941 invalidos.
1090 895 1260 950 «Quod
1288 897 1321 940 si
1349 896 1478 941 multi

88 986 107 1009 »
143 966 308 1011 suerint
330 967 407 1011 filii
429 969 542 1028 ejus,
566 968 611 1011 in
631 967 892 1012 occisionem
909 969 1077 1011 eruntss.
1104 986 1124 1008 »
1152 966 1285 1012 Filios
1302 968 1392 1027 ejus
1410 966 1479 1011 di-

83 1039 164 1094 cit,
190 1039 266 1099 qui
286 1054 388 1082 eum
406 1039 462 1083 ad
483 1038 780 1083 seducendum
804 1039 1046 1094 imitantur,
1073 1037 1281 1083 falsorum
1295 1038 1478 1097 dogma-

84 1120 179 1156 tum
211 1125 508 1169 persuasorem
542 1111 589 1154 in
618 1109 958 1154 damnationem.
994 1130 1014 1153 (ι
1042 1110 1084 1155 Si
1118 1119 1264 1154 autem
1297 1111 1479 1170 juvenes

86 1200 106 1222 »
142 1181 247 1225 facti
266 1179 452 1235 fuerint,
474 1180 736 1239 indigebunt
752 1202 763 1238 3
782 1199 802 1221 n
830 1180 876 1224 id
895 1191 980 1236 est,
1001 1181 1034 1224 si
1057 1181 1303 1225 confirmati
1316 1180 1481 1224 fuerint

84 1252 129 1295 in
170 1267 337 1307 errore,
374 1251 658 1309 indigebunt,
702 1267 793 1299 non
828 1251 943 1295 enim
979 1267 1050 1296 eos
1083 1252 1253 1296 satiavit
1295 1252 1477 1296 vanitas.

87 1342 108 1366 «
142 1325 200 1367 Et
221 1323 300 1384 qui
314 1323 426 1369 circa
445 1338 544 1366 eum
557 1331 659 1366 sunt
680 1332 821 1367 morte
842 1323 1086 1367 morientur
1107 1343 1116 1368 :
1140 1343 1159 1365 n
1177 1324 1253 1384 qui
1275 1322 1481 1368 simillimi

83 1394 124 1438 ei
146 1403 248 1438 sunt
269 1393 325 1438 ad
346 1393 662 1438 seducendum.
690 1397 783 1437 «Et
806 1393 947 1438 viduis
969 1410 1124 1438 eorum
1145 1410 1236 1439 non
1256 1393 1483 1437 miserebi-

87 1483 107 1505 η
142 1466 245 1509 tur4
274 1484 282 1510 ;
310 1483 330 1506 »
357 1464 582 1524 plebibus,
607 1480 714 1525 quas
730 1463 899 1508 seduxit
913 1481 1014 1509 cum
1029 1466 1087 1509 eis
1103 1501 1114 1520 ,
1139 1465 1221 1509 viri
1244 1474 1383 1509 morte
1400 1465 1480 1509 de-

84 1536 206 1579 sertis
221 1570 232 1590 ,
258 1535 380 1595 quasi
401 1534 534 1578 fidem
556 1533 640 1578 illis
663 1534 939 1594 conjugalem
961 1536 1006 1578 in
1027 1536 1180 1580 erroris
1201 1536 1482 1595 promissione

84 1606 332 1652 servaverit.
364 1625 383 1648 «
406 1605 537 1660 Quod
548 1607 582 1649 si
595 1615 638 1650 et
651 1605 873 1664 collegerit
890 1615 939 1650 ut
960 1616 1121 1650 terram
1139 1617 1371 1665 argentum
1389 1610 1403 1633 ⁵
1427 1627 1435 1652 :
1459 1628 1476 1648 »

86 1676 131 1721 id
152 1686 238 1732 est,
263 1677 297 1721 si
316 1678 554 1737 prudentes
575 1686 618 1720 et
639 1677 852 1736 sapientes
869 1713 879 1732 ,
905 1693 1005 1722 cum
1032 1677 1176 1721 adhuc
1199 1687 1309 1721 terra
1339 1687 1381 1722 et
1410 1677 1483 1722 lu-

89 1757 180 1791 tum
199 1756 324 1802 sunt,
349 1746 393 1791 id
417 1757 502 1802 est,
528 1762 627 1791 cum
655 1747 799 1792 adhuc
827 1748 960 1792 stulta
981 1756 1025 1791 et
1046 1747 1236 1793 carnalia
1257 1749 1453 1793 sentiunt
1469 1784 1481 1804 ,

86 1819 145 1863 eis
161 1819 491 1863 consenserint?
508 1828 657 1878 postea
680 1819 864 1863 correcti
887 1829 929 1864 et
947 1829 1257 1878 cognoscentes
1277 1819 1331 1863 ad
1346 1821 1485 1880 justos

86 1898 412 1934 convertentur.
442 1908 462 1931 «
482 1891 626 1933 Erunt
647 1889 765 1933 enim
793 1888 948 1933 domus
978 1905 1130 1934 eorum
1151 1890 1264 1934 sicut
1286 1890 1416 1933 tineae
1441 1899 1486 1934 et

90 1979 109 2001 »
147 1975 340 2014 araneae,
377 1975 476 2019 quae
510 1960 718 2003 servavit6
748 1979 757 2004 ι
782 1978 801 1999 n
834 1975 908 2004 cor
929 1960 997 2004 vel
1030 1960 1355 2004 conscientiam.
1395 1964 1485 2004 Aut

88 2030 244 2076 domus
258 2030 366 2075 dixit
386 2031 659 2075 munimenta
677 2067 687 2085 ,
713 2031 874 2091 quibus
896 2047 940 2075 se
962 2040 1202 2091 protegunt
1217 2067 1228 2087 ,
1253 2047 1408 2076 verum
1424 2048 1487 2076 as-

88 2111 184 2146 tuta
206 2110 250 2145 et
270 2100 487 2146 latebrosa
505 2137 516 2156 ,
537 2101 614 2146 sed.
634 2100 962 2156 invalidissima,
985 2102 1095 2146 sicut
1112 2103 1241 2146 tineae
1265 2101 1486 2146 folliculus

89 2188 179 2233 quo
206 2187 250 2215 se
283 2171 534 2227 abscondit,
562 2181 606 2216 et
627 2187 795 2216 araneae
828 2187 1013 2216 caverna
1030 2207 1041 2227 ,
1078 2173 1123 2216 in
1152 2187 1284 2232 quam
1309 2187 1353 2216 se
1374 2173 1486 2217 reci-

90 2241 251 2302 piendo
273 2241 484 2301 cooperit,
509 2251 552 2286 et
568 2241 733 2286 claudit
750 2258 860 2286 eam.
892 2262 912 2284 «
931 2245 1041 2295 Quae
1061 2242 1247 2287 servavit
1273 2260 1293 2283 »
1320 2252 1486 2299 autem,

93 2311 348 2370 intelligitur
369 2327 414 2356 se
435 2313 526 2372 ipsa
554 2313 599 2356 in
621 2312 694 2357 illa
721 2328 933 2371 caverna,
963 2313 1066 2373 quia
1096 2329 1186 2358 non
1209 2328 1360 2357 omnes
1389 2329 1487 2358 ara-

94 2398 188 2427 neae
206 2383 291 2426 hoc
314 2381 483 2427 faciunt
504 2402 512 2427 :
538 2393 716 2443 propter
743 2393 1025 2443 spontaneam
1050 2393 1094 2428 et
1113 2384 1364 2429 interiorem
1388 2399 1488 2429 cor-

145 2479 372 2520 ¹Job.xxv11,
401 2491 436 2511 11
456 2505 464 2521 ,
488 2489 538 2511 12.
571 2497 612 2503 —-—
638 2487 650 2502 2
678 2480 760 2512 Ibid.
791 2481 840 2512 13.
869 2497 910 2503 --
937 2479 950 2502 3
976 2480 1057 2512 Ibid.
1089 2480 1140 2522 πᾷ.
1179 2479 1345 2512 —41bid.
1373 2481 1423 2512 15.
1446 2497 1487 2505 -

96 2534 110 2555 5
131 2534 211 2566 Ibid.
244 2534 294 2566 16.
311 2552 352 2558 --
369 2533 384 2555 ‘3
407 2535 487 2567 lbid.
510 2535 560 2567 18.
