1833 3284
337 250 418 290 548
855 261 1195 291 ANNOTATiONES.

333 327 621 372 Enarratione
636 327 795 372 Psalmi
809 345 990 372 Lxxxvu
1007 349 1020 387 3
1043 328 1156 374 sicut
1172 338 1216 373 et
1233 329 1470 374 versiculus
1483 336 1507 374 3
1522 339 1731 377 tractatur

331 396 379 441 in
400 397 686 443 Enarratione
709 395 867 443 Psalmi
888 416 983 443 Lm.

722 541 967 572 ΑΝΝΟΤΑΤΙΟ
988 528 1083 586 (11)
1103 542 1202 588 pag.
1229 533 1330 573 296.

396 661 494 706 Non
515 661 576 706 sic
597 661 643 706 in
664 662 886 722 superiore
919 663 1207 709 Euan-atione
1222 698 1233 720 ‚
1258 663 1334 708 sed
1353 665 1477 724 juxta
1499 664 1732 724 Vulgatam

337 730 743 792 interpretationem
763 732 937 793 legebat
963 750 971 776 ε
996 733 1119 794 Spes
1135 749 1245 780 mea
1262 732 1327 780 ab
1350 733 1592 792 uberibus,
1611 744 1694 781 etc.

718 885 963 916 ANNOTATIO
985 873 1077 929 (12)
1097 885 1196 931 pag.
1215 877 1316 917 301.

378 1003 550 1066 Bagai
585 1013 629 1050 et
674 1005 963 1068 Tamagade
992 1024 1003 1051 .-
1030 1007 1250 1067 praecipua
1293 1005 1476 1053 fuerunt
1509 1006 1672 1068 oppida
1700 1024 1724 1053 a

320 1075 555 1122 Donatistis
578 1087 809 1138 occupata.

710 1232 954 1262 Aimonno
970 1218 1065 1275 (13)
1081 1231 1182 1277 pag.
1211 1222 1312 1262 326.

380 1351 479 1395 Non
499 1361 814 1396 commemorat
826 1352 873 1396 id
889 1353 1011 1412 quod
1027 1352 1141 1397 forte
1163 1353 1335 1397 nonnisi
1359 1362 1456 1412 post
1477 1351 1662 1411 contigit
1675 1352 1720 1396 in

322 1421 597 1480 Carthaginis
620 1421 876 1479 collatione,
907 1423 985 1467 ubi
1004 1424 1242 1468 Donatistae
1265 1422 1413 1468 sedere
1435 1438 1535 1467 cum
1559 1424 1722 1468 Catho-

317 1488 411 1535 licis
429 1492 689 1548 noluemnt,
722 1492 915 1538 dicentes
937 1510 1185 1539 consessum
1207 1510 1307 1538 cum
1335 1494 1476 1555 impiis
1499 1493 1722 1553 prohiberi

318 1560 404 1606 hoc
427 1561 614 1607 Psalmo.
633 1564 801 1616 Quibus
821 1580 1077 1625 responsum
1100 1566 1185 1610 suit
1202 1566 1316 1625 ipsos
1331 1580 1448 1623 ergo,
1466 1565 1568 1625 quia
1590 1563 1720 1609 simul

319 1630 498 1692 ingressi
520 1643 666 1691 erant,
693 1650 893 1695 peccasse
914 1636 960 1680 iu
982 1635 1095 1681 illud
1116 1656 1125 1682 :
1146 1636 1217 1681 Et
1239 1652 1348 1682 omn
1366 1637 1534 1695 iniqua
1548 1651 1720 1698 geren-

320 1701 447 1749 tibus
470 1721 568 1750 non
586 1704 808 1762 z'ntroc'bO,
833 1706 1145 1768 Psalmumque
1166 1708 1222 1752 de
1238 1707 1434 1765 ingressu
1452 1716 1496 1751 et
1518 1721 1719 1752 consessu

317 1775 499 1836 spiritali
516 1812 528 1834 ‚
554 1793 645 1825 non
667 1777 722 1824 de
743 1779 960 1840 corporali
978 1795 1105 1839 agere
1126 1788 1417 1826 monstratum
1441 1788 1520 1824 est.

708 1917 1065 1973 ANNOTAT10(14)
1087 1930 1186 1975 pag.
1224 1921 1323 1960 331.

376 2051 507 2095 Extat
529 2064 579 2094 ea
597 2049 651 2094 de
674 2065 720 2094 re
749 2050 1025 2095 Constantini
1051 2050 1121 2095 lex
1142 2051 1187 2095 in
1211 2050 1512 2095 Theodosiano
1534 2048 1683 2094 codice
1698 2085 1709 2104 ‚

315 2119 399 2165 lib.
419 2140 518 2177 xv1‚
540 2121 607 2166 tit.
628 2121 683 2165 de
697 2120 944 2181 Episcopali
957 2120 1142 2182 judicio,
1165 2120 1266 2166 data
1280 2119 1335 2165 ad
1348 2119 1580 2165 Ablavium
1600 2136 1712 2180 prae-

316 2192 486 2239 fectum
519 2193 737 2249 Praetorii,
774 2209 862 2254 qua
890 2193 1029 2238 sancit
1064 2193 1323 2253 imperator,
1369 2201 1419 2236 ut
1461 2193 1711 2236 sententis&

313 2265 649 2325 episcoporum
666 2263 876 2324 quolibet
892 2279 1070 2326 genere
1080 2261 1306 2323 prolatce,
1327 2261 1570 2308 inviolatce
1591 2278 1710 2307 sem-

302 2353 396 2397 per·
410 2338 793 2397 z'ncorraptoeqzte
811 2345 1074 2391 serventur,
1095 2344 1232 2396 utque
1246 2351 1411 2380 omnes
1428 2349 1590 2379 caasa?
1603 2350 1709 2392 quoe

307 2407 387 2453 vel
403 2409 633 2468 praetorio
651 2408 767 2470 jur-e
790 2405 869 2452 vel
886 2405 1016 2452 etoile·
1036 2415 1325 2462 tractantur,
1350 2405 1707 2465 Episcoporam

303 2480 551 2526 sententiis
585 2480 883 2535 termt'natoe,
907 2487 1140 2538 perpetuo
1175 2476 1456 2524 stabilitatis
1482 2477 1598 2538 jare
1615 2477 1706 2538 fi''·

307 2561 510 2597 mensur.
