1833 3284
362 208 448 250 234
799 218 834 248 s.
870 218 1101 253 Ancum-nu
1134 220 1317 247 zmscom

358 289 561 347 dignatus
578 295 642 331 est
663 286 851 331 mittere.
879 286 988 330 Inde
1011 294 1158 330 autem
1187 285 1340 345 incipit
1357 300 1498 330 sermo
1519 286 1613 346 ejus
1634 285 1756 346 apud

358 359 616 405 Mattliaeum
648 357 693 402 in
718 367 891 413 monte,
916 372 1018 402 cum
1050 356 1156 402 dicit
1182 375 1192 402 ;
1222 376 1242 399 «
1268 357 1387 401 Beati
1417 372 1630 418 pauperes
1662 357 1753 417 spi-

361 447 381 471 »
418 429 528 484 ritu,
560 428 771 489 quoniam
792 429 987 489 ipsorum
1010 436 1074 471 est
1096 442 1280 486 regnum
1303 426 1558 472 coelorum¹.
1588 431 1755 472 Ponam

360 517 381 541 »
416 499 463 544 in
486 498 678 544 salutari.
701 517 720 541 ι)
743 500 841 544 Non
859 498 969 543 dixit
986 497 1094 560 quid
1116 507 1250 558 ponat
1270 516 1279 545 :
1300 496 1376 543 sed
1395 518 1415 541 «
1440 501 1493 543 In
1510 496 1703 553 salutari,
1732 516 1753 540 »

358 571 403 616 in
427 570 601 617 Christo
624 568 930 630 accipiendum
948 577 1034 625 est,
1059 568 1302 614 secundum
1326 568 1438 614 illud
1460 589 1469 615 z
1499 569 1758 623 «Quoniam

360 659 382 682 »
407 640 614 685 viderunt
628 639 745 685 oculi
767 640 852 685 mei
869 639 1066 684 Salutare
1084 643 1251 684 tuum2.
1275 657 1296 682 »
1313 642 1370 684 Et
1384 639 1484 684 ideo
1501 638 1758 699 intelligitur

357 710 404 755 in
424 709 500 755 illo
522 711 716 770 posuisse
740 710 863 771 quod
885 709 942 756 ad
962 710 1181 755 miseriam
1203 710 1388 770 inopum
1410 707 1693 763 auferendam
1715 719 1759 755 et

357 781 677 828 consolandum
707 782 920 842 gemitum
949 797 1194 843 pauperum
1228 782 1433 843 pertinet.
1471 800 1492 824 α
1523 780 1760 827 Fiduciali-

360 871 381 895 η
417 861 483 898 ter
498 868 622 912 agam
643 852 690 898 in
706 868 758 898 eo
778 872 787 898 :
810 871 830 894 »
856 852 1101 898 secundum
1128 851 1241 897 illud
1265 853 1311 897 in
1333 852 1595 912 Evangelio:
1615 855 1760 898 «Erat

360 942 382 966 >2
418 927 535 970 enim
559 924 721 970 docens
738 940 811 970 eos
834 934 1044 986 tanquam
1066 933 1327 985 potestatem
1349 923 1540 980 habens,
1560 939 1651 970 non
1666 933 1761 969 tan-

360 1012 382 1037 »
416 1011 551 1056 quam
579 995 743 1041 Scribae
765 997 960 1041 eorumss.
990 1014 1010 1037 »

416 1068 518 1110 VII.
549 1086 569 1109 «
594 1065 783 1127 Eloquia
804 1066 994 1121 Domini,
1015 1065 1189 1126 eloquia
1212 1066 1372 1111 casta4.
1401 1083 1421 1108 »
1448 1068 1553 1111 Haec
1574 1081 1760 1126 persona

358 1135 492 1197 ipsius
529 1137 758 1197 Prophetae
791 1146 877 1192 est,
918 1156 938 1179 «
973 1136 1162 1198 Eloquia
1198 1137 1396 1192 Domini,
1423 1136 1596 1198 eloquia
1625 1146 1756 1182 casta.

360 1227 381 1250 »
417 1210 545 1254 Casta
566 1228 587 1251 »
608 1208 730 1265 dicit,
752 1209 843 1255 sine
866 1209 1148 1270 corruptione
1166 1208 1467 1254 simulationis.
1489 1208 1619 1254 Multi
1643 1208 1760 1253 enim

357 1279 600 1340 praedicant
621 1281 848 1326 veritatem
870 1296 960 1326 non
982 1290 1098 1326 caste
1113 1316 1124 1335 ‚
1146 1280 1250 1341 quia
1266 1279 1468 1326 vendunt
1484 1279 1602 1325 illam
1621 1280 1761 1340 pretio

357 1350 722 1396 commoditatum
744 1352 876 1412 hujus
908 1350 1070 1396 saeculi.
1098 1354 1160 1395 De
1183 1349 1343 1395 talibus
1371 1349 1479 1395 dicit
1499 1350 1758 1411 Apostolus,

357 1424 479 1485 quod
498 1424 721 1469 Christum
739 1424 1053 1468 annuntiarent
1070 1439 1161 1468 non
1179 1423 1336 1468 caste5.
1358 1442 1379 1465 «
1400 1425 1645 1482 Argentum
1662 1422 1761 1480 igne

359 1512 380 1536 »
418 1495 715 1539 examinatum
738 1504 881 1538 terrae.
912 1512 932 1536 »
960 1498 1058 1554 Ipsa
1081 1493 1255 1554 eloquia
1274 1493 1448 1538 Domini
1471 1509 1550 1554 per
1571 1492 1761 1538 tribula-

356 1565 498 1610 tiones
527 1565 712 1624 probata
747 1565 1066 1625 peccatoribus.
1097 1584 1116 1607 «
1148 1568 1392 1624 Purgatum
1420 1564 1707 1626 septuplum:
1738 1582 1758 1606 1>

357 1652 436 1698 per
464 1637 668 1682 timorem
692 1637 793 1692 Dei,
819 1653 897 1697 per
919 1637 1145 1698 pietatem,
1170 1652 1248 1696 per
1270 1637 1511 1692 scientiam,
1535 1652 1613 1697 per
1634 1635 1762 1681 forti-

358 1707 577 1764 tudinem,
593 1724 670 1768 per
687 1708 933 1764 consilium,
953 1724 1031 1769 per
1052 1707 1344 1764 intellectum,
1360 1723 1438 1768 per
1455 1707 1757 1768 sapientiam&

357 1781 468 1827 Nam
491 1788 657 1840 septem
679 1788 782 1824 sunt
804 1779 936 1823 ctiam
967 1777 1248 1824 beatitudinis
1278 1778 1460 1837 gradus,
1485 1795 1595 1842 quos
1617 1779 1662 1823 in
1684 1794 1761 1824 eo-

358 1850 461 1894 dem
481 1865 680 1895 sermone
710 1865 843 1911 quem
864 1849 1023 1895 habuit
1043 1850 1090 1894 in
1111 1859 1262 1895 monte
1291 1851 1503 1895 Dominus
1532 1851 1762 1911 exequitur

358 1929 443 1962 rami
467 1922 760 1979 Matthaeum3
801 1940 821 1964 «
846 1921 967 1966 Beati
996 1936 1209 1982 pauperes
1240 1921 1395 1983 spiritu
1424 1941 1433 1966 :
1464 1921 1585 1966 Beati
1606 1922 1758 1968 mites:

361 2010 383 2034 »
402 1993 524 2037 Beati
548 1993 747 2052 lugentes
769 2012 778 2038 t
803 1992 923 2037 Beati
956 1992 1033 2053 qui
1055 1992 1252 2036 esuriunt
1275 2001 1319 2037 et
1339 1993 1495 2037 sitiunt
1521 1993 1757 2053 justitiam:

362 2081 383 2104 »
401 2063 523 2107 Beati
539 2061 857 2108 misericordes:
877 2063 997 2107 Beati
1014 2061 1182 2108 mundo
1199 2062 1350 2108 corde:
1370 2064 1490 2108 Beati
1508 2063 1677 2123 pacifici
1688 2065 1719 2107 ⁷.
1735 2081 1755 2104 »

358 2136 422 2179 De
444 2134 602 2195 quibus
623 2133 848 2179 sententiis
868 2142 1051 2193 septem,
1079 2142 1223 2178 totum
1241 2132 1367 2178 illum
1390 2149 1636 2178 sermonem
1654 2149 1759 2194 pro-

359 2203 496 2249 lixum
525 2204 694 2250 dictum
729 2220 819 2249 esse
851 2203 1135 2250 animadverti
1158 2213 1317 2264 potest.
1344 2207 1452 2250 Nam
1485 2214 1660 2261 octava,
1680 2205 1759 2249 ubi

360 2275 526 2321 dictum
551 2287 614 2323 est
634 2297 643 2323 z
677 2277 835 2322 «Beati
855 2277 930 2338 qui
954 2277 1299 2336 persecutionem
1322 2277 1552 2337 patiuntur
1577 2286 1758 2338 propter

362 2366 382 2389 »
413 2348 644 2408 justitiam,
668 2368 686 2390 >›
714 2348 858 2408 ipsum
880 2349 1025 2408 ignem
1044 2349 1278 2408 significat,
1300 2365 1388 2411 quo
1412 2349 1751 2410 septempliciter

357 2419 572 2478 probatur
589 2428 834 2479 argentum.
855 2419 940 2473 Qui
957 2435 1098 2464 sermo
1117 2435 1219 2464 cum
1236 2422 1490 2465 terminatus
1503 2431 1612 2465 essct
1624 2457 1635 2475 ,
1653 2420 1751 2466 dic-

409 2520 418 2536 ¹
439 2513 552 2546 Matth.
575 2526 613 2555 v,
635 2515 665 2547 3.
687 2531 729 2538 —
747 2522 760 2538 ²
777 2517 854 2547 Luc.
871 2527 905 2556 n,
927 2514 980 2547 3ο.
1005 2532 1046 2537 ·—
1062 2512 1075 2537 3
1096 2516 1291 2557 Matt11.v11‚
1311 2525 1366 2558 ⁴29.
1388 2515 1458 2546 -4
1479 2515 1559 2548 Psal.
1588 2528 1638 2555 xi,
1659 2528 1688 2558 7.
1712 2533 1754 2539 -

371 2568 385 2592 ⁵
403 2570 515 2613 Philip.
536 2583 558 2613 ι,
583 2582 631 2613 ¹7-
649 2589 689 2594 —
709 2569 908 2614 61sa1x1‚2.
934 2589 973 2594 ——
994 2578 1006 2604 7
1030 2571 1142 2604 Matih.
1165 2584 1197 2611 v,
1216 2571 1287 2614 3—9.

1822 2518 1825 2547 ἒ
