1833 3284
350 201 433 239 392
793 215 826 240 s.
863 213 1093 241 Aucus'rim
1127 215 1304 241 EPlsCOPI

352 276 539 331 Psalmo,
555 293 655 337 quae
673 278 795 337 quasi
811 278 983 323 Christo
1000 279 1230 323 videantur
1243 295 1331 324 non
1345 294 1472 339 posse
1483 293 1740 337 congruere,

352 347 409 391 illi
430 347 698 391 excellentiae
716 348 867 408 eapitis
895 349 1053 403 nostri,
1079 349 1352 410 maximeque
1377 348 1437 393 illi
1460 349 1605 393 Vcrho
1623 349 1743 410 quod
1805 367 1807 383 2

352 419 395 461 in
419 417 633 478 principio
655 428 747 463 erat
769 421 883 464 Deus
903 420 1020 480 apud
1044 424 1181 465 Deum
1203 440 1211 465 :
1238 437 1318 465 nec
1341 421 1379 464 ei
1400 420 1445 464 in
1467 419 1604 465 forma
1634 421 1743 466 servi
1806 414 1808 486 ᾗ

352 490 533 533 sortasse
560 490 832 534 videbuntur
852 492 1052 551 quiedam
1072 491 1143 535 hic
1162 491 1295 536 verba
1324 506 1586 549 congruere,
1612 507 1742 552 quam
1806 494 1808 517 λ

352 558 534 604 formam
564 562 673 605 servi
698 562 885 620 suscepit
908 577 958 604 ex
980 561 1158 619 Virgine
1184 581 1193 606 z
1219 572 1262 605 et
1293 570 1434 605 tamen
1461 562 1657 606 Christus
1679 561 1746 606 lo·-
1808 563 1809 593 Τ

349 631 517 690 quitur,
544 631 644 691 quia
666 631 711 674 in
733 632 940 676 membris
958 631 1119 676 Christi
1142 632 1354 676 Christus.
1374 635 1431 676 Et
1448 642 1497 676 ut
1520 632 1742 686 noveritis,

349 702 451 761 quia
484 717 598 745 unus
627 700 786 745 dicitur
824 702 1021 747 Christus
1051 712 1182 762 caput
1215 712 1258 746 et
1285 718 1443 763 corpus
1475 718 1630 760 suum-3
1654 703 1746 762 ipse
1810 711 1812 716 ’

349 773 455 817 dicit
476 789 577 817 cum
601 772 656 817 de
679 774 880 834 conjugio
908 773 1192 835 loqueretur:
1220 795 1239 817 «
1269 777 1411 819 Erunt
1433 774 1522 819 duo
1548 775 1592 819 in
1616 790 1745 818 carne

352 863 372 885 »
408 861 496 890 una
519 866 526 890 :
548 846 681 905 igitur
696 847 787 906 jam
805 862 895 891 non
914 845 1020 901 duo,
1039 846 1114 890 sed
1138 863 1223 890 una
1244 862 1358 891 caro.
1382 865 1402 887 »
1430 845 1513 891 Sed
1532 845 1644 890 forte
1661 846 1745 890 hoc

346 916 464 960 dieat
487 915 540 960 de
563 932 847 978 quocumque
871 917 1103 977 conjugio?
1123 917 1237 962 Audi
1261 916 1506 978 apostolum
1531 915 1742 961 Paulum:

353 1007 373 1028 «
407 989 464 1030 Et
486 997 616 1031 erunt
637 987 743 1043 duo,
765 988 930 1049 inquit,
951 989 996 1032 in
1015 1005 1144 1033 earne
1167 1004 1254 1032 una
1277 1008 1285 1033 ε
1313 997 1632 1032 sacramentum
1661 988 1746 1032 1106

352 1077 371 1099 1)
407 1074 617 1117 magnum
636 1069 715 1114 est,
733 1074 812 1117 ego
831 1069 976 1103 autem
991 1060 1089 1104 dico
1107 1060 1152 1102 in
1168 1059 1342 1104 Christo
1364 1068 1408 1103 et
1425 1060 1469 1102 in
1484 1058 1742 1103 Ecclesiae.»

349 1129 420 1173 Fit
442 1146 545 1188 ergo
575 1139 784 1191 tanquam
818 1146 869 1174 ex
903 1130 1077 1174 duobus
1110 1146 1197 1174 una
1228 1129 1430 1191 quaedam
1465 1145 1672 1189 persona,
1693 1144 1745 1172 ex

348 1201 489 1260 capite
523 1211 566 1245 et
598 1217 802 1261 corpore,
836 1218 887 1245 ex
917 1217 1075 1261 sponso
1109 1211 1151 1244 et
1180 1217 1351 1260 sponsa.
1390 1203 1500 1246 Nam
1531 1200 1746 1244 unitatem

348 1287 545 1330 personse
576 1273 707 1332 hujus
738 1274 893 1316 miram
923 1282 966 1316 et
988 1271 1288 1327 excellentem,
1314 1270 1594 1316 commendat
1615 1271 1745 1314 etiam

349 1345 482 1386 lsss‘i'as
504 1344 717 1403 propheta
738 1363 746 1387 :
769 1358 871 1387 nam
893 1343 1078 1403 loquens
1096 1343 1224 1386 etiam
1244 1343 1289 1386 in
1304 1359 1354 1386 eo
1372 1343 1570 1387 Christus
1588 1328 1632 1385 in
1650 1357 1746 1401 pro-

348 1413 494 1471 phetia
515 1414 594 1468 ait,
627 1433 646 1455 «
676 1414 796 1458 Sicut
817 1429 976 1473 sponso
1006 1412 1201 1472 alligavit
1221 1413 1330 1457 mihi
1354 1413 1549 1465 mitram,
1571 1421 1614 1456 et
1636 1413 1746 1456 sicut

353 1503 371 1523 »
407 1500 609 1543 sponsam
633 1484 806 1528 ornavit
829 1500 899 1528 me
922 1488 1221 1528 ornamento?
1254 1503 1273 1525 »
1307 1486 1359 1528 Se
1388 1483 1498 1528 dixit
1518 1499 1743 1543 sponsum,

347 1569 391 1598 36
423 1570 649 1614 sponsam,
684 1570 819 1615 quare
851 1570 894 1598 sc
926 1571 1158 1615 sponsum,
1194 1570 1238 1599 36
1272 1570 1491 1615 sponsam,
1525 1555 1608 1599 nisi
1642 1554 1746 1615 quia

348 1635 479 1669 erunt
500 1625 588 1669 duo
608 1626 652 1669 in
674 1641 804 1669 earne
820 1628 939 1670 una?
965 1626 1006 1670 Si
1024 1625 1112 1670 duo
1130 1626 1173 1669 in
1191 1642 1320 1670 carne
1335 1642 1439 1681 una,
1457 1642 1535 1670 cur
1550 1642 1640 1670 non
1655 1625 1746 1669 duo

351 1697 395 1740 in
414 1713 520 1741 voce
543 1698 662 1740 una?
685 1700 910 1756 Loquatur
927 1712 1030 1755 ergo
1054 1697 1268 1751 Christus,
1291 1697 1392 1757 quia
1416 1697 1460 1741 in
1484 1697 1657 1742 Christo
1680 1696 1746 1740 10-

347 1769 498 1828 quitur
520 1767 732 1823 Ecclesia,
754 1769 863 1812 etin
895 1768 1086 1812 Ecclesia
1117 1768 1313 1828 loquitur
1333 1769 1556 1826 Christus3
1578 1777 1622 1812 et
1648 1784 1745 1811 cor-

349 1855 429 1898 pus
452 1839 495 1882 in
519 1839 676 1898 capite,
710 1848 752 1883 et
774 1847 907 1898 caput
934 1839 980 1882 in
1003 1854 1200 1897 corpore.
1228 1838 1344 1883 Audi
1373 1838 1633 1898 Apostolum
1665 1839 1751 1883 hoc

351 1912 490 1970 ipsum
529 1909 774 1954 evidentius
814 1909 1132 1970 exprimentem
1173 1929 1181 1954 :
1228 1929 1248 1951 «
1286 1910 1408 1954 Sicut
1443 1910 1560 1954 enim
1593 1926 1751 1970 corpus

354 2000 372 2023 »
408 1996 547 2025 unum
565 1989 690 2024 estet
714 1980 911 2025 membra
937 1980 1073 2024 habet
1090 1979 1252 2032 multa,
1278 1981 1423 2025 omnia
1447 1990 1593 2025 autem
1618 1997 1753 2024 mem-

353 2072 372 2093 »
410 2053 488 2096 bra
518 2051 711 2111 eorporis
739 2067 840 2095 cum
865 2051 952 2095 sint
978 2050 1140 2106 multa,
1167 2067 1307 2095 unum
1335 2061 1399 2095 est
1426 2067 1606 2111 eorpus,
1628 2052 1687 2096 sic
1708 2060 1751 2095 et

354 2142 373 2164 »
409 2123 649 2167 Christus3.
686 2140 705 2163 »
729 2125 933 2182 Loquens
962 2121 1017 2165 de
1049 2121 1257 2166 memhris
1279 2122 1460 2176 Christi,
1487 2123 1571 2166 hoc
1596 2131 1675 2176 est,
1696 2121 1752 2165 de

350 2193 578 2249 fidelibus,
604 2209 694 2238 non
717 2193 798 2248 ait,
819 2193 878 2237 sic
901 2203 945 2237 et
966 2193 1161 2237 membra
1189 2194 1378 2252 Christi,
1408 2192 1483 2238 sed
1505 2202 1648 2238 totum
1667 2193 1752 2238 hoc

349 2265 471 2326 quod
486 2264 612 2320 dixit,
629 2265 853 2309 Christum
871 2263 1119 2324 appellavit.
1141 2264 1262 2309 Sicut
1279 2265 1395 2308 enim
1414 2280 1572 2325 corpus
1588 2280 1746 2320 unum,

350 2347 394 2380 et
416 2336 612 2380 membra
641 2336 774 2379 habet
801 2334 963 2390 multa,
990 2335 1137 2380 omnia
1168 2345 1315 2379 autem
1339 2335 1536 2379 membra
1558 2335 1751 2395 corporis

349 2421 451 2450 cum
474 2406 561 2450 sint
580 2405 734 2461 multa,
761 2422 899 2450 unum
917 2415 981 2450 cst
999 2421 1173 2466 corpus,
1191 2406 1250 2450 sic
1273 2415 1317 2450 et
1333 2407 1532 2451 Christus
1551 2405 1747 2449 membra

401 2511 408 2526 ¹
429 2504 542 2535 Matth.
563 2515 630 2544 xix,
651 2504 683 2543 5,
709 2504 751 2535 6:
773 2508 805 2536 ct
822 2506 900 2536 Gen.
925 2515 969 2544 11,
992 2502 1045 2545 24.
1079 2508 1111 2534 et
1143 2503 1257 2546 Ephes.
1285 2515 1319 2543 v,
1342 2504 1396 2545 31,
1416 2503 1468 2535 32.
1490 2520 1531 2527 —-
1551 2504 1646 2535 ²Isa'1'
1675 2513 1747 2543 Lxx,

358 2559 758 2599 10.-31(“.01·Χ11,1Ω.
