1833 3284
432 250 674 281 ENARRATIO
707 255 752 281 m
785 252 988 282 PsALMUM
1020 230 1080 280 vi.
1367 242 1444 291 161

67 326 277 368 utuntur3
298 315 584 361 nihilominus
601 326 746 362 tamen
764 317 1006 362 intentione
1027 317 1265 372 contraria,
1289 316 1454 361 inimici

65 397 170 433 sunt
189 388 249 431 eis
270 386 348 447 qui
367 401 412 431 se
434 384 489 430 ad
509 390 649 431 Deum
663 397 939 433 convertunt.
959 390 1070 433 Nam
1094 403 1195 432 cum
1213 387 1285 431 alii
1306 398 1455 433 amant

66 467 111 503 et
127 465 340 518 appetunt
358 457 489 501 istum
503 456 720 502 mundum
735 493 746 513 ,
772 458 845 503 alii
866 474 910 502 se
929 466 1084 517 optant
1105 457 1160 501 ab
1183 458 1265 502 isto
1285 458 1454 504 mundo

67 527 261 584 liberari,
291 527 389 588 quis
409 543 499 571 non
519 526 663 573 videat
692 528 786 573 illos
811 529 1006 585 inimicos
1029 544 1119 572 esse
1141 529 1262 572 istis?
1282 531 1393 574 Nam
1421 530 1456 573 si

66 598 253 659 possint,
278 613 349 643 eos
364 613 513 642 seeum
527 597 582 642 ad
595 613 747 658 poenas
766 600 962 643 trahunt.
983 602 1042 643 Et
1057 613 1266 657 magnum
1287 598 1455 643 donum

68 677 155 724 est,
178 669 292 713 inter
314 683 466 713 eorum
486 667 620 713 verba
635 669 796 713 versari
818 668 1014 730 quotidie
1029 705 1040 725 ‚
1067 679 1111 713 et
1132 685 1221 714 non
1249 669 1457 714 excedere

68 739 124 784 de
145 739 299 784 itinere
316 749 636 800 praeceptorum
652 741 747 785 Dei.
770 743 892 801 Saepe
914 741 1032 785 enim
1051 756 1173 785 mens
1195 741 1337 785 nitens
1359 757 1459 801 per-

70 826 170 871 gere
193 811 240 856 in
265 814 405 856 Deum
422 845 434 867 ,
467 826 674 855 concussa
697 811 743 855 in
766 812 859 871 ipso
880 811 1035 855 itinere
1052 811 1240 871 trepidat
1264 831 1273 856 ε
1299 821 1342 856 et
1363 812 1458 872 ple-

71 896 257 942 rumque
287 889 518 942 propterea
549 897 642 925 non
673 881 828 941 implet
854 881 1022 926 bonum
1060 881 1359 941 propositum,
1405 898 1460 926 ne

71 952 270 998 offendat
282 968 354 997 eos
376 968 478 997 cum
491 952 653 1013 quibus
667 953 795 1009 vivit,
822 952 904 998 alia
927 954 1044 998 bona
1066 954 1257 1012 peritura
1281 962 1324 997 et
1347 963 1463 998 tran-

71 1025 240 1069 seuntia
267 1023 496 1082 diligentes
519 1033 651 1084 atque
674 1032 902 1068 sectantes.
939 1023 1008 1068 Ab
1040 1023 1106 1067 his
1140 1032 1360 1083 separatus
1401 1033 1466 1068 est

73 1095 214 1140 omnis
245 1111 401 1151 sanus,
435 1111 525 1139 non
546 1094 674 1150 locis,
705 1094 782 1139 sed
814 1095 974 1139 animo.
1007 1097 1116 1140 Nam
1150 1093 1252 1138 locis
1281 1109 1463 1154 corpora

74 1165 372 1220 continentur,
398 1165 542 1209 animo
565 1173 710 1209 autem
731 1165 853 1209 loeus
876 1173 939 1208 est
961 1163 1132 1208 affectio
1155 1180 1246 1207 sua.

132 1239 189 1281 X.
224 1239 500 1296 Quapropter
521 1244 618 1295 post
633 1234 830 1280 laborem
844 1245 887 1279 et
905 1236 1114 1294 gemitum
1132 1244 1176 1279 et
1192 1234 1353 1279 imbres
1371 1250 1466 1279 cre-

75 1300 286 1352 berrimos
307 1306 629 1364 lacrymarum,
654 1306 757 1366 quia
784 1306 913 1350 inane
947 1322 1036 1350 non
1057 1315 1201 1366 potest
1233 1322 1322 1350 esse
1345 1306 1468 1366 quod

75 1389 165 1424 tam
185 1379 465 1424 vehementer
487 1387 663 1437 rogatur
685 1377 740 1421 ab
757 1393 807 1421 eo
821 1378 896 1438 qui
918 1376 1016 1421 fons
1031 1387 1094 1421 est
1116 1376 1313 1421 omnium
1334 1378 1465 1422 mise-

76 1448 384 1504 ricordiarum,
408 1448 714 1508 verissimeque
743 1447 908 1491 dictum
946 1457 1010 1491 est
1042 1466 1051 1492 ι
1081 1451 1257 1507 «Prope
1288 1457 1352 1491 est
1380 1451 1468 1492 Do—

82 1541 101 1564 »
136 1521 281 1565 minus
301 1518 456 1564 attritis
477 1517 608 1563 corde
623 1522 639 1544 ‘2
667 1538 675 1562 ;
702 1541 718 1560 »
744 1527 841 1577 post
873 1527 1010 1562 tantas
1033 1517 1312 1562 difficultates
1335 1534 1469 1562 exau-

78 1590 214 1635 ditam
236 1605 280 1635 se
297 1589 440 1633 anima
453 1588 524 1648 pia
543 1588 804 1647 significans,
826 1604 957 1648 quam
971 1587 1071 1632 licet
1089 1588 1218 1632 etiam
1232 1588 1472 1633 Ecclesiam

77 1660 343 1719 intelligere,
368 1657 469 1703 vide
491 1658 599 1718 quid
622 1658 818 1719 adjungit
846 1677 853 1702 :
890 1677 906 1699 «
936 1657 1150 1702 Disceclite
1178 1676 1201 1702 a
1228 1675 1298 1702 me
1321 1674 1471 1703 omnes

85 1753 103 1776 >›
139 1731 214 1792 qui
228 1729 469 1791 operamini
486 1729 778 1789 iniquitatem3
798 1730 1007 1789 quoniam
1026 1729 1243 1774 exaudivit
1263 1730 1473 1775 Dominus

86 1823 104 1845 »
138 1817 291 1847 vocem
313 1800 441 1844 fletus
459 1800 546 1844 mei
561 1802 593 1844 ².
611 1820 628 1842 »
652 1799 734 1844 Vel
750 1800 795 1843 in
817 1801 1044 1860 prophetia
1066 1799 1233 1844 dictum
1249 1810 1312 1844 est
1322 1837 1338 1857 ,
1361 1817 1473 1861 quo-

81 1872 196 1917 niam
217 1870 444 1916 discessuri
461 1879 561 1914 sunt
576 1905 587 1926 ,
612 1869 658 1913 id
679 1879 770 1925 est,
795 1870 1112 1929 separabuntur
1143 1887 1164 1914 a
1182 1871 1309 1930 justis
1333 1870 1470 1930 impii,

82 1958 184 1987 cum
204 1940 359 2002 judicii
390 1940 480 1985 dies
502 1940 692 1998 venerit3
714 1939 786 1985 vel
813 1956 946 1984 nunc.
975 1940 1086 1993 Quia
1112 1940 1278 1984 etiamsi
1314 1941 1474 2000 pariter

83 2022 216 2073 atque
251 2010 404 2056 iisdem
439 2009 754 2055 conventiculis
790 2011 1086 2065 continentur,
1121 2020 1268 2055 tamen
1298 2011 1345 2054 in
1376 2027 1475 2056 area

84 2084 204 2129 nuda
213 2083 305 2143 jam
326 2097 458 2141 grana
475 2090 671 2141 separata
693 2091 795 2126 sunt
817 2098 840 2125 a
862 2081 1016 2141 paleis,
1041 2082 1238 2143 quamvis
1259 2083 1372 2127 inter
1393 2099 1473 2143 pa-

84 2154 173 2199 leas
193 2153 372 2198 lateant.
401 2152 540 2198 Simul
561 2152 708 2213 itaque
724 2151 884 2197 versari
897 2161 1095 2212 possunt,
1115 2152 1191 2197 sed
1203 2153 1332 2197 simul
1344 2164 1475 2199 vento

87 2223 249 2270 auferri
265 2238 355 2267 non
372 2231 569 2282 possunt.

146 2296 225 2339 XI.
264 2311 283 2334 «
310 2293 526 2347 Quoniam
543 2291 764 2337 exaudivit
786 2293 995 2338 Dominus
1012 2293 1141 2337 fletus
1162 2294 1269 2349 mei3
1294 2292 1477 2338 exaudi—

94 2386 113 2408 »
147 2365 211 2410 vit
221 2363 431 2409 Dominus
443 2362 793 2423 deprecationem
809 2379 950 2408 meam
968 2385 979 2422 3
1003 2364 1214 2409 Dominus
1236 2365 1478 2409 orationem

97 2456 115 2479 »
149 2451 291 2480 meam
309 2433 578 2493 assumpsitss.
596 2434 792 2479 »Crebra
807 2433 1000 2494 ejusdem
1013 2434 1239 2478 sententiae
1257 2435 1474 2494 repetitio,

93 2522 183 2551 non
205 2505 328 2566 quasi
349 2504 562 2549 narrantis
579 2504 893 2558 necessitatem⁷
919 2504 994 2548 sed
1016 2504 1222 2548 affectum
1245 2505 1477 2550 exultantis

145 2599 154 2615 ¹
179 2591 254 2623 Psal.
272 2602 384 2632 xxxin,
406 2602 456 2633 ¹9-
478 2607 519 2612 -
536 2596 548 2612 ‘¹
570 2589 616 2621 ld.
640 2601 687 2630 vx,
703 2600 734 2632 9.
756 2607 796 2611 —
819 2588 931 2620 31bi1l.
955 2599 1002 2620 10.

232 2656 354 2686 cxlv.
1166 2645 1211 2682 11
