1833 3284
403 237 742 266 ANNOTATLONUM
775 241 820 266 ΙΝ
851 241 945 276 son,
979 240 1117 265 LlBER.
1401 231 1454 268 97

75 319 162 348 eos.
191 304 312 349 Sicut
332 303 449 347 enim
469 303 545 363 qui
565 303 734 347 habitat
755 304 801 347 in
822 302 943 348 coelis
957 337 969 358 ‚
1004 303 1094 361 ipse
1121 310 1184 345 est
1204 303 1421 352 Dominus,
1444 322 1454 345 :

73 373 134 417 ita
151 373 240 418 sive
259 372 446 418 Pleiadis
457 388 619 417 nomen
643 407 653 427 ‚
680 373 768 417 sive
790 373 960 417 Orionis
976 407 987 427 ‚
1012 372 1059 415 in
1077 371 1229 415 eadem
1242 372 1458 431 significa-

46 437 191 487 ·'tione
224 451 314 498 est,
340 443 375 486 si
403 457 482 502 per
508 442 768 487 utrumlibet
797 443 942 487 omnia
963 442 1101 486 sidera
1130 441 1453 501 intelliguntur.

72 513 282 557 Omnium
299 512 446 573 itaque
467 513 658 557 siderum
680 514 856 557 nomine
870 548 881 568 ‚
906 526 1056 557 onmes
1074 513 1120 556 in
1142 512 1334 557 Ecclesia
1351 513 1458 559 tales

71 582 342 642 intelligendi
373 591 498 638 sunt,
524 583 601 643 qui
627 584 996 628 conversationem
1015 582 1181 626 habent
1208 583 1256 626 in
1289 584 1453 628 coelis¹.

70 657 214 699 Nexus
236 669 389 699 eorum
408 653 731 713 intelliguntur,
755 655 916 715 quibus
933 663 976 699 et
996 655 1183 699 invicem
1199 655 1280 698 sibi
1301 664 1346 699 et
1366 659 1458 701 Deo

70 733 394 770 connectuntur
414 740 470 768 ne
487 724 659 769 cadant.
689 726 920 771 «Charitas
948 734 1095 769 autem
1124 741 1353 785 nunquam
1382 743 1456 771 ca-

72 812 94 837 »
129 795 194 839 dit
205 799 236 839 ².
260 813 281 837 »
303 795 408 848 Quis
430 803 574 839 autem
596 795 681 839 hoc
702 804 867 849 nosset,
886 795 968 838 nisi
988 794 1061 838 ille
1077 794 1333 839 ostendisset
1347 831 1357 850 ,
1381 798 1457 857 qui

69 866 130 910 ait
149 885 157 910 ε
183 884 204 908 «
227 866 486 910 Mandatum
503 880 666 910 novum
690 864 747 909 do
767 865 891 909 vobis
905 900 916 919 ‚
941 874 993 909 ut
1014 880 1089 908 vos
1106 865 1289 909 invicem
1309 865 1458 925 diliga-

73 953 94 978 »
129 935 210 980 tis3
229 955 238 980 :
259 953 280 976 »
305 944 349 979 et
365 970 376 991 ‚
407 954 427 977 «
447 935 531 988 Qui
552 950 622 978 me
644 934 807 993 diligit,
843 933 1048 994 diligetur
1066 951 1089 979 a
1110 938 1236 979 Patre
1258 938 1413 980 me0⁴?
1433 956 1453 977 n

71 1010 253 1067 Septum
274 1022 426 1052 eorum
448 1015 512 1050 est
528 1022 617 1066 quo
644 1006 873 1066 sepiuntur
887 1006 1032 1051 divina
1059 1007 1295 1066 Scriptura,
1324 1023 1455 1067 quam

69 1094 159 1122 non
179 1077 572 1137 transgrediuntur.
586 1076 690 1130 Quis
709 1086 853 1121 autem
866 1077 980 1120 hanc
989 1077 1141 1135 aperit,
1157 1077 1239 1120 nisi
1256 1076 1311 1120 ad
1326 1093 1460 1136 quem

68 1149 291 1201 transitur,
328 1157 378 1192 ut
404 1147 625 1192 auferatur
660 1146 890 1191 velamen?
914 1150 1102 1206 Tempus
1130 1147 1363 1205 apertionis
1396 1157 1460 1192 cst

67 1236 218 1265 eorum
231 1255 243 1276 ‚
266 1219 314 1263 id
336 1229 415 1274 est,
436 1218 812 1263 demonstrationis
831 1227 874 1262 et
890 1218 1248 1262 manifestationis
1269 1253 1279 1273 ‚
1304 1237 1325 1259 «
1345 1220 1460 1262 Cum

70 1309 92 1333 >›
124 1291 271 1336 venie-t
285 1291 497 1335 Dominus
512 1325 523 1346 ‚
548 1299 592 1333 et
603 1289 869 1333 illuminabit
886 1288 1140 1333 abscondita
1157 1289 1458 1343 tenebrarum⁷

70 1379 91 1404 >›
126 1370 170 1406 et
185 1360 483 1406 manifestabit
499 1360 782 1419 cogitationes
801 1359 958 1412 cordis,
974 1367 1017 1402 et
1030 1368 1136 1403 tunc
1151 1360 1232 1402 erit
1249 1359 1343 1403 laus
1358 1360 1459 1403 unia-

69 1449 90 1473 »
125 1431 284 1491 cuique
299 1447 323 1475 a
340 1434 431 1475 Deo
445 1432 460 1456 ⁵
479 1451 490 1487 3
515 1449 535 1472 »
561 1429 676 1474 solus
694 1430 809 1473 enim
826 1430 917 1488 ipse
938 1429 1023 1472 hoc
1045 1427 1174 1472 faciet
1195 1429 1241 1471 in
1263 1437 1460 1487 tempore

67 1517 160 1546 suo.
191 1502 341 1555 «Quia
362 1517 463 1545 cum
487 1501 578 1560 ipse
607 1500 857 1560 apparuerit
877 1500 966 1543 vita
987 1507 1156 1553 nostra,
1183 1508 1227 1542 et
1255 1513 1334 1543 nos
1357 1515 1461 1544 cum

73 1593 90 1614 »
125 1571 201 1617 illo
230 1572 536 1632 apparebimus
557 1572 602 1615 in
624 1570 802 1630 gloriass.
829 1592 847 1611 »
870 1569 1058 1614 Inducet
1079 1578 1225 1613 autem
1238 1585 1310 1613 eos
1329 1586 1460 1629 super

61 1643 396 1687 aedificationem
417 1656 569 1686 eorum
585 1676 597 1697 ,
618 1641 694 1701 qui
717 1656 788 1685 eos
809 1640 939 1684 faciet
960 1640 1044 1684 hoc
1060 1640 1281 1700 possidere
1297 1675 1308 1695 ‚
1336 1640 1459 1700 quod

62 1712 134 1757 hic
151 1712 475 1757 aedificaverint.
500 1730 517 1751 «
538 1712 581 1756 Si
598 1712 720 1771 cujus
743 1712 860 1755 enim
877 1726 986 1770 opus
1003 1710 1307 1769 permanserit,
1335 1712 1459 1770 quod

68 1803 86 1826 »
121 1783 479 1844 superaedificavit
495 1818 505 1838 ‚
542 1783 789 1827 mercedem
825 1782 1009 1841 accipiet
1023 1784 1053 1825 ⁷.
1098 1782 1187 1826 Scis
1215 1792 1458 1826 commuta-

69 1873 86 1895 »
121 1855 260 1898 tiones
276 1852 377 1898 eoeli
390 1855 451 1896 3.»
479 1855 636 1897 Utrum
649 1852 695 1896 in
712 1851 918 1904 deterius,
939 1852 1051 1896 sicut
1072 1852 1101 1894 ii
1128 1852 1250 1905 «Qui
1268 1868 1455 1910 cognos-

66 1942 87 1965 »
121 1932 268 1968 centes
282 1927 438 1978 Deum,
454 1938 543 1967 non
557 1922 668 1966 sicut
682 1925 823 1966 Deum
839 1921 1208 1979 glorificaverunt⁹
1219 1923 1236 1964 Ξ)
1251 1943 1268 1963 »
1295 1921 1461 1967 Nolue-

64 2003 170 2039 runt
190 1994 307 2038 enim
328 2008 418 2037 esse
439 1992 560 2036 sedes
582 1992 661 2036 Dei
685 2011 693 2036 :
721 2007 770 2035 ac
797 2006 875 2050 per
902 1992 987 2035 hoe
1013 1991 1172 2034 mutati
1200 2001 1325 2046 sunt,
1356 2008 1459 2036 cum

65 2073 336 2111 evanuerunt
358 2064 405 2108 in
431 2063 767 2122 cogitatIOnibus
793 2063 894 2106 suis.
919 2064 989 2106 An
1017 2062 1063 2105 in
1090 2061 1271 2106 melius?
1307 2081 1325 2102 «
1348 2064 1462 2115 Quia

70 2155 88 2178 »
124 2150 275 2181 omnes
291 2132 471 2195 quidem
489 2148 762 2191 resurgemus
777 2167 788 2187 ‚
805 2147 895 2176 non
911 2140 1059 2175 tamen
1082 2147 1231 2176 omnes
1254 2132 1459 2176 immuta-

74 2226 92 2248 »
125 2207 329 2250 bimur¹⁰.
353 2223 371 2246 J>
398 2203 484 2257 Qui
506 2212 654 2248 autem
674 2202 1044 2255 immutabuntur,
1069 2200 1352 2245 manifestum
1375 2212 1456 2257 est,

53 2292 170 2322 .cum
197 2277 256 2320 ait
280 2294 290 2320 2
319 2293 338 2316 «
359 2278 418 2320 Et
436 2290 515 2319 nos
535 2274 883 2318 immutabimur.
915 2292 931 2313 »
967 2274 1079 2317 Cum
1103 2272 1218 2316 enim
1238 2273 1346 2332 justi
1375 2273 1459 2317 im-

69 2346 379 2401 mutabuntur,
404 2344 570 2391 coelum
586 2343 891 2388 immutabitur
914 2362 922 2386 :
946 2342 1049 2403 quia
1067 2343 1251 2387 thronus
1269 2343 1348 2387 Dei
1365 2360 1459 2388 ccc-

119 2463 129 2480 ¹
148 2456 260 2499 Philip.
282 2467 328 2497 m,
347 2464 402 2488 20.
422 2471 464 2477 -·
480 2461 493 2477 2
515 2465 528 2486 1
549 2457 622 2487 Cor.
641 2465 717 2495 xiii,
737 2452 769 2485 8.
788 2470 829 2475 -
850 2451 864 2475 3
878 2455 968 2484 Joan.
985 2463 1059 2493 xm,
1079 2450 1133 2491 34¹.
1155 2468 1197 2474 -—-
1215 2449 1294 2484 4111.
1315 2463 1383 2494 mv,
1403 2462 1457 2486 21.

73 2528 114 2535 ·—
132 2510 148 2535 5
169 2523 182 2544 1
204 2507 277 2545 Cor.
295 2522 341 2553 w,
361 2512 393 2543 5.
412 2527 454 2532 -
472 2507 488 2531 6
506 2508 573 2542 Col.
594 2519 645 2549 111,
666 2508 699 2551 [μ
720 2525 762 2530 -
781 2515 794 2541 7
817 2520 830 2540 1
851 2511 922 2541 Cor.
944 2518 995 2549 111,
1018 2505 1238 2549 14.-8J0b.
1255 2518 1390 2549 xxxviii,
1405 2509 1458 2540 33.

73 2575 144 2600 —9
161 2569 252 2600 nom.
279 2578 300 2600 1.
321 2575 376 2599 21.
396 2583 438 2588 —
460 2572 490 2588 ¹⁰
516 2576 528 2596 1
556 2567 628 2598 Cor.
650 2575 706 2606 xv,
726 2563 781 2595 51.

288 2632 410 2661 cxlv.
1236 2621 1259 2654 7
