1833 3284
374 235 457 275 342
812 249 845 274 s.
882 245 1113 274 Aueus'mm
1146 247 1328 274 EPISCOPI

374 331 395 354 »
421 315 561 357 Unam
582 312 712 372 petii,
740 314 863 357 Hanc
891 312 1125 372 requiram.
1148 333 1165 353 »
1193 315 1250 356 Et
1277 312 1401 373 quasi
1423 311 1666 357 diceremus
1687 312 1726 357 ei
1755 331 1764 358 ε

371 386 429 429 Et
445 383 551 444 quid
570 383 628 427 ibi
645 382 838 428 facturus
857 385 925 427 es?
939 399 1038 443 quae
1062 383 1121 426 ibi
1144 382 1376 428 delectatio
1393 386 1497 428 tua?
1519 383 1641 445 quod
1659 399 1764 428 avo-

369 465 620 499 camentum
646 453 814 499 cordis?
831 470 929 515 quae
952 452 1038 497 illae
1066 453 1253 509 deliciae,
1278 454 1397 498 unde
1422 453 1577 514 gaudia
1600 470 1763 515 suppe-

369 529 490 571 tent?
514 530 612 571 Non
639 527 753 570 enim
781 527 841 570 ibi
866 526 1146 586 pe1·dtn·abiS‚
1180 526 1262 570 nisi
1296 526 1398 571 felix
1435 526 1531 571 eris.
1563 526 1763 571 Felicitas

369 607 516 642 autem
559 596 632 642 illa
667 596 786 642 unde
824 596 1055 642 succedet?
1092 597 1315 642 Habemus
1354 597 1472 641 enim
1506 597 1577 642 hic
1625 596 1764 642 felici-

369 679 478 714 tates
512 669 700 713 diversas
734 669 900 728 generis
931 669 1136 724 humani,
1169 678 1212 713 et
1235 669 1363 713 miser
1388 669 1576 730 quisque
1605 667 1766 713 dicitur

366 741 545 802 quando
566 740 629 784 illi
651 741 925 785 subtrahitur
952 740 1073 801 quod
1096 750 1227 785 amat.
1249 743 1411 785 Amant
1440 756 1542 800 ergo
1565 740 1764 785 homines

368 811 558 858 diversas
586 828 672 870 res3
697 821 741 857 et
762 811 941 873 quando
965 812 1151 873 quisque
1172 811 1293 873 quod
1314 820 1430 857 amat
1454 812 1617 856 habere
1638 811 1764 856 vide-

367 893 455 940 tur,
488 883 590 928 felix
619 894 816 929 vocatur.
849 887 962 928 Vere
990 894 1137 928 autem
1172 883 1272 928 felix
1310 893 1401 940 est,
1434 899 1523 928 non
1545 884 1580 928 si
1614 883 1659 928 id
1685 884 1765 928 ha-

365 954 469 1000 beat
489 954 610 1016 quod
627 964 769 1014 amat3
788 955 863 999 sed
886 955 918 1000 si
935 954 980 999 id
1005 964 1119 1000 amet
1137 953 1258 1016 quod
1280 954 1519 1000 amandum
1537 962 1614 999 est.
1632 954 1764 1000 Multi

365 1026 483 1070 enim
506 1026 651 1071 miseri
672 1027 804 1085 magis
827 1025 1035 1071 habendo
1062 1027 1183 1087 quod
1207 1035 1377 1082 amant,
1401 1042 1536 1087 quam
1555 1026 1760 1071 carendo.

366 1097 570 1142 Amando
593 1099 709 1143 enim
728 1114 792 1142 res
810 1098 957 1143 noxias
974 1098 1141 1153 miseri,
1162 1097 1368 1142 habendo
1386 1107 1488 1142 sunt
1504 1098 1761 1142 miseriores.

366 1171 424 1213 Et
462 1169 676 1229 propitius
713 1172 828 1214 Deus
848 1205 859 1225 ,
905 1185 1006 1213 cum
1048 1168 1163 1213 male
1212 1184 1406 1213 amamus
1429 1205 1440 1224 ‚
1477 1177 1609 1228 negat
1643 1167 1766 1229 quod

369 1255 563 1285 amamus
587 1261 594 1285 :
616 1241 751 1286 iratus
769 1251 915 1285 autem
933 1241 1008 1285 dat
1023 1241 1184 1285 amanti
1203 1240 1323 1301 quod
1337 1240 1448 1284 male
1466 1249 1597 1284 amat.
1621 1240 1766 1285 Habes

366 1311 592 1357 evidenter
617 1310 837 1357 dicentem
860 1312 1120 1372 Apostolum
1146 1331 1154 1356 :
1187 1331 1204 1353 «
1226 1312 1422 1356 Tradidit
1450 1311 1546 1356 illos
1578 1315 1692 1356 Deus
1718 1312 1766 1356 in

372 1405 390 1426 »
427 1385 828 1445 concupiscentiam
874 1385 1015 1429 cordis
1057 1400 1209 1429 eorum
1224 1385 1244 1432 1.
1265 1404 1282 1425 »
1328 1383 1459 1429 Dedit
1496 1399 1599 1444 ergo
1646 1383 1767 1445 quod

369 1457 600 1511 amabant,
631 1456 707 1501 sed
739 1455 1006 1500 damnando.
1034 1456 1179 1501 Habes
1202 1471 1374 1500 rursum
1394 1464 1627 1515 negantem
1649 1456 1765 1516 peti-

368 1537 463 1573 tum
492 1548 500 1573 2
536 1532 752 1587 «Propter
780 1527 902 1588 quod
929 1537 994 1572 ter
1017 1527 1252 1572 Dominum
1280 1527 1456 1586 rogavi,
1483 1527 1651 1588 inquit,
1690 1535 1766 1571 aut

372 1621 389 1641 »
427 1600 618 1643 auferret
642 1615 743 1643 eum
758 1616 779 1643 a
795 1615 865 1643 me
877 1635 887 1654 ‚
914 1598 1163 1656 (stimulum
1176 1597 1380 1643 videlicet
1397 1598 1537 1643 carnis
1549 1601 1586 1656 ⁷)
1602 1607 1646 1642 et
1657 1597 1766 1643 dixit

373 1691 390 1713 »
426 1671 556 1715 mihi:
581 1670 750 1715 Sufficit
770 1670 848 1714 tibi
872 1671 1008 1729 gratia
1025 1686 1120 1714 mea
1138 1692 1148 1728 3
1173 1686 1273 1713 nam
1289 1670 1426 1714 virtus
1447 1669 1493 1713 in
1512 1669 1765 1714 infirmitate

372 1764 390 1784 »
426 1743 684 1803 perficitur-2.
698 1763 714 1783 »
741 1745 855 1786 Ecce
875 1741 971 1786 illos
993 1741 1114 1786 dedit
1135 1743 1181 1786 in
1204 1742 1601 1802 concupiscentiam
1623 1741 1765 1787 cordis

365 1831 517 1859 eorum
539 1834 547 1859 :
570 1814 705 1858 Paulo
723 1813 919 1873 apostolo
934 1814 1108 1873 negavit
1130 1814 1250 1874 quod
1273 1814 1438 1859 oravit:
1459 1813 1542 1858 illis
1565 1812 1687 1858 dedit
1709 1812 1765 1858 ad

365 1885 692 1930 damnationem
709 1921 719 1940 ,
739 1885 844 1928 huic
864 1886 1037 1943 negavit
1059 1884 1112 1929 ad
1139 1885 1382 1929 sanitatem.
1409 1887 1523 1930 Cum
1544 1894 1689 1929 autem
1718 1884 1764 1929 id

366 1972 563 2001 amamus
583 1955 704 2017 quod
733 1954 829 1999 vult
851 1959 965 2000 Deus
988 1964 1038 1999 ut
1061 1971 1275 2011 amemus,
1299 1955 1608 2016 proculdubio
1633 1955 1764 2000 datu-

363 2044 437 2072 rus
460 2038 524 2072 est
543 2028 685 2073 nobis.
713 2030 817 2071 Haec
841 2035 904 2071 est
926 2026 1001 2071 illa
1027 2042 1131 2081 una,
1158 2042 1258 2087 quae
1280 2026 1412 2070 debet
1434 2027 1584 2082 amari,
1611 2036 1661 2071 ut
1680 2027 1761 2071 ha-

364 2099 553 2143 bitemus
573 2099 618 2141 in
641 2097 772 2142 domo
795 2097 969 2142 Domini
984 2112 1062 2157 per
1077 2113 1226 2141 omnes
1250 2096 1340 2141 dics
1362 2097 1463 2141 vitae
1483 2107 1656 2142 nostrae.

423 2172 547 2213 VIII.
584 2172 640 2213 Et
669 2169 773 2230 quia
795 2169 841 2212 in
863 2168 951 2213 istis
982 2169 1163 2212 terrenis
1185 2168 1529 2213 habitationibus
1546 2205 1556 2225 ‚
1583 2168 1761 2214 diversis

365 2239 529 2285 deliciis
552 2249 594 2284 et
616 2239 917 2300 voluptatibus
934 2239 1132 2284 homines
1150 2240 1442 2295 oblectantur,
1464 2250 1508 2284 et
1529 2241 1762 2301 unusquis-

363 2328 448 2373 que
467 2313 512 2356 in
542 2327 591 2356 ea
613 2311 710 2356 vult
734 2311 866 2356 domo
889 2311 1089 2355 habitare
1104 2346 1114 2365 ‚
1142 2311 1219 2354 ubi
1242 2327 1331 2355 non
1360 2311 1521 2356 babeat
1548 2310 1670 2372 quod
1692 2310 1760 2356 of-

363 2383 514 2428 fendat
532 2384 726 2427 animum
745 2419 755 2437 ,
782 2392 824 2426 et
845 2382 1003 2426 habeat
1022 2381 1157 2426 multa
1174 2398 1273 2443 quae
1296 2382 1542 2441 delectent3
1562 2382 1596 2427 si
1613 2391 1759 2427 autem

362 2455 678 2499 subtrahantur
700 2470 748 2497 ea
772 2470 871 2514 quae
894 2452 1192 2508 delectabant,
1225 2452 1319 2498 vult
1354 2454 1487 2498 homo
1517 2452 1758 2498 undecum-

362 2541 448 2586 quc
473 2525 658 2583 migrare
685 2544 692 2568 :
719 2525 1033 2582 interrogemus
1051 2524 1174 2584 quasi
1195 2524 1429 2579 curiosius,
1455 2533 1498 2569 et
1519 2523 1637 2570 dicat
1656 2524 1752 2579 iste,

412 2619 418 2633 ¹
442 2613 531 2643 Rom.
550 2622 572 2651 ι,
591 2610 644 2652 2‘4.
673 2627 713 2632 —-
728 2618 739 2632 ⁷
759 2619 777 2641 2
792 2613 865 2643 Cor.
888 2621 945 2650 xit,
969 2609 1002 2650 8,
1020 2620 1052 2650 ς).
