1833 3284
420 221 660 250 ENAnnAno
692 223 737 249 m
769 218 972 251 PsALMUM
1005 218 1065 246 1X.
1354 209 1438 247 199
1479 260 1481 262 Ι

58 306 78 330 »
114 297 217 333 sunt
230 290 261 332 ¹.
289 305 310 328 >›
335 286 421 341 Qui
442 301 545 344 ergo
566 300 656 330 non
674 285 950 343 corriguntur
970 283 1052 327 isto
1069 281 1242 328 occulto
1264 282 1341 327 Dei
1356 284 1433 343 ju'-

53 357 191 414 dicio,
214 356 460 416 dignissime
491 354 566 399 illo
598 353 827 400 manifesto
858 353 1113 414 punientur.
1148 352 1360 407 Quocirca
1391 353 1439 398 in

52 429 138 474 hoc
159 427 330 473 Psalmo
351 424 622 471 observanda
651 434 754 471 sunt
785 423 956 470 occulta
986 423 1101 479 Filii,
1126 422 1172 467 id
1192 432 1271 478 est,
1292 432 1336 468 et
1353 424 1440 467 hu-

53 498 166 543 milis
188 499 279 559 ejus
300 496 536 550 adventus,
561 511 650 556 quo
677 493 844 555 profuit
864 493 1098 548 Gentibus,
1122 508 1226 538 cum
1244 493 1441 542 caecitate

50 569 332 625 Judaeorum,
357 577 401 612 et
432 582 565 627 poena
598 582 698 627 quae
725 581 844 611 nunc
864 564 1034 610 occulte
1056 564 1219 624 agitur,
1238 564 1439 609 nondum

51 640 331 685 damnatione
351 638 627 700 peccantium
639 674 652 694 ,
678 637 755 683 sed
782 646 859 682 aut
879 636 1187 681 exercitatione
1206 651 1440 681 converso-

49 727 173 768 rum,
199 720 276 759 aut
304 709 602 755 admonitione
633 718 685 759 ut
713 716 1047 764 convertantur,
1072 717 1149 753 aut
1174 708 1370 754 caecitate
1390 716 1441 752 ut

51 782 324 828 damnationi
345 790 647 842 praeparentur
669 781 747 842 qui
761 781 958 826 converti
979 780 1216 826 noluerint.

110 856 170 898 11.
211 853 498 898 «Confitebor
520 852 601 896 tibi
619 888 630 907 ,
655 851 840 897 Domine
855 886 866 907 ,
898 851 944 894 in
966 861 1060 896 toto
1087 850 1218 898 corde
1242 866 1341 897 meo
1358 853 1391 894 ².
1415 868 1438 894 i»

50 925 148 972 Non
170 923 217 979 in
233 932 326 972 toto
343 922 475 968 corde
497 923 732 967 confitetur
749 925 840 969 Deo
854 957 867 976 ,
891 921 1040 982 quide
1055 921 1328 981 providentia
1349 923 1442 982 ejus

50 994 97 1043 in
113 994 260 1055 aliquo
276 994 451 1042 dubitat
469 1014 478 1038 :
493 994 569 1038 sed
580 993 655 1056 qui
667 995 757 1054 jam
769 993 908 1037 cernit
924 992 1095 1040 occulta
1108 992 1331 1052 sapientiae
1343 992 1438 1048 Dei,

50 1074 268 1126 quantum
296 1065 352 1115 sit
371 1064 587 1109 invisibile
610 1064 839 1125 praemium
858 1065 953 1125 ejus
969 1099 980 1119 ,
1009 1064 1086 1124 qui
1106 1062 1214 1111 dicit
1239 1083 1249 1108 t
1279 1082 1300 1107 α
1325 1065 1444 1108 Gau-

54 1154 74 1177 »
110 1134 328 1180 demusin
352 1135 738 1180 tribulationibus3
767 1154 776 1180 :
805 1153 825 1176 »
847 1133 1277 1194 etquemadmodum
1293 1149 1444 1182 omnes

51 1206 291 1264 cruciatus,
317 1207 392 1268 qui
414 1204 696 1265 corporaliter
712 1203 979 1263 inferuntur,
999 1213 1076 1249 aut
1091 1213 1319 1250 exerceant
1341 1221 1444 1250 con-

50 1292 195 1321 versos
217 1276 273 1322 ad
289 1280 445 1332 Deum,
463 1285 538 1327 aut
550 1285 600 1321 ut
612 1285 926 1323 convertantur
942 1275 1223 1332 admoneant,
1239 1285 1315 1321 aut
1326 1277 1443 1337 juste

51 1340 321 1396 damnationi
346 1347 512 1394 ultimae
533 1357 780 1409 praeparent
795 1346 1060 1406 obduratos,
1081 1356 1125 1391 et
1145 1347 1205 1391 sic
1220 1348 1366 1392 omnia
1389 1346 1443 1391 ad

51 1417 212 1470 divinae
237 1417 523 1478 providentiae
546 1418 742 1477 regimen
769 1417 1031 1474 referantur,
1056 1433 1155 1478 quae
1177 1417 1299 1462 stulti
1320 1417 1444 1478 quasi

51 1505 155 1541 casu
176 1498 220 1532 et
236 1499 397 1533 temere
411 1499 454 1534 et
467 1488 588 1533 nulla
602 1489 748 1535 divina
769 1488 1140 1534 administratione
1153 1489 1247 1533 fieri
1265 1498 1440 1549 putant.

55 1579 77 1602 «
101 1560 296 1605 Narrabo
319 1560 463 1604 omnia
481 1560 693 1604 mirabilia
712 1569 805 1622 ¹tua.
830 1580 849 1601 n
877 1563 1032 1606 Narrat
1058 1560 1203 1605 omnia
1227 1560 1443 1604 mirabilia

51 1630 147 1686 Dei,
165 1631 308 1692 quiea
330 1647 420 1676 non
441 1630 583 1676 solum
604 1631 651 1675 in
672 1631 929 1691 corporibus
946 1630 1106 1691 palam,
1124 1629 1198 1675 sed
1222 1631 1267 1674 in
1289 1630 1443 1675 animis

53 1701 327 1750 invisibiliter
354 1702 532 1763 quidem
550 1738 561 1758 ,
595 1702 670 1747 sed
694 1702 825 1762 longe
847 1702 1075 1747 sublimius
1097 1713 1140 1747 et
1167 1701 1446 1747 excellentius

52 1772 146 1818 fieri
171 1772 305 1826 videt.
335 1776 444 1823 Nam
468 1774 627 1818 terreni
647 1774 845 1819 homines
878 1782 921 1818 et
949 1772 1084 1834 oculis
1112 1773 1274 1829 dediti,
1308 1773 1444 1832 magis

52 1843 269 1889 mirantur
309 1845 590 1889 resurrexisse
628 1845 673 1889 in
713 1861 894 1907 corpore
936 1855 1158 1890 mortuum
1198 1849 1411 1890 Lazarum
1429 1882 1441 1902 ,

53 1930 186 1977 quam
221 1916 498 1969 resurrexisse
517 1915 564 1959 in
586 1916 729 1961 anima
751 1926 1075 1976 persecutorem
1095 1917 1283 1962 Paulum
1297 1918 1328 1961 4.
1360 1916 1446 1963 Sed

53 1986 262 2047 quoniam
277 1986 445 2033 visibile
456 1987 713 2031 miraculum
729 1986 784 2032 ad
795 1987 1158 2036 illuminationem
1172 1989 1363 2033 animam
1374 2005 1446 2033 vo-

54 2064 139 2112 cat,
166 2055 380 2101 invisibile
399 2066 543 2101 autem
560 2072 653 2102 eam
667 2074 766 2118 quae
787 2067 940 2103 vocata
953 2059 1072 2103 venit
1087 2057 1305 2104 illuminat
1321 2081 1332 2118 3
1350 2075 1446 2104 om-

54 2126 126 2171 nia
148 2136 294 2180 narrat
310 2127 524 2181 mirabilia
544 2129 645 2184 Dei,
663 2129 738 2190 qui
758 2129 938 2175 credens
954 2130 1198 2176 visibilibus
1216 2130 1272 2176 ad
1288 2130 1446 2176 intelli-

55 2196 198 2262 genda
222 2198 452 2244 invisibilia
475 2199 704 2249 transitum
733 2199 851 2246 facit.

115 2284 197 2325 III.
237 2282 487 2338 «Laetabor,
504 2292 547 2328 et
564 2282 769 2329 exultabo
787 2284 833 2329 in
847 2288 932 2330 te5.
946 2304 967 2327 »
993 2288 1090 2331 Non
1101 2287 1190 2346 jam
1211 2286 1257 2332 in
1272 2287 1358 2332 hoc
1369 2303 1446 2332 sae-

56 2349 156 2399 culo
171 2387 182 2407 ,
207 2368 297 2396 non
319 2353 364 2396 in
386 2353 610 2413 voluptate
632 2356 984 2401 contrectationis
1006 2373 1236 2416 corporum
1255 2393 1266 2413 ,
1295 2374 1376 2403 nec
1396 2359 1442 2402 in

55 2420 189 2480 palati
210 2431 254 2466 et
271 2421 434 2482 linguae
455 2425 702 2484 saporibus,
726 2442 806 2471 nec
830 2427 876 2470 in
899 2427 1110 2472 suavitate
1132 2427 1318 2473 odorum
1333 2464 1344 2484 ,
1366 2444 1446 2473 nec
1493 2442 1500 2448 ·

105 2525 114 2541 ¹
136 2520 210 2561 Sap.
231 2532 289 2562 κη,
307 2521 363 2562 25,
386 2521 439 2553 26.
460 2539 502 2545 --
518 2529 531 2545 ²
552 2523 632 2555 Psal.
656 2534 702 2555 11.
723 2532 754 2556 2.
774 2541 816 2547 —-
831 2522 844 2547 3
869 2527 960 2556 Rom.
977 2535 1012 2566 v,
1028 2525 1059 2556 3.
1076 2542 1119 2548 -
1136 2523 1322 2566 4soan.x1,
1341 2524 1398 2567 44,
1414 2530 1448 2557 et

57 2575 120 2605 Act
147 2586 187 2606 ix.
205 2591 246 2597 —-
260 2573 275 2598 5
299 2576 377 2608 Psal.
396 2588 441 2617 ix,
463 2577 494 2608 3.
