1833 3284
399 256 482 296 410
826 272 857 296 s.
897 269 1130 299 AUGUSTINI
1165 272 1346 299 EPISCOPI

400 344 481 379 tus.
512 353 531 374 >›
560 334 808 379 Infit-matus
829 345 892 380 est
914 337 957 380 in
976 346 1165 395 egestate
1184 338 1308 397 vigor
1331 350 1452 379 meus
1469 370 1480 390 ‚
1506 344 1548 379 et
1572 349 1665 379 ossa
1692 345 1789 379 mea

401 423 420 446 »
457 405 715 450 conturbata
733 417 848 450 sunt.
875 425 894 448 »
912 410 974 451 De
996 409 1076 452 hae
1097 417 1282 466 egestate
1301 421 1428 466 supra
1454 406 1658 449 diximus.
1684 406 1789 449 Ossa

395 492 498 520 vero
532 475 664 521 fortes
685 477 992 537 intelliguntur
1013 478 1240 533 Ecclesiae,
1277 478 1352 538 qui
1381 476 1546 521 etiamsi
1566 491 1657 520 non
1679 491 1788 520 eon-

396 548 629 592 turbantur
642 550 1017 608 persecutionibus
1029 550 1286 602 alienorum,
1302 549 1625 594 conturbantur
1642 557 1791 592 tamen

395 619 699 679 iniquitatibus
721 619 921 665 fi'atrum.

454 693 530 733 VI.
571 710 590 732 «
615 693 754 751 Super
786 707 937 736 omnes
966 692 1164 736 inimicos
1197 707 1316 736 meos
1348 689 1486 735 factus
1509 705 1606 734 sum
1628 704 1789 750 oppro-

397 778 418 803 »
454 761 598 806 brium
615 798 625 817 ,
659 772 702 807 et
727 763 879 808 vicinis
903 765 1009 808 meis
1042 764 1249 818 nimium,
1276 772 1318 807 et
1340 764 1471 807 timor
1497 761 1611 806 notis
1633 761 1785 806 meis¹.

400 853 417 874 »
456 836 595 893 Super
617 849 766 878 omnes
787 835 984 880 inimicos
1007 851 1126 880 meos
1147 835 1285 880 factus
1303 850 1396 879 sum
1417 833 1703 894 opprobrium
1730 851 1739 878 :
1763 850 1785 874 »

394 905 471 966 qui
493 914 595 949 sunt
626 905 791 951 inimici
813 905 1045 951 Ecclesiae?
1069 906 1230 966 Pagani
1248 942 1258 962 ,
1284 908 1307 950 J
1315 905 1457 950 udaei‘?
1478 905 1693 950 Omnibus
1711 918 1790 964 pe-

391 977 462 1038 jus
484 978 640 1023 vivunt
659 977 761 1022 mali
777 979 1026 1024 Christiani.
1048 980 1122 1023 Vis
1138 978 1285 1023 videre
1302 994 1434 1039 quam
1449 977 1653 1022 omnibus
1666 978 1788 1037 pejus

395 1047 545 1092 vivant
561 1048 664 1093 mali
682 1049 915 1094 Christiani
928 1051 946 1093 Ρ
959 1053 1021 1094 De
1036 1049 1195 1094 talibus
1217 1049 1324 1094 dicit
1336 1050 1549 1109 propheta
1568 1045 1784 1103 Ezechiel,

394 1118 498 1179 quia
527 1129 838 1180 comparantur
870 1121 1095 1165 sarmentis
1138 1120 1410 1164 inutilibus2.
1445 1123 1563 1164 Pone
1591 1122 1787 1177 Paganos

393 1188 512 1248 ligna
526 1205 616 1234 esse
630 1189 837 1248 sylvatica
856 1201 972 1236 extra
988 1190 1242 1245 Ecclesiam,
1258 1190 1402 1235 adhuc
1415 1199 1557 1251 potest
1573 1188 1676 1233 inde
1690 1188 1784 1232 fieri

393 1259 584 1321 aliquid3
622 1261 847 1322 quomodo
875 1261 931 1306 de
961 1262 1087 1322 lignis
1117 1262 1346 1307 fabrilibus
1377 1271 1439 1306 est
1466 1261 1632 1319 lignum
1663 1258 1785 1304 fabro

391 1343 566 1391 aptum,
603 1342 645 1378 et
677 1334 711 1378 si
736 1333 879 1378 adhuc
906 1333 1123 1378 nodosum
1148 1343 1191 1378 et
1216 1349 1400 1379 curvum
1427 1342 1470 1377 et
1493 1333 1782 1387 corticosum,

384 1412 531 1448 tamen
554 1404 673 1465 quod
695 1404 885 1460 doletur,
906 1406 1106 1460 ascietur,
1123 1404 1399 1465 deplanetur,
1421 1414 1464 1448 et
1482 1404 1616 1464 possit
1637 1403 1785 1448 venire

388 1474 443 1518 ad
475 1474 664 1536 aliquam
698 1476 910 1521 fabricam
935 1492 1038 1521 usus
1067 1477 1264 1521 humani.
1296 1480 1358 1521 De
1383 1475 1609 1520 sarmentis
1639 1483 1786 1517 autem

389 1544 499 1590 illud
532 1545 703 1606 lignum
732 1564 822 1592 non
858 1547 934 1594 dat
972 1547 1197 1606 l'ructum3
1226 1548 1413 1608 praecisis
1442 1546 1554 1591 fabri
1579 1545 1689 1590 nihil
1716 1544 1785 1589 fa-

387 1633 483 1661 eere
515 1628 723 1678 possunt3
762 1620 871 1677 ignis
905 1636 953 1665 ea
997 1620 1113 1665 solus
1148 1628 1360 1680 expectat.
1403 1617 1652 1672 Attendite,
1693 1617 1786 1661 fra-

388 1698 488 1733 tres.
529 1692 642 1734 Cum
677 1690 887 1749 sylvatico
919 1691 1040 1751 ligno
1071 1692 1236 1752 ubique
1271 1699 1553 1750 praeponatur
1592 1703 1787 1733 sarmen-

389 1769 483 1804 tum
518 1776 699 1805 manens
752 1762 795 1805 in
838 1762 925 1806 vite
941 1799 950 1817 ,
996 1763 1098 1823 quia
1141 1771 1406 1806 sarmentum
1442 1761 1517 1805 dat
1556 1760 1748 1805 fructum
1769 1795 1781 1812 ,

389 1832 570 1891 praeciso
587 1841 732 1876 tamen
756 1843 974 1877 sarmento
993 1834 1047 1878 de
1066 1834 1152 1879 vite
1175 1834 1207 1878 si
1220 1843 1496 1893 comparetur
1514 1833 1681 1891 lignum
1699 1832 1785 1890 syl-

388 1904 602 1958 vaticum,
630 1904 889 1964 intelligitur
911 1921 1000 1950 esse
1033 1904 1206 1963 melius3
1238 1905 1340 1966 quia
1368 1904 1422 1949 de
1450 1904 1525 1948 illo
1550 1903 1672 1947 faber
1703 1903 1784 1948 ali-

389 1974 498 2035 quid
522 1974 663 2019 facere
685 1986 848 2035 potest,
874 1977 957 2021 hoc
982 1987 1128 2021 autem
1150 1993 1240 2021 non
1265 1977 1424 2038 quaerit
1441 2012 1451 2031 ,
1480 1976 1561 2019 nisi
1585 1975 1660 2036 qui
1683 1975 1784 2020 foco

389 2045 618 2090 ministrat.
636 2047 878 2092 Attendens
900 2048 1048 2109 itaque
1060 2048 1391 2092 multitudinem
1411 2047 1521 2091 male
1543 2047 1783 2092 viventium

389 2117 434 2161 in
452 2116 641 2161 Ecclesia
658 2154 667 2171 ‚
697 2137 716 2160 «
741 2121 879 2179 Super
900 2135 1050 2163 omnes
1066 2156 1076 2175 ,
1098 2121 1266 2181 inquit,
1292 2119 1489 2164 inimicos
1508 2134 1627 2163 meos
1642 2119 1783 2163 factus

393 2207 412 2229 »
448 2203 544 2231 sum
578 2189 882 2249 opprobrium.
911 2209 929 2231 υ
967 2193 1115 2251 Pejus‚
1145 2191 1310 2252 inquit,
1335 2192 1490 2235 vivunt
1517 2189 1620 2234 mali
1643 2190 1688 2233 in
1711 2205 1782 2234 sa-

388 2259 619 2302 cramentis
644 2260 774 2315 meis,
803 2277 935 2321 quam
961 2263 1037 2322 qui
1066 2262 1120 2305 ad
1144 2261 1215 2305 illa
1240 2278 1466 2322 nunquam
1491 2270 1780 2305 accesserunt.

388 2330 541 2373 Latine
559 2340 707 2389 aperte
729 2347 807 2374 cur
829 2347 919 2376 non
941 2332 1162 2389 dicamus,
1183 2333 1251 2377 vel
1269 2332 1447 2394 quando
1467 2332 1685 2377 Psalmum
1710 2346 1784 2376 ex-

387 2402 617 2460 ponimus?
640 2405 696 2446 Et
713 2402 746 2446 si
764 2402 855 2447 aliis
871 2402 981 2447 forte
997 2405 1267 2464 temporibus
1286 2405 1430 2449 dicere
1448 2420 1538 2448 non
1550 2403 1779 2460 audemus,¹
1825 2419 1828 2452 ι

385 2471 537 2515 saltem
562 2474 789 2517 necessitas
801 2474 1046 2533 exponendi
1061 2476 1219 2520 habeat
1238 2475 1483 2520 libertatem
1499 2474 1777 2535 corripiendi.
1832 2519 1833 2522 ,

388 2562 408 2585 «
446 2546 584 2603 Super
596 2560 746 2589 omnes
762 2581 773 2600 ‚
799 2546 962 2606 inquit,
987 2547 1186 2593 inimicos
1209 2564 1327 2593 meos
1347 2546 1485 2593 factus
1503 2563 1597 2592 sum
1622 2562 1781 2607 oppro-
1824 2575 1833 2599 μ

435 2635 441 2650 ¹
464 2628 541 2660 Psal.
563 2640 640 2670 xxx,
665 2638 714 2662 ¹2.
734 2648 776 2652 -
796 2637 808 2653 2
825 2631 940 2663 Ezech.
966 2641 1019 2671 xv,
1041 2640 1073 2664 2.
