1833 3284
347 277 431 314 118
780 288 813 314 s.
851 284 1081 314 mausum
1113 287 1294 316 Emscom

347 361 495 397 tamen
510 352 651 411 aptius
669 366 719 395 ex
734 365 885 396 eorum
904 365 1086 410 persona
1102 352 1327 411 accipitur,
1342 366 1453 412 quos
1466 351 1574 397 dixit
1590 352 1736 397 inania

349 422 606 477 meditatos,
632 423 782 467 uthoc
805 423 858 466 sit
885 442 893 467 ε
924 441 944 464 «
968 422 1296 483 Disrumpamus
1315 422 1491 469 vincula
1519 438 1672 469 eorum
1693 432 1737 468 ct

348 512 369 534 »
405 494 655 553 abjiciamus
679 510 700 537 a
723 493 848 538 nobis
871 495 1030 553 jugum
1051 493 1283 553 ipsorum,
1309 513 1329 537 »
1355 494 1508 542 demus
1530 495 1732 556 operam'‚

344 573 395 607 ut
416 579 507 608 non
529 580 608 609 nos
630 563 800 623 alliget,
825 579 969 624 neque
990 564 1238 624 imponatur
1259 566 1383 611 nobis
1405 565 1637 611 christiana
1664 579 1739 609 re·-

345 634 463 692 ligio.

404 707 482 748 ΙΙΙ.
509 705 625 758 «Qui
643 704 812 748 habitat
826 705 872 748 in
889 704 1010 749 coelis
1027 705 1226 750 irridebit
1241 721 1330 761 eos,
1348 715 1392 750 et
1407 706 1620 751 Dominus
1633 705 1741 750 sub-

344 792 367 815 »
401 775 603 818 sannabit
621 778 727 819 eos‘2.
746 794 765 816 »
782 775 982 834 'Repetita
999 776 1214 820 sententia
1228 786 1316 822 est:
1338 792 1440 821 nam
1454 792 1535 836 pro
1551 791 1602 821 eo
1616 776 1738 837 quod

343 854 406 888 est
422 880 433 899 ,
465 865 483 886 «
509 846 594 898 Qui
616 846 785 890 habitat
806 848 851 890 in
877 846 1021 901 eoelis,
1052 865 1071 888 »
1097 847 1413 908 subsequenter
1431 847 1622 907 positum
1642 855 1734 902 est,

346 934 366 958 «
386 916 621 974 Dominus3
646 936 666 958 >›
689 927 732 961 et
745 933 824 977 pro
839 933 889 961 eo
907 917 1028 977 quod
1041 927 1118 973 est,
1149 937 1169 960 «
1186 917 1406 973 stridebit,
1426 937 1445 959 »
1468 918 1737 978 subsequen-

343 998 411 1032 ter
423 988 613 1047 positum
627 998 705 1043 est,
724 1007 743 1030 «
762 990 1072 1034 Subsannabit.
1089 1008 1109 1031 ³>
1126 990 1243 1035 Nihil
1256 991 1414 1034 horum
1427 1000 1573 1035 tamen
1588 1005 1738 1049 sapere

344 1068 517 1117 oportet
535 1060 780 1115 carnaliter,
801 1060 924 1120 quasi
942 1070 1018 1105 aut
1035 1060 1184 1105 buccis
1197 1064 1310 1105 Deus
1329 1061 1522 1114 irrideat,
1541 1069 1617 1104 aut
1632 1075 1739 1105 naso

343 1129 580 1174 subsannet
599 1149 606 1174 :
624 1130 699 1175 sed
717 1147 765 1175 ca
779 1132 841 1175 vis
855 1131 1106 1191 accipienda
1123 1141 1202 1186 est,
1219 1147 1351 1191 quam
1370 1131 1445 1177 dat
1458 1131 1614 1176 sanctis
1632 1130 1735 1186 suis,

341 1210 392 1244 ut
414 1200 561 1245 futura
583 1212 831 1257 cernentes,
854 1202 898 1246 id
925 1212 1010 1257 est,
1040 1218 1202 1246 nomen
1224 1203 1385 1248 Christi
1408 1212 1451 1246 et
1476 1201 1742 1247 dominatio-

340 1286 443 1315 nem
462 1282 795 1332 pervagaturam
813 1274 857 1316 in
880 1283 1090 1332 posteros,
1109 1283 1152 1317 et
1170 1274 1391 1318 universas
1415 1282 1564 1332 gentes
1587 1273 1743 1317 obten-

341 1351 485 1386 turam
503 1379 513 1398 ,
537 1344 633 1388 illos
658 1345 802 1388 inania
825 1344 1055 1390 meditatos
1076 1361 1166 1389 esse
1194 1344 1455 1403 intelligant.
1488 1347 1593 1388 Haec
1622 1344 1741 1388 enim

341 1414 406 1457 vis
421 1449 432 1468 ,
458 1431 544 1473 qua
567 1415 646 1458 ista
669 1415 867 1474 praescita
892 1425 1016 1470 sunt,
1038 1416 1177 1460 irrisio
1193 1416 1271 1460 Dei
1290 1425 1354 1460 est
1370 1425 1414 1459 et
1435 1415 1735 1460 subsannatio.

346 1502 366 1524 «
401 1484 486 1536 Qui
520 1483 689 1528 habitat
716 1485 760 1528 in
795 1485 944 1540 coelis,
970 1485 1168 1530 irridebit
1190 1501 1278 1530 eos.
1303 1485 1491 1530 »Coelos
1513 1485 1547 1530 si
1577 1485 1742 1529 animas

339 1564 508 1598 sanctas
537 1556 826 1614 aecipiamus3
858 1572 935 1615 per
964 1557 1041 1600 has
1064 1572 1135 1600 eos
1153 1591 1163 1611 ‚
1198 1557 1351 1617 utique
1380 1557 1609 1616 praesciens
1631 1556 1741 1617 quid

339 1623 541 1668 futurum
564 1626 617 1669 sit
632 1661 642 1680 ‚
669 1625 886 1669 deridebit
910 1630 1023 1671 Deus
1043 1636 1086 1670 et
1109 1627 1411 1670 subsannabit.

400 1698 476 1739 IV.
504 1715 523 1737 «
551 1698 673 1740 Tune
691 1696 898 1756 loquetur
915 1697 971 1741 ad
1000 1712 1073 1741 eos
1095 1698 1139 1741 in
1160 1697 1222 1741 ira
1243 1713 1319 1741 sua
1335 1733 1346 1753 7
1366 1699 1471 1741 etin
1493 1695 1642 1741 furore
1662 1711 1740 1742 suo

341 1784 363 1808 ))
399 1767 682 1810 conturbabit
706 1769 822 1811 eos3.
849 1786 869 1809 »
902 1768 1077 1812 Planius
1110 1769 1227 1812 enim
1257 1767 1490 1812 ostendens
1516 1767 1741 1828 quomodo

341 1835 398 1881 ad
426 1852 498 1882 eos
518 1837 739 1897 loquetur,
768 1837 875 1882 dixit
897 1857 906 1883 :
940 1857 957 1879 «
985 1839 1280 1883 Conturbabit
1302 1853 1402 1883 eos:
1430 1856 1450 1880 »
1476 1847 1526 1882 ut
1553 1857 1573 1881 «
1600 1841 1651 1882 In
1678 1838 1741 1883 ira

345 1925 367 1949 >›
403 1924 479 1952 sua
501 1927 520 1949 »
542 1909 626 1953 hoe
646 1910 700 1953 sit
716 1944 726 1964 ‚
752 1929 771 1951 «
790 1913 840 1953 In
858 1910 1006 1954 furore
1029 1926 1123 1954 suo.
1143 1928 1163 1951 »
1189 1913 1304 1954 Iram
1322 1918 1470 1954 autem
1487 1919 1530 1954 et
1548 1908 1742 1954 furorem

342 1980 517 2025 Domini
539 1981 616 2024 Dei
637 1997 725 2025 non
755 1981 1130 2040 perturbationem
1153 1982 1313 2026 mentis
1334 1989 1507 2041 oportet
1528 1980 1738 2039 intelligi,

340 2049 416 2094 sed
438 2051 527 2094 vim
548 2067 635 2111 qua
653 2052 889 2112 justissime
911 2053 1105 2097 vindicat
1122 2088 1132 2107 ,
1154 2053 1350 2113 subjecta
1372 2051 1453 2096 sibi
1473 2051 1530 2096 ad
1551 2051 1742 2095 ministe-

342 2122 457 2166 rium
480 2123 680 2167 universa
701 2133 913 2168 ereatura.
952 2124 1176 2183 Praecipue
1207 2138 1399 2183 namque
1420 2121 1741 2182 pervidendum

343 2202 406 2237 est
428 2202 471 2238 et
499 2186 742 2239 tenendum
764 2194 874 2239 illud
891 2231 901 2251 ,
937 2194 1058 2255 quod
1089 2195 1299 2254 seriptum
1323 2202 1387 2237 est
1407 2193 1454 2236 in
1480 2192 1737 2237 Salomone:

347 2283 368 2307 «
405 2268 471 2309 Tu
489 2275 652 2321 autem,
668 2266 1048 2321 Dominevirtutis‚
1060 2281 1160 2310 cum
1178 2264 1495 2324 tranquillitate
1500 2263 1686 2324 judicas,
1699 2271 1742 2307 et

347 2353 367 2376 >›
404 2352 505 2380 cum
528 2353 685 2396 magna
710 2337 948 2382 reverentia
966 2337 1159 2397 disponis
1179 2353 1256 2380 nos
1274 2338 1305 2379 ⁴.
1330 2354 1349 2377 >›
1371 2339 1439 2380 Ira
1461 2351 1567 2394 ergo
1580 2335 1657 2379 Dei
1679 2342 1742 2378 est

343 2415 488 2450 motus
502 2408 576 2467 qui
596 2409 645 2451 fit
668 2409 712 2451 in
729 2409 886 2463 anima,
903 2423 1002 2468 quae
1021 2407 1161 2466 legem
1175 2408 1253 2451 Dei
1271 2407 1406 2460 novit,
1423 2421 1524 2449 eum
1542 2403 1741 2448 eamdem

344 2476 485 2536 legem
507 2478 626 2522 videt
644 2495 667 2522 a
691 2487 919 2537 peccatore
939 2477 1172 2537 praeteriri3
1190 2492 1267 2536 per
1291 2477 1411 2520 hunc
1429 2476 1544 2520 enim
1568 2484 1740 2520 motum

337 2548 553 2608 justarum
579 2551 823 2593 animarum
846 2550 984 2593 multa
1005 2547 1298 2593 vindicantur.
1321 2551 1585 2607 Quanquam
1601 2546 1738 2607 possit

396 2652 402 2667 ¹
427 2645 505 2677 Psal.
527 2656 563 2688 Π,
585 2647 615 2678 3.
636 2665 677 2668 —
698 2654 710 2668 2
731 2646 810 2679 Ilrhl.
830 2646 859 2687 ‘5
882 2663 923 2667 —-
944 2643 1051 2675 31hid.
1075 2644 1103 2675 Γ).
1124 2661 1164 2666 —-
1183 2642 1196 2673 l,
1214 2646 1288 2685 Sap.
1309 2655 1365 2680 xii,
1385 2643 1434 2677 18.
