1833 3284
408 170 490 210 414
841 183 874 208 s.
911 180 1143 208 ALGUSTINI
1177 182 1356 209 muscom

406 258 553 305 ceret3
578 248 742 308 ubique
764 246 986 302 obediens,
1008 263 1224 308 nusquam
1244 248 1420 292 timidus
1447 266 1455 292 :
1481 257 1531 291 ut
1546 257 1692 292 tamen
1714 249 1798 292 im-

406 319 601 379 pleretur
626 318 909 374 sacrificium,
940 328 983 362 et
1005 319 1097 363 sine
1122 319 1331 378 sanguine
1363 334 1452 363 non
1485 317 1794 375 discederetur,
1832 374 1833 382 ἵ

405 390 611 434 inventus
632 399 695 434 est
712 390 819 433 aries
835 390 1004 433 haerens
1017 390 1062 433 in
1083 405 1215 450 vepre
1236 390 1463 439 cornibus,
1483 389 1574 448 ipse
1595 387 1798 434 immola-
1832 391 1833 394 ’

406 470 477 506 tus
500 471 563 505 est
579 496 590 516 ,
612 470 837 521 peractum
858 470 921 505 est
944 461 1217 505 sacrificium.
1243 463 1399 514 Quaere
1421 460 1528 522 quid
1550 459 1799 520 sitzFigura

405 542 471 577 est
493 533 653 578 Christi
670 532 867 577 involuta
882 533 1175 577 sacramentis.
1202 534 1399 594 Denique
1422 542 1472 577 ut
1489 532 1691 577 videatur
1708 532 1799 578 dis-

406 605 586 659 cutitur,
612 614 664 648 ut
689 602 890 648 videatur
912 613 1218 664 pertractatur,
1243 615 1290 649 ut
1307 604 1428 666 quod
1457 603 1709 648 involutum
1733 614 1802 650 est

406 674 649 720 evolvatur.
688 677 806 719 Isaac
830 684 1040 736 tanquam
1069 675 1183 720 filius
1220 677 1374 721 unicus
1400 676 1585 721 dilectus
1615 675 1801 734 figuram

408 747 572 791 habens
604 746 703 790 Filii
731 747 833 802 Dei,
868 758 1046 806 portans
1070 748 1188 808 ligna
1217 749 1318 803 sibi,
1357 747 1581 809 quomodo
1604 748 1802 793 Christus

407 833 583 863 crucem
605 818 834 878 portavitl.
864 818 942 863 Ille
958 829 1177 879 postremo
1191 819 1282 879 ipse
1305 820 1412 863 aries
1427 819 1648 865 Christum
1673 818 1804 878 signi-

408 890 566 934 ficavit.
591 888 707 942 Quid
729 898 793 933 est
806 891 921 933 enim
939 890 1105 934 haerere
1117 891 1339 945 cornibus,
1357 891 1438 934 nisi
1459 889 1650 951 quodam
1670 889 1803 935 modo

407 961 603 1019 crucifigi
616 964 633 1003 ’ἓ
646 962 804 1020 Figura
829 962 983 1005 estista
999 961 1053 1005 de
1075 962 1262 1007 Christo.
1280 962 1502 1007 Continuo
1523 960 1804 1021 praedicanda

409 1043 500 1077 erat
522 1032 715 1077 Ecclesia
733 1069 743 1087 ,
772 1035 1066 1092 praenuntiato
1090 1035 1230 1094 capite
1253 1032 1637 1093 praenuntiandum
1657 1042 1747 1077 erat
1760 1042 1805 1078 et

408 1120 566 1164 corpus
585 1124 592 1148 z
611 1105 746 1163 coepit
770 1105 953 1164 Spiritus
973 1105 1064 1160 Dei,
1091 1106 1225 1163 coepit
1240 1108 1352 1149 Deus
1374 1104 1428 1149 ad
1449 1104 1670 1149 Abraham
1690 1120 1805 1165 prae-

407 1174 552 1220 dicare
573 1175 685 1219 velle
703 1174 957 1230 Ecclesiam,
980 1186 1022 1219 et
1045 1176 1144 1220 tulit
1161 1177 1361 1235 figuram.
1378 1177 1601 1221 Christum
1619 1176 1804 1234 figurate

407 1246 697 1306 praedicabat,
744 1246 983 1291 Ecclesiam
1017 1258 1164 1306 aperte
1185 1247 1437 1307 praedicavit
1471 1265 1481 1292 :
1516 1247 1575 1291 ait
1608 1248 1725 1290 enim
1748 1245 1805 1291 ad

407 1318 630 1362 Abraham
663 1338 671 1361 ε
709 1318 961 1371 «Quoniam
998 1318 1215 1362 obaudisti
1250 1335 1400 1363 vocem
1434 1334 1604 1373 meam,
1639 1328 1681 1362 et
1713 1333 1803 1362 non

412 1408 432 1430 »
467 1390 697 1449 pepercisti
722 1389 812 1434 filio
836 1399 913 1435 tuo
935 1390 1096 1435 dilecto
1119 1399 1296 1450 propter
1318 1407 1412 1446 me,
1439 1390 1701 1435 benedicens
1723 1391 1802 1433 be-

412 1479 432 1502 »
469 1460 666 1505 nedicam
703 1471 770 1516 te,
808 1471 852 1506 et
882 1461 1108 1521 implendo
1136 1461 1330 1522 implebo
1363 1477 1510 1507 semen
1536 1471 1663 1506 tuum
1693 1461 1805 1506 sicut

413 1552 431 1574 »
467 1531 611 1577 stellas
634 1530 763 1587 coeli,
789 1542 833 1577 et
855 1533 965 1577 sicut
985 1548 1158 1577 arenam
1178 1534 1330 1587 maris,
1355 1543 1398 1577 et
1417 1532 1731 1577 benedicentur
1758 1533 1804 1576 in

411 1623 429 1644 »
466 1603 628 1647 semine
666 1613 743 1647 tuo
772 1619 922 1647 omnes
955 1613 1104 1662 gentes
1148 1608 1314 1648 terrae&
1350 1622 1369 1645 »
1403 1607 1458 1648 Et
1492 1619 1603 1662 pene
1637 1603 1804 1664 ubique

407 1674 604 1718 Christus
643 1674 791 1735 aliquo
826 1675 1056 1720 involucro
1089 1675 1346 1720 sacramenti
1380 1676 1642 1736 praedicatus
1683 1685 1746 1720 est
1780 1692 1804 1720 a

409 1745 658 1804 Prophetis,
686 1746 879 1789 Ecclesia
893 1756 1039 1805 aperte
1061 1766 1069 1790 ε
1086 1756 1135 1790 ut
1152 1747 1350 1791 viderent
1371 1747 1493 1792 illam
1511 1756 1555 1791 et
1570 1748 1647 1808 qui
1668 1746 1804 1791 futuri

407 1826 532 1860 crant
562 1826 712 1860 contra
748 1816 892 1869 illam,
929 1827 971 1861 et
998 1817 1254 1877 impleretur
1292 1819 1336 1862 in
1379 1820 1438 1863 eis
1482 1820 1562 1863 ista
1608 1819 1805 1879 nequitia

406 1901 539 1947 quam
564 1886 763 1946 praedixit
787 1887 983 1932 Psalmus
1010 1908 1018 1932 2
1047 1889 1167 1941 «Qui
1189 1889 1397 1933 videbant
1418 1905 1511 1945 me,
1536 1889 1651 1934 foras
1676 1888 1803 1948 fug&

410 1975 430 1998 n
466 1967 570 2001 runt
587 1974 610 2002 a
632 1973 716 2001 me.
747 1976 766 1998 »
795 1961 859 2002 Ex
889 1958 1015 2004 nobis
1037 1959 1235 2003 exierunt
1251 1995 1261 2014 ,
1287 1960 1363 2004 sed
1388 1976 1478 2004 non
1500 1970 1624 2005 erant
1646 1976 1696 2004 ex
1720 1975 1803 2004 no-

407 2027 502 2072 bis3
532 2048 541 2073 2
564 2029 647 2073 hoc
669 2028 889 2089 apostolus
908 2032 1097 2074 Joannes
1115 2029 1170 2074 de
1193 2029 1275 2075 illis
1298 2030 1418 2074 dixit.
1472 2035 1474 2037 ’

467 2101 524 2142 X.
564 2119 584 2142 «
603 2100 776 2144 Oblitus
793 2117 888 2144 sum
903 2136 913 2156 ,
939 2111 1146 2162 tanquam
1171 2112 1370 2147 mortuus
1392 2118 1415 2146 a
1436 2103 1609 2148 cordo&
1639 2122 1657 2144 »
1679 2102 1804 2147 Obli-

408 2180 478 2215 tus
499 2186 595 2214 sum
614 2206 624 2225 ,
661 2171 706 2214 in
733 2170 1002 2216 oblivionem
1023 2173 1150 2228 veni,
1178 2172 1303 2217 obliti
1335 2183 1436 2218 sunt
1465 2189 1532 2218 me
1555 2173 1615 2217 illi
1639 2175 1714 2234 qui
1735 2174 1802 2218 vi-

407 2240 570 2285 derunt
603 2257 671 2285 me
703 2258 712 2285 .·
745 2241 871 2285 obliti
893 2252 995 2286 sunt
1020 2258 1115 2297 me,
1147 2253 1191 2286 et
1219 2244 1278 2288 sic
1299 2260 1370 2288 me
1398 2243 1522 2289 obliti
1551 2254 1676 2300 sunt,
1701 2254 1803 2288 tan-

407 2328 541 2372 quam
571 2322 771 2356 mortuus
796 2312 951 2357 fuerim
976 2330 999 2358 a
1027 2313 1159 2358 corde
1187 2315 1396 2375 ipsorum.
1431 2336 1452 2359 «
1477 2317 1652 2360 Oblitus
1676 2332 1770 2361 sum
1788 2352 1798 2372 ,

411 2401 432 2425 »
466 2393 677 2445 tanquam
713 2394 912 2432 mortuus
946 2401 969 2429 a
1001 2385 1131 2430 corde
1172 2406 1179 2430 :
1216 2386 1355 2432 factus
1378 2404 1475 2432 sum
1500 2397 1707 2450 tanquam
1728 2403 1803 2433 vas

456 2487 464 2502 ¹
499 2483 591 2513 Joan.
617 2488 688 2522 xix,
727 2493 776 2523 ¹7·
805 2499 845 2504 -
873 2489 884 2505 ²
912 2484 991 2515 Gen.
1023 2493 1082 2514 xxii
1101 2507 1109 2523 ,
1146 2483 1195 2515 15.
1228 2501 1269 2506 —
1294 2483 1307 2507 3
1332 2497 1342 2516 ι
1364 2487 1456 2517 Joan.
1483 2496 1527 2527 n,
1546 2493 1601 2518 20.
1623 2503 1664 2508 —
1682 2484 1698 2515 4
1719 2476 1797 2518 Psatss
1815 2489 1825 2497 ⁴

406 2547 481 2578 xxx,
505 2538 554 2568 13.
