1833 3284
391 281 634 312 ΕΝΑιιιιΑΤιο
666 285 699 311 11
732 285 776 311 ιΝ
809 282 1012 311 PsALMUM
1044 283 1148 309 xxv.
1375 269 1459 308 329

71 353 186 395 Deus
202 349 246 393 in
260 348 514 410 judicando.
536 351 600 392 Tu
619 349 734 392 enim
753 364 853 392 cum
866 347 1021 393 videris
1035 346 1234 391 homines
1250 345 1296 388 in
1318 361 1460 389 unum

70 421 218 466 locum
239 421 441 476 intrasse,
475 429 602 479 putas
629 418 824 480 ejusdem
849 418 993 462 meriti
1026 432 1115 462 esse
1142 437 1150 462 :
1176 421 1291 462 Deus
1315 425 1461 461 autem

69 508 161 537 -non
187 490 369 546 fallitur,
407 489 499 535 noli
531 490 698 534 timere.
738 493 804 534 Tu
832 489 1059 550 judicante
1089 498 1222 532 vento
1256 487 1463 532 discernis

69 562 239 623 paleam
269 578 292 606 a
321 560 544 606 frumento
568 581 576 606 :
601 570 782 606 ventum
813 559 875 605 vis
904 560 1008 603 flare
1038 558 1141 614 tibi,
1168 568 1211 603 et
1233 568 1283 603 tu
1305 574 1395 603 non
1420 573 1464 602 es

70 642 253 689 ventuS,
279 632 355 677 sed
382 641 504 692 optas
527 632 608 676 tibi
642 632 746 675 flare
776 640 957 676 ventum
986 650 994 675 :
1030 639 1072 674 et
1094 645 1196 674 cum
1218 629 1464 674 ventilabro

71 714 310 765 utrumque
340 703 592 760 excusseris,
632 713 789 749 ventus
822 702 915 747 leve
947 701 1091 757 tollit,
1134 717 1261 759 grave
1298 710 1461 746 manet.

71 776 238 830 Quaeris
268 790 369 834 ergo
407 784 589 820 ventum
624 774 679 819 ad
712 773 999 835 judicandam
1033 788 1191 816 aream.
1238 771 1467 832 Numquid

72 850 186 893 Deus
209 846 367 907 quaerit
399 844 586 890 alterum
608 846 684 906 qui
707 860 853 889 secum
878 843 1073 904 judicet,
1110 859 1165 887 ne
1188 842 1342 902 perdat
1364 857 1466 887 cum

72 917 194 962 malis
210 917 371 963 bonos?
390 920 487 962 Non
502 918 650 977 itaque
672 916 847 973 timeas3
865 930 1040 959 securus
1055 924 1146 958 esto
1160 914 1318 968 bonus,
1336 915 1466 957 etiam

70 989 118 1033 in
142 988 285 1033 medio
306 988 549 1046 malorum3
575 997 618 1032 et
639 987 708 1032 dic
731 1003 831 1047 quae
863 985 986 1030 audis
1012 1006 1020 1030 :
1050 1004 1067 1026 «
1096 985 1308 1040 Domine,
1336 983 1468 1028 dilexi

76 1079 96 1103 n
131 1059 333 1104 decorem
350 1060 506 1105 domus
524 1061 653 1103 tuae1.
680 1079 696 1100 »
716 1061 880 1103 Domus
897 1058 975 1101 Dei
997 1056 1189 1101 Ecclesia
1213 1065 1299 1113 est3
1325 1055 1468 1099 adhuc

72 1131 205 1176 habet
227 1131 386 1188 malos,
403 1130 479 1176 sed
499 1131 630 1176 decor
647 1130 803 1175 domus
821 1130 898 1174 Dei
920 1129 965 1172 in
988 1128 1112 1172 bonis
1136 1137 1214 1182 est,
1242 1127 1289 1170 in
1307 1127 1468 1171 sanctis

72 1212 136 1248 est
164 1223 172 1248 ε
200 1203 340 1263 ipsum
369 1203 569 1248 decorem
604 1202 760 1247 domus
786 1211 874 1245 tuae
905 1200 1050 1244 dilexi.
1079 1218 1096 1240 «
1124 1203 1180 1244 Et
1213 1199 1360 1243 locum
1391 1199 1470 1242 ha-

77 1292 96 1315 »
131 1272 354 1317 bitationis
383 1272 531 1332 gloriae
556 1281 660 1316 tuae.
684 1292 702 1313 »
739 1270 857 1324 Quid
889 1279 953 1314 est
974 1270 1084 1314 hoc?
1115 1272 1172 1314 Et
1192 1269 1276 1313 hoc
1299 1267 1440 1312 dicam
1456 1303 1467 1323 ,

73 1342 129 1387 ad
155 1342 282 1387 illum
303 1358 475 1387 sensum
498 1343 688 1403 pertinet
709 1341 1032 1386 subobscurum
1055 1340 1332 1400 aliquantum
1359 1359 1367 1384 :
1393 1337 1472 1382 ad-

67 1415 193 1475 juvet
221 1430 292 1459 me
321 1414 560 1469 Dominus,
594 1424 638 1458 et
665 1413 850 1457 intentio
882 1411 1023 1456 cordis
1058 1411 1190 1456 vestri
1227 1411 1282 1454 ab
1316 1409 1472 1454 eodem

73 1485 260 1530 Domino
283 1476 504 1545 inspirata.
532 1485 648 1538 Quid
671 1484 729 1528 ait
750 1504 758 1528 :
790 1503 807 1524 «
834 1486 1002 1528 Locum
1018 1481 1297 1527 habitationis
1321 1480 1472 1540 gloriae

79 1567 107 1596 »·
134 1557 248 1600 tuae?
261 1555 375 1599 Dixit
394 1555 529 1615 prius,
547 1554 748 1599 decorem
767 1553 922 1598 domus
938 1563 1025 1597 tuae
1043 1569 1051 1594 :
1073 1573 1089 1594 »
1109 1563 1152 1597 et
1171 1553 1348 1612 exponit
1366 1550 1473 1612 quid

75 1625 130 1670 sit
146 1624 278 1670 decor
298 1624 455 1669 domus
471 1626 549 1669 Dei
567 1645 575 1670 ε
602 1645 619 1666 «
647 1628 810 1680 Locus,
836 1624 1003 1684 inquit,
1027 1622 1308 1668 habitationis
1327 1621 1473 1680 gloriae

81 1714 99 1737 »
134 1704 236 1740 tuae.
268 1715 286 1737 »
312 1698 411 1740 Non
432 1695 594 1739 sufficit
614 1693 757 1739 dicere
784 1714 792 1739 :
818 1713 835 1734 «
863 1697 1005 1739 Locus
1024 1693 1306 1737 habitationis
1323 1691 1430 1736 Dei:
1452 1711 1470 1732 »

77 1765 181 1822 sed,
212 1769 391 1811 «Locus
422 1766 705 1811 habitationis
743 1765 892 1824 gloriae
925 1764 1019 1809 Dei.
1054 1784 1070 1805 »
1098 1767 1208 1817 Quae
1241 1772 1306 1807 est
1342 1762 1475 1821 gloria

77 1837 184 1881 Dei?
204 1839 268 1881 De
284 1853 371 1897 qua
391 1835 524 1897 paulo
543 1845 643 1881 ante
660 1835 876 1890 dicebam,
903 1845 954 1879 ut
971 1844 1014 1879 et
1037 1835 1114 1895 qni
1131 1835 1179 1878 fit
1203 1834 1363 1888 bonus,
1385 1847 1476 1876 non

77 1907 124 1951 in
146 1923 211 1962 se,
227 1907 365 1954 sedin
381 1908 567 1952 Domino
586 1906 829 1965 glorietur?
847 1907 1010 1950 Omnes
1028 1905 1144 1948 enim
1163 1911 1473 1963 peccaverunt,

84 1998 102 2019 »
137 1987 181 2022 et
209 1987 338 2037 egent
359 1979 493 2036 gloria
516 1977 639 2022 Dei3.
671 1997 688 2018 »
718 1980 770 2021 In
792 1977 953 2036 quibus
984 1990 1085 2034 ergo
1113 1975 1172 2019 sic
1193 1974 1363 2018 habitat
1385 1977 1476 2017 Do-

79 2049 249 2105 minus,
274 2058 326 2093 ut
348 2057 391 2092 et
413 2047 468 2092 de
503 2047 629 2091 bonis
659 2047 745 2091 suis
770 2047 860 2106 ipse
889 2045 1170 2104 glorificetur,
1196 2054 1246 2089 ut
1277 2060 1367 2089 non
1395 2044 1478 2089 sibi

79 2119 215 2164 velint
234 2120 449 2175 tribuere,
475 2129 518 2164 et
539 2119 662 2180 quasi
684 2118 911 2179 proprium
937 2117 1159 2162 vindicare
1182 2116 1304 2176 quod
1322 2116 1378 2160 ab
1401 2115 1477 2160 illo

81 2199 367 2250 acceperunt,
397 2190 477 2250 ipsi
503 2190 724 2249 pertinent
756 2189 812 2233 ad
846 2188 1049 2233 decorem
1079 2188 1236 2232 domus
1268 2187 1360 2231 Dei.
1389 2189 1479 2232 Nec

82 2259 268 2305 discerni
289 2260 385 2305 illos
405 2260 538 2305 vellet
562 2260 782 2320 Scriptura
796 2295 806 2314 ,
833 2259 915 2303 nisi
938 2259 1040 2318 quia
1061 2267 1164 2302 sunt
1192 2256 1373 2318 quidam
1402 2256 1480 2316 qui

83 2330 251 2377 donum
278 2332 356 2376 Dei
385 2332 552 2376 habent
573 2331 752 2392 quidem
771 2367 781 2386 ,
815 2340 859 2375 et
886 2330 1044 2375 nolunt
1077 2331 1123 2374 in
1156 2333 1246 2374 Deo
1279 2328 1476 2388 gloriari,

85 2402 160 2448 sed
186 2402 234 2446 in
255 2418 300 2447 se
320 2422 329 2448 :
354 2402 521 2447 habent
536 2401 716 2463 quidem
739 2402 905 2446 donum
930 2401 1024 2456 Dei,
1050 2400 1126 2445 scd
1148 2416 1237 2444 non
1259 2398 1482 2459 pertinent

86 2472 142 2516 ad
163 2472 366 2516 decorem
387 2471 543 2517 domus
568 2472 658 2516 Dei.
690 2472 775 2525 Qui
807 2472 923 2515 enim
949 2472 1171 2531 pertinent
1194 2469 1248 2514 ad
1278 2468 1481 2513 decorem

86 2542 242 2588 domus
259 2543 367 2598 Dei,
391 2543 439 2587 in
467 2542 625 2603 quibus
642 2542 813 2586 habitat
835 2541 970 2601 gloria
993 2542 1070 2585 Dei
1090 2577 1100 2595 ‚
1125 2541 1207 2600 ipsi
1231 2548 1332 2586 sunt
1358 2538 1480 2583 locus

136 2634 145 2650 ¹
166 2627 246 2661 psai.
260 2639 336 2669 xxv,
356 2628 387 2661 8.
405 2644 447 2651 -·
462 2635 475 2650 ²
499 2639 509 2659 1
531 2630 605 2659 Cor.
624 2639 648 2669 ι,
671 2627 723 2659 3ῐ,
744 2643 781 2649 -—-
805 2625 818 2651 3
837 2629 928 2659 Rom.
948 2638 994 2668 ni,
1016 2627 1071 2658 23.
