1833 3284
417 236 501 274 500
858 242 892 272 s.
929 243 1160 273 AUGUSTINI
1192 246 1373 274 EPISCOPI

410 308 750 356 misericordiam
768 308 979 354 :dicimus
1001 310 1191 366 homini,
1220 311 1331 356 Vide
1359 325 1444 354 me.
1470 312 1527 354 Et
1557 311 1613 354 de
1633 311 1708 356 illo
1729 313 1808 373 qui,

411 392 453 427 te
470 382 712 426 contemnit
733 381 842 442 quid
855 381 990 426 dicis?
1011 384 1110 427 Non
1131 397 1202 426 me
1220 380 1355 427 videt.
1381 384 1460 426 Est
1483 396 1584 439 ergo
1601 381 1806 443 quaedam

406 453 513 499 visio
531 453 772 498 miserantis
788 488 799 509 ,
821 469 912 498 non
928 453 1035 498 visio
1054 454 1288 513 punientis.
1315 452 1396 498 Illa
1423 452 1529 498 visio
1552 454 1607 497 ad
1630 463 1806 513 peccata

410 524 730 570 animadversio
772 534 836 570 cst
881 544 890 570 :
929 541 1030 586 quae
1059 524 1134 570 ille
1168 535 1348 585 peccata
1376 541 1466 571 non
1499 524 1599 571 vult
1635 525 1803 582 videri,

408 595 487 658 qui
519 595 627 641 dicit
660 615 670 642 ε
707 616 729 639 «
761 599 949 652 Averte,
985 594 1140 641 faciem
1173 606 1297 641 tuam
1337 612 1361 641 a
1388 595 1576 656 peccatis
1607 595 1761 641 meis1.
1783 615 1804 639 »

410 667 541 721 Quod
562 666 659 713 vult
679 667 870 726 ignosci,
893 683 984 712 non
1009 667 1107 713 vult
1128 667 1304 727 agnosci
1330 687 1340 713 2
1369 686 1390 710 «
1420 671 1600 723 Averte,
1637 667 1804 728 inquit,

411 760 433 784 »
455 739 611 785 faciem
631 749 753 784 tuam
774 756 798 784 a
821 740 1006 800 peccatis
1030 740 1153 785 meis.
1179 758 1200 782 »
1226 741 1337 785 Cum
1375 754 1478 799 ergo
1515 739 1720 784 averterit
1738 740 1807 784 fa-

406 812 519 858 ciem
541 828 665 857 suam
682 828 705 856 a
728 812 916 872 peccatis
938 811 1023 856 tuis
1037 847 1048 867 ,
1074 827 1165 857 non
1198 811 1366 857 videbit
1384 813 1460 856 te?
1478 814 1535 856 Et
1556 809 1674 856 unde
1702 810 1805 855 alibi

406 884 538 930 dicit:
567 904 587 927 «
609 887 673 931 Ne
701 893 868 929 avertas
896 882 1052 929 faeiem
1074 893 1194 928 tuam
1215 899 1239 928 a
1260 885 1382 928 me2?
1405 902 1425 925 »
1455 886 1574 943 Ergo
1596 892 1761 930 avertat
1781 900 1806 929 a

404 956 594 1016 peccatis
615 955 701 1000 tuis
717 990 728 1011 ,
749 971 839 1000 non
861 964 1028 1000 avertat
1045 971 1068 999 a
1088 964 1131 999 te
1159 974 1169 1000 ε
1193 954 1342 999 videat
1362 968 1406 999 te
1419 989 1430 1010 ,
1451 954 1802 1010 misereaturtui,

403 1028 635 1073 subveniat
664 1027 763 1072 tibi.
793 1046 813 1069 «
832 1030 894 1072 De
915 1026 1030 1072 coelo
1061 1026 1248 1086 respexit
1266 1026 1500 1081 Dominus,
1523 1026 1633 1072 vidit
1655 1042 1806 1072 omnes

407 1118 429 1142 »
456 1098 567 1143 filios
585 1099 815 1143 hominum
837 1117 846 1143 :
873 1117 893 1139 »
919 1098 1186 1157 pertinentes
1210 1097 1265 1141 ad
1288 1096 1428 1142 filium
1448 1097 1651 1142 hominis.

468 1173 568 1214 XX.
595 1189 615 1212 ‹<
636 1173 698 1215 De
720 1178 965 1230 prseparato
979 1168 1230 1214 habitaculo
1252 1185 1331 1213 suo
1345 1171 1360 1195 3
1383 1189 1392 1214 z
1416 1188 1434 1210 »
1453 1168 1573 1230 quod
1595 1169 1676 1213 sibi
1690 1185 1805 1229 prae-

400 1243 586 1304 paravit.
605 1240 722 1286 Vidit
736 1257 814 1286 nos
832 1240 886 1285 de
900 1240 1133 1300 Apostolis,
1146 1240 1258 1285 vidit
1275 1256 1354 1285 nos
1370 1240 1424 1284 de
1442 1240 1802 1300 praedicatoribus

400 1313 616 1367 veritatis,
636 1312 748 1356 vidit
785 1327 862 1356 nos
900 1312 954 1355 de
977 1311 1153 1370 Angelis
1170 1347 1181 1367 ,
1218 1327 1328 1372 quos
1353 1311 1408 1356 ad
1430 1328 1508 1356 nos
1536 1311 1666 1356 misit.
1696 1314 1801 1355 Haec

400 1384 549 1431 omnia
577 1383 734 1428 domus
756 1384 869 1442 ojus,
908 1383 1002 1427 haec
1032 1383 1178 1427 omnia
1210 1383 1513 1427 habitaculum
1547 1384 1637 1442 ejus
1664 1403 1672 1427 z
1699 1383 1802 1443 quia

398 1459 495 1503 haec
518 1455 664 1500 omnia
688 1455 788 1499 coeli
811 1454 887 1515 qui
916 1463 1121 1498 enarrant
1146 1454 1327 1512 gloriam
1351 1454 1468 1498 Deis‘.
1506 1453 1625 1498 Vidit
1651 1469 1801 1498 omnes

401 1547 425 1573 »
446 1527 557 1572 filios
579 1526 833 1581 hominum,
869 1525 924 1569 (10
946 1535 1189 1585 praeparato
1214 1525 1465 1569 habitaculo
1491 1541 1592 1581 suo,
1617 1525 1802 1585 respexit

399 1621 420 1644 »
447 1613 578 1659 super
593 1614 742 1643 omnes
760 1597 836 1658 qui
854 1597 1055 1641 habitant
1072 1607 1231 1641 terram
1246 1598 1276 1640 ⁵.
1300 1616 1319 1637 »
1342 1596 1429 1656 Ipsi
1446 1606 1551 1640 sunt
1566 1632 1576 1652 ,
1600 1597 1797 1653 suisunt,

396 1688 503 1732 gens
526 1670 600 1714 illa
622 1679 686 1714 est
705 1669 849 1724 beata,
875 1670 997 1730 cujus
1020 1678 1085 1712 est
1098 1668 1310 1713 Dominus
1333 1671 1447 1712 Deus
1465 1684 1641 1726 eorum,
1662 1683 1801 1727 popu-

393 1744 463 1788 lus
481 1740 556 1786 ille
578 1749 667 1795 est,
710 1755 845 1800 quem
878 1739 1010 1798 elegit
1043 1739 1253 1783 Dominus
1285 1739 1330 1782 in
1359 1738 1662 1782 haereditatem
1680 1738 1761 1782 sibi
1786 1757 1795 1782 :

394 1815 499 1875 quia
520 1827 598 1871 per
620 1826 771 1855 omnes
793 1818 928 1853 terras
950 1819 1013 1853 est
1027 1845 1037 1863 ,
1060 1819 1103 1853 et
1125 1825 1214 1853 non
1232 1819 1295 1853 est
1318 1809 1365 1852 in
1388 1818 1525 1869 parte.
1548 1829 1569 1851 «
1594 1808 1799 1869 Respexit

395 1904 418 1930 >›
442 1899 572 1943 super
594 1897 744 1926 omncs
766 1881 843 1941 qui
863 1880 1063 1924 habitant
1084 1889 1259 1923 terram.
1289 1897 1309 1920 >›

455 1957 580 2000 XXI.
612 1973 633 1995 «
657 1952 743 2006 Qui
780 1952 906 1995 finxit
940 1950 1194 2010 singillatim
1230 1949 1362 1994 corda
1393 1966 1561 1994 eorum.
1601 1968 1622 1992 »
1661 1954 1797 1996 Manu

393 2027 545 2089 gratiae
576 2041 687 2079 suae,
717 2038 852 2067 manu
884 2020 1190 2066 misericordiae
1223 2036 1312 2065 suae
1336 2021 1460 2065 finxit
1484 2021 1639 2077 corda,
1678 2021 1795 2082 plas-

391 2098 529 2145 mavit
552 2094 684 2141 corda
716 2103 886 2150 nostra,
924 2093 1049 2136 finxit
1085 2091 1365 2151 singillatim,
1402 2090 1571 2151 singula
1591 2091 1795 2152 quaedam

390 2168 525 2216 corda
553 2167 663 2212 dans
706 2165 854 2221 nobis,
885 2180 984 2225 quae
1021 2173 1167 2207 tamen
1203 2179 1293 2207 non
1321 2162 1527 2208 dirimant
1560 2165 1791 2210 unitatem.

392 2240 628 2297 Quomodo
658 2237 911 2297 singillatim
932 2236 1129 2279 membra
1151 2233 1338 2279 formata
1378 2244 1481 2279 sunt
1509 2236 1679 2292 omnia,
1702 2237 1795 2281 sin-

392 2312 579 2373 gillatim
610 2309 778 2354 habent
801 2323 932 2368 opera
955 2323 1030 2351 sua
1047 2342 1057 2362 ,
1086 2315 1130 2350 ct
1149 2315 1297 2350 tamen
1328 2306 1373 2350 in
1409 2306 1576 2351 unitate
1603 2307 1794 2368 corporis

385 2385 570 2440 vivunt,
599 2395 755 2425 manus
776 2378 880 2423 facit
901 2377 1022 2439 quod
1045 2377 1196 2421 oculus
1218 2393 1308 2421 non
1328 2377 1456 2438 facit,
1477 2378 1591 2422 auris
1613 2377 1658 2422 id
1676 2377 1793 2424 valet

387 2455 511 2513 quod
532 2469 614 2498 nec
633 2451 786 2496 oculus
805 2466 885 2494 nec
900 2464 1052 2493 manus
1070 2447 1185 2493 valet
1202 2469 1212 2506 3
1232 2448 1378 2492 onmia
1392 2458 1538 2493 tamen
1553 2449 1598 2492 in
1620 2449 1788 2492 unitate

436 2557 442 2568 ·
470 2550 532 2582 1’5.11
569 2562 598 2586 1,1
626 2559 679 2580 u.
711 2563 751 2568 --
773 2547 850 2577 ²121.
874 2557 961 2578 xxvi,
988 2557 1018 2584 ᾗ).
1055 2562 1095 2566 »-
1118 2543 1130 2564 3
1153 2546 1197 2573 il.
1219 2555 1289 2584 vm,
1311 2553 1342 2575 2.
1376 2542 1516 2576 -4111,
1544 2555 1650 2587 χχχιι)
1674 2543 1722 2586 ¹l
1746 2562 1787 2569 ..-

418 2607 499 2639 ibi-1.
528 2621 577 2637 1
