1833 3284
278 223 362 264 486
709 235 743 263 s.
779 234 1013 265 Ant-„usum
1045 238 1228 265 muscom

339 303 420 346 III.
455 301 567 347 Nolo
589 316 690 360 ergo
712 301 820 345 mihi
841 300 980 347 dieas:
1003 300 1128 346 Unde
1150 300 1344 361 accipio?
1367 302 1464 354 Quo
1487 303 1566 346 eo?
1583 305 1679 345 Re-'

278 373 459 418 cordare
486 371 609 434 quod
641 373 850 427 cantasti,
892 372 1225 417 «Misericordia
1259 371 1432 416 Domini
1454 371 1583 432 plena
1607 381 1672 417 est

279 461 301 485 »
338 445 492 488 terra¹.
517 461 537 484 i>
566 443 649 487 Ubi
661 443 750 503 jam
768 459 859 487 non
881 442 1169 502 Evangelium
1187 442 1480 503 praedicatur?
1497 443 1575 487 ubi
1590 458 1673 487 ser-

277 529 350 558 mo
369 514 543 558 Domini
562 522 675 557 tacet
688 516 705 557 Ξ)
728 513 806 557 ubi
827 513 940 557 salus
962 516 1124 558 cessat?
1141 516 1261 574 Opus
1279 523 1343 558 est
1363 523 1414 558 ut
1432 513 1540 559 velis
1558 514 1673 559 acci-

277 601 380 646 pere
408 604 416 629 :
443 584 572 645 plena
593 594 695 629 sunt
713 585 883 629 horrca.
911 587 1015 629 Haec
1038 585 1128 645 ipsa
1141 584 1370 645 plenitudo
1388 594 1430 629 ct
1447 584 1676 630 abundan-

278 657 337 701 tia
362 672 452 701 non
474 665 516 700 te
539 657 785 702 venientem
811 665 1149 716 expectaverunt
1166 692 1178 711 ‚
1211 655 1287 701 sed
1310 656 1366 701 ad
1384 655 1676 701 dormientem

278 728 370 787 ipsa
395 736 626 772 venerunt.
654 729 752 773 Non
775 726 942 772 dictum
964 737 1056 772 est:
1085 730 1273 787 Surgant
1306 736 1454 786 gentes
1475 763 1486 783 ,
1512 737 1556 772 et
1577 737 1679 772 eant

277 798 335 844 ad
370 814 509 843 unum
540 799 685 844 locum
716 819 724 844 :
750 798 826 843 sed
853 799 1112 844 annuntiata
1140 808 1243 844 sunt
1270 799 1350 843 ista
1374 799 1578 858 gentibus
1601 798 1680 843 ubi

278 880 424 927 erant,
456 880 506 915 ut
538 870 852 931 adimpleretur
880 872 1037 915 exinde
1059 871 1288 931 prophetia
1310 870 1485 916 dicens:
1521 890 1541 913 «
1561 871 1681 916 Ado-

282 960 302 983 »
339 942 452 985 rabit
470 957 570 985 cum
589 942 891 1003 unusquisque
909 943 964 986 de
985 942 1084 987 loco
1105 945 1226 987 suo2.
1253 962 1271 985 »

340 1016 416 1058 IV.
439 1034 458 1056 «
479 1013 774 1059 Misericordia
795 1015 970 1059 Domini
988 1014 1117 1074 plena
1139 1024 1203 1059 est
1224 1023 1354 1058 terra.
1373 1032 1394 1055 »
1414 1014 1531 1068 Quid
1553 1013 1681 1059 coeli?

280 1083 397 1129 Audi
416 1084 523 1145 quid
543 1084 657 1129 coeli.
672 1087 769 1130 Non
787 1087 903 1130 enim
922 1085 1123 1145 indigent
1136 1084 1448 1140 misericordia,
1467 1085 1543 1129 ubi
1561 1084 1682 1129 nulla

280 1165 344 1200 est
366 1156 549 1200 miseria.
568 1159 620 1200 In
642 1166 755 1200 terra
778 1156 978 1201 abundat
996 1157 1183 1201 hominis
1200 1157 1386 1212 miseria,
1409 1157 1683 1217 superabun-

281 1227 357 1272 dat
365 1228 843 1273 Dominimisericordia
865 1229 1058 1273 :miseria
1076 1229 1264 1274 hominis
1278 1228 1407 1289 plena
1416 1238 1478 1273 est
1495 1238 1623 1285 terra,
1639 1238 1683 1273 et

282 1299 579 1344 misericordia
588 1299 764 1343 Domini
774 1299 900 1356 plena
913 1309 977 1344 est
988 1309 1117 1344 terra.
1135 1298 1249 1345 Coeli
1262 1315 1381 1359 ergo,
1396 1299 1474 1343 ubi
1485 1299 1604 1344 nulla
1620 1309 1685 1345 est

281 1370 469 1425 miseria,
490 1369 709 1431 numquid
721 1370 824 1430 quia
846 1386 938 1414 non
959 1369 1158 1430 indigent
1176 1369 1493 1426 misericordia,
1509 1386 1598 1415 non
1616 1371 1685 1415 in-

283 1443 435 1502 digent
454 1443 666 1488 Domino?
688 1443 836 1487 omnia
854 1441 1055 1502 indigent
1067 1442 1271 1498 Domino,
1291 1452 1335 1487 et
1355 1442 1509 1487 misera
1523 1452 1566 1487 et
1584 1442 1683 1487 feli-

284 1515 365 1559 cia.
381 1515 481 1559 Sine
491 1514 567 1559 illo
578 1515 705 1559 miser
720 1531 809 1560 non
823 1513 1092 1570 sublevatur,
1104 1514 1281 1559 sineillo
1289 1513 1395 1559 felix
1403 1530 1493 1560 non
1503 1515 1682 1573 regitur.

284 1588 417 1645 Ergo,
444 1602 499 1630 ne
516 1585 631 1631 forte
653 1586 707 1631 de
725 1585 847 1632 coelis
867 1602 1084 1647 quaereres
1101 1622 1112 1640 ‚
1133 1601 1235 1631 cum
1258 1585 1430 1631 audires
1448 1605 1457 1632 ;
1482 1605 1503 1629 ι(
1517 1581 1686 1631 Miseri-

287 1676 308 1699 »
344 1657 493 1703 cordla
527 1657 703 1703 Domini
738 1657 867 1718 plena
894 1667 958 1702 est
984 1666 1120 1702 terra:
1149 1676 1170 1699 »
1194 1656 1297 1702 audi
1314 1657 1417 1718 quia
1436 1658 1624 1702 Domino
1641 1667 1686 1702 et

284 1729 385 1775 coeli
406 1729 622 1788 indigent,
653 1750 673 1772 «
691 1733 899 1791 Sermone
916 1730 1090 1775 Domini
1108 1729 1210 1774 coeli
1224 1728 1556 1775 solidatisunt.»
1575 1732 1686 1775 Nam

285 1816 376 1845 non
397 1817 421 1845 a
442 1817 486 1845 se
509 1801 591 1845 sibi
614 1800 954 1845 solidamentum
978 1799 1159 1845 fuerunt
1179 1836 1190 1855 ‚
1225 1816 1306 1845 nec
1328 1800 1409 1861 ipsi
1431 1800 1534 1845 coeli
1553 1801 1687 1844 firmi-

286 1880 423 1916 tatem
454 1871 536 1915 sibi
572 1871 793 1931 propriam
815 1871 1129 1931 praestiterunt.
1173 1871 1350 1916 «Verbo
1376 1871 1551 1916 Domini
1583 1871 1686 1916 coeli

287 1961 307 1984 »
344 1942 508 1986 firmati
531 1952 649 1998 sunt,
668 1951 711 1987 et
736 1942 899 2002 Spiritu
919 1943 1002 1987 oris
1021 1944 1111 2004 ejus
1130 1942 1270 1987 omnis
1287 1943 1424 1988 virtus
1442 1958 1595 1988 eorum
1608 1944 1641 1987 3.
1661 1961 1682 1985 ))

284 2016 384 2059 Non
405 2013 660 2058 habuerunt
681 2013 848 2075 aliquid
873 2030 924 2059 ex
954 2030 1014 2070 se,
1040 2024 1083 2059 et
1101 2024 1310 2075 tanquam
1329 2014 1686 2075 supplementum

285 2101 310 2129 a
343 2086 531 2130 Domino
564 2095 872 2146 perceperunt.
920 2105 940 2128 «
975 2086 1139 2146 Spiritu
1165 2087 1284 2131 enim
1315 2087 1400 2132 oris
1422 2088 1516 2148 ejus
1549 2106 1569 2129 >›
1594 2102 1686 2132 non

285 2172 402 2216 pars,
422 2156 496 2201 sed
510 2193 521 2213 ‚
549 2176 568 2199 «
586 2157 736 2202 Omnis
759 2158 896 2202 virtus
917 2173 1119 2203 eorum.»

343 2230 397 2272 V.
436 2230 547 2273 Sane
563 2264 574 2284 ⁷
600 2227 776 2284 fratres‚
802 2229 946 2274 videte
977 2228 1130 2273 eadem
1152 2245 1282 2289 opera
1312 2228 1412 2273 Filii
1433 2238 1477 2273 et
1501 2229 1685 2289 Spiritus

282 2300 436 2344 sancti.
458 2303 555 2346 Non
584 2300 701 2344 enim
724 2300 994 2359 negligenter
1011 2300 1369 2360 praetereundum
1393 2310 1480 2356 est,
1506 2310 1685 2360 propter

282 2370 497 2431 quosdam
532 2371 705 2433 iniquos
738 2371 992 2416 discretores
1019 2381 1060 2416 et
1096 2371 1373 2417 turbulentos
1409 2371 1679 2417 confusores,

279 2443 527 2503 Utrumque
564 2444 682 2487 enim
706 2442 819 2488 male
843 2443 906 2487 fit.
937 2442 1232 2489 Confundunt
1255 2442 1345 2498 illi,
1370 2442 1483 2488 male
1514 2443 1680 2488 discer—

273 2512 420 2558 nendo
436 2549 446 2567 ‚
473 2523 718 2558 creaturam
747 2530 849 2559 cum
871 2516 1076 2559 Creatore
1094 2536 1105 2572 3
1128 2523 1170 2558 et
1190 2507 1293 2559 cum
1314 2514 1367 2558 sit
1383 2523 1553 2559 creator
1578 2514 1679 2574 Spi-

327 2603 337 2620 ¹
356 2597 436 2629 Psal.
453 2608 552 2638 xxxii,
571 2599 600 2630 Γ).
629 2616 673 2622 -—-
699 2606 711 2621 ²
727 2600 826 2641 Soph.
850 2610 884 2640 n,
905 2610 953 2631 11.
972 2616 1013 2622 —
1030 2598 1043 2621 3
1060 2599 1140 2631 Psal.
1160 2609 1263 2640 xxxii,
1284 2598 1320 2630 6.
