1833 3284
412 248 467 286 62
855 253 887 281 s.
926 253 1155 280 AUGLSCHM
1188 250 1369 279 EPISCOPt

414 342 434 365 »
471 332 538 367 tus
561 338 583 366 a
608 323 756 366 terra&
782 324 888 365 Erat
909 319 1049 373 enim,
1075 317 1151 362 sed
1172 318 1411 362 extinctum
1434 326 1512 362 cst.
1543 336 1563 359 a
1580 320 1705 363 Nunc
1727 332 1806 361 au-

413 412 434 436 »
473 404 559 438 tem
593 393 758 437 cithara
789 406 941 436 eorum
973 403 1051 447 ego
1080 390 1201 432 sum²
1229 408 1237 433 :
1267 406 1286 430 »
1313 389 1496 443 horum,
1527 402 1716 448 quorum
1742 387 1806 432 illi

410 474 554 524 patres
572 472 694 518 sunt,
720 462 796 522 qui
819 477 889 505 me
906 459 962 504 ad
980 473 1128 503 aurem
1152 459 1375 503 habebant
1391 493 1401 514 ,
1418 474 1507 503 non
1525 458 1581 502 ad
1596 472 1686 503 cor.
1717 460 1807 502 «Et

413 556 432 578 «
459 551 527 579 me
548 534 715 579 habent
737 532 792 576 ad
806 531 1004 576 fabulam
1032 549 1041 574 z
1071 548 1090 570 »
1110 529 1284 574 inanem
1307 539 1351 574 et
1373 529 1570 574 inutilem
1594 529 1806 574 narratio-

409 621 509 650 nem
547 615 590 649 et
622 604 891 648 auditionem
907 637 918 657 ‚
943 599 1143 662 quamvis
1160 615 1230 644 me
1248 609 1291 644 et
1313 609 1518 655 narrent,
1544 608 1588 644 et
1608 599 1803 644 audiant.

412 696 432 720 α
467 674 717 721 Abominati
739 682 946 728 suntme,
972 670 1243 716 discedentes
1265 670 1418 731 procul
1433 674 1464 714 ³.
1495 673 1683 729 »Longe
1704 668 1808 714 facti

409 764 431 791 a
442 746 608 807 justitia
640 743 887 805 peccando,
928 753 972 787 et
1003 750 1219 802 praecepta
1242 742 1422 802 justitiae
1458 741 1581 786 malis
1613 741 1808 785 moribus

408 815 667 861 execrando.
719 817 847 860 «Nec
882 814 926 857 in
956 812 1112 858 faciem
1141 827 1283 856 meam
1309 821 1603 873 pepercerunt
1635 827 1804 874 spuere.

409 887 666 933 Execranda
702 886 832 931 facies
860 901 1050 946 namque
1079 885 1237 930 Christi
1271 895 1337 930 est
1364 887 1456 941 his,
1495 885 1572 946 qui
1592 893 1810 945 praecepta

408 962 505 1021 ejus
530 976 631 1004 eum
647 967 905 1018 contemptu
929 958 1174 1002 exhorrent.
1197 956 1293 1013 Vel,
1312 957 1426 1001 male
1448 972 1517 1001 me
1540 957 1811 1002 innotescere

411 1030 611 1076 fecerunt
628 1045 804 1075 morum
824 1044 1001 1074 suorum
1024 1028 1251 1089 pravitate.
1281 1047 1302 1070 «
1326 1028 1539 1087 Aperiens
1556 1028 1672 1072 enim
1699 1028 1811 1087 pha-

413 1121 432 1143 »
474 1112 633 1146 retram
656 1117 779 1146 suam
802 1100 953 1144 afflixit
970 1115 1039 1143 me
1068 1120 1076 1144 ;
1109 1119 1127 1141 »
1149 1108 1312 1144 secreta
1335 1115 1503 1155 rerum,
1528 1097 1648 1143 unde
1666 1106 1809 1143 tenta·-

409 1173 550 1218 tiones
568 1174 771 1217 existunt.
797 1191 817 1214 «
834 1174 890 1216 Et
904 1170 1077 1215 frenum
1091 1170 1136 1214 in
1153 1171 1311 1215 faeiem
1328 1186 1469 1215 meam
1492 1171 1706 1214 miserunt
1719 1170 1734 1194 4
1755 1188 1767 1221 ι;
1784 1187 1804 1211 »

411 1252 459 1287 ut
481 1243 540 1287 eis
561 1243 723 1287 invitus
741 1242 1028 1287 consentirem
1046 1277 1056 1297 ‚
1083 1236 1260 1301 portans
1282 1258 1354 1287 eos
1375 1241 1585 1286 ducentes
1607 1256 1696 1301 quo
1718 1238 1808 1284 vel«

413 1313 532 1369 lent,
559 1313 615 1358 ad
636 1315 722 1358 ima
748 1329 839 1358 sua.
871 1333 890 1355 «
917 1316 973 1357 Et
997 1312 1194 1358 adextris
1212 1313 1505 1371 germinantes
1527 1326 1809 1357 consurrexe-

413 1402 434 1426 »
470 1394 574 1429 runt
588 1388 602 1411 ⁵
622 1403 635 1429 ε’
656 1404 676 1426 )>
703 1394 745 1429 et
768 1384 956 1429 favendo
983 1394 1026 1429 et
1048 1385 1159 1428 bene
1181 1385 1402 1429 monendo
1425 1384 1563 1429 exorti
1584 1392 1687 1428 sunt
1709 1383 1808 1444 qui-'

411 1455 512 1501 dem
552 1466 602 1500 ut
645 1471 743 1500 suas
785 1455 1044 1515 cupiditates
1079 1455 1329 1515 explerent,
1362 1471 1451 1500 non
1488 1454 1804 1516 persequendo,

413 1545 434 1569 «
471 1527 608 1571 Pedes
636 1542 754 1572 meos
786 1527 1021 1572 vinxerunt
1049 1526 1336 1586 compedibus
1376 1546 1383 1572 :
1413 1545 1432 1569 »
1468 1526 1713 1571 officiorum
1735 1541 1808 1571 ec-

409 1597 778 1654 clesiasticorum,
816 1608 865 1643 ut
897 1614 987 1644 non
1023 1614 1095 1643 eos
1134 1608 1310 1659 possent
1348 1597 1513 1658 fugere.
1556 1619 1576 1642 «
1598 1598 1809 1645 Contritae

414 1688 435 1711 ))
471 1679 574 1715 sunt
598 1670 761 1714 semitae
782 1672 914 1714 meae⁰
944 1690 952 1714 ;
981 1688 1001 1711 »
1026 1679 1075 1714 ut
1097 1686 1186 1715 non
1210 1679 1490 1730 apparerent,
1516 1686 1594 1730 per
1615 1686 1722 1731 quas
1740 1685 1809 1716 so-

411 1740 501 1786 lent
537 1742 641 1786 boni
666 1741 915 1796 ambulare,
947 1758 1036 1786 non
1058 1750 1303 1801 quaerentes
1325 1758 1424 1798 sua,
1451 1742 1527 1786 sed
1548 1743 1708 1788 Christi
1724 1744 1755 1786 ⁷.
1783 1760 1804 1783 »

415 1831 435 1854 «
456 1814 588 1857 Exuit
613 1828 682 1856 me
705 1812 840 1857 stola⁸
870 1833 877 1857 ;
904 1834 919 1854 »
946 1814 1204 1857 auctoritate
1221 1814 1401 1872 pristina
1417 1849 1427 1868 ‚
1456 1813 1525 1858 cui
1549 1813 1646 1859 cedi
1668 1813 1804 1872 solet3

409 1884 531 1945 quod
558 1885 771 1943 contingit
808 1884 1090 1929 multitudine
1118 1895 1161 1929 et
1188 1885 1505 1930 consuetudine
1528 1895 1805 1946 peccatorum

409 1955 690 2015 praevalente.
731 1975 751 1998 «
775 1958 833 2000 Et
847 1955 1002 2015 jaculis
1021 1956 1106 2000 suis
1127 1955 1374 2001 vulneravit
1389 1972 1459 2000 me
1482 1976 1490 2001 :
1520 1975 1539 1998 »
1560 1957 1802 2017 praeceptis,

409 2026 571 2086 quibus
591 2026 719 2071 video
734 2026 863 2081 mala,
880 2036 923 2070 et
945 2027 1048 2086 quia
1070 2030 1269 2071 coercere
1292 2043 1382 2072 non
1403 2043 1597 2087 possum,
1615 2028 1800 2072 crucior.

413 2115 433 2137 «
467 2097 642 2141 Abusus
665 2106 729 2141 est
752 2112 820 2141 me
839 2096 950 2141 sicut
968 2096 1110 2141 voluit
1124 2098 1138 2122 ⁰
1165 2117 1173 2142 :
1198 2115 1218 2138 »
1240 2098 1369 2141 etiam
1392 2096 1638 2145 calamitate
1656 2107 1699 2142 et
1720 2099 1804 2142 mi—

408 2167 515 2211 seria
542 2183 639 2211 mea
663 2183 765 2212 usus
790 2176 854 2212 est
881 2166 933 2212 ad
962 2167 1174 2228 justitiam
1198 2184 1319 2212 suam
1348 2171 1462 2212 Deus
1478 2203 1489 2223 ,
1514 2169 1626 2214 sicut
1646 2168 1800 2214 voluit.

412 2258 432 2280 «
468 2239 699 2284 Doloribus
728 2239 951 2284 involutus
974 2254 1092 2284 sum:
1122 2258 1141 2280 »
1167 2249 1210 2284 et
1233 2240 1278 2284 in
1300 2255 1392 2295 me,
1411 2249 1454 2284 et
1474 2239 1520 2284 in
1535 2239 1625 2284 aliis
1643 2241 1799 2301 patior.

411 2328 430 2351 ))
468 2311 588 2355 Foris
609 2326 790 2370 pugnae,
816 2310 1132 2354 intus'timores
1153 2312 1203 2354 1⁰.
1236 2311 1340 2364 Quis
1361 2311 1625 2368 infirmatur,
1651 2322 1695 2357 et
1721 2327 1802 2372 ego

410 2398 429 2422 »
465 2396 555 2425 non
590 2381 787 2426 infirmor
818 2383 849 2407 ¹¹
876 2383 894 2425 P
932 2383 990 2425 Et
1016 2381 1230 2425 iterantur
1263 2381 1434 2427 dolores
1467 2383 1582 2440 mei,
1618 2381 1803 2427 discedit

456 2501 465 2517 ¹
486 2496 559 2526 Job.
581 2507 664 2537 xxx,
685 2496 715 2527 S.
742 2513 782 2518 ——-
805 2502 816 2517 2
840 2495 922 2527 Ibid.
948 2507 981 2538 9.
1001 2513 1043 2517 —
1060 2493 1072 2517 3
1088 2495 1168 2528 Ibid.
1201 2507 1250 2528 10.
1274 2514 1314 2519 —
1337 2495 1353 2527 4
1376 2497 1458 2530 Ibid.
1483 2509 1533 2529 11.
1555 2495 1722 2530 —5Ibid.
1746 2506 1796 2530 12.

408 2568 450 2573 -
479 2548 494 2573 6
525 2551 606 2583 lbid.
650 2552 698 2583 13.
725 2569 765 2573 ——
798 2558 810 2584 7
840 2551 952 2594 Philip.
977 2563 1016 2593 n,
1046 2560 1100 2584 20.
1128 2568 1170 2574 -—
1188 2550 1202 2573 53
1226 2552 1298 2585 Job.
1317 2563 1401 2596 xxx,
1424 2554 1473 2586 13.
1492 2560 1562 2587 —-9
1579 2553 1662 2587 Ibid.
1686 2552 1737 2597 14.
1758 2569 1799 2578 ·-··

411 2614 478 2638 102
499 2609 571 2640 Cor.
596 2617 652 2648 vu,
676 2607 707 2639 5.
729 2624 770 2628 --
793 2613 818 2629 ¹¹
844 2607 887 2639 Id.
908 2618 950 2648 xi,
971 2616 1025 2649 29.
