1833 3284
256 272 498 302 murmano
530 275 562 300 11
594 274 640 301 m
673 271 876 301 PSALMUM
908 273 1064 314 xxxm,
1099 275 1225 303 sanir.
1262 278 1309 303 ir.
1407 265 1490 304 537

104 347 225 383 vasto
242 338 367 383 istam
387 339 579 393 vineam,
598 347 641 382 et
656 338 779 397 exigo
796 354 820 381 a
835 347 875 381 te
892 339 1134 384 mercedem
1156 360 1164 385 :
1187 339 1403 385 adduxisti
1420 356 1492 402 me

104 410 161 454 ad
193 409 366 454 vineam
392 417 442 453 ut
470 408 660 454 falcitem
688 408 808 452 illam
841 418 883 452 et
918 418 1092 468 putem,
1128 410 1311 455 concido
1345 412 1491 456 omnia

101 480 220 539 ligna
239 480 382 535 utilia,
400 481 632 540 praecidam
653 480 742 539 ipsa
766 480 919 524 robora
941 480 1091 524 vitium
1110 516 1121 535 ,
1147 491 1197 525 ut
1219 497 1308 525 non
1331 482 1400 526 hic
1416 482 1489 526 ha-

101 551 206 596 beas
228 551 349 612 quod
369 551 545 610 colligas
563 586 573 606 ,
593 560 752 595 etcum
770 550 915 595 fecero
933 551 1010 595 ista
1025 587 1035 606 ,
1061 551 1309 596 redditurus
1327 568 1370 596 es
1383 553 1489 597 mihi

98 620 296 666 laborem
318 637 482 666 meum.
499 624 655 667 Nonne
675 620 878 665 insanum
900 621 1022 665 illum
1060 621 1250 667 diceres?
1273 638 1419 667 nonne
1440 623 1491 667 il-

98 691 192 735 lum
215 691 270 736 de
292 690 424 736 domo
448 701 521 736 tua
557 691 785 751 repelleres
802 728 813 747 ,
839 702 1073 752 antequam
1096 693 1287 737 mitteret
1307 709 1488 737 manum

97 762 154 806 ad
170 761 359 807 falcem?
377 761 498 806 Tales
512 771 614 807 sunt
630 763 828 807 homines
839 798 849 817 ,
871 764 947 823 qui
966 773 1010 807 et
1024 763 1166 807 facere
1180 763 1336 808 volunt
1354 763 1484 819 mala,

96 841 140 877 et
163 833 310 893 jurare
342 833 643 889 mendacium,
680 843 723 877 et
751 833 1054 893 blasphemare
1075 843 1226 879 contra
1250 838 1412 890 Deum,
1444 844 1489 879 et

95 918 388 959 murmurare,
414 913 458 947 et
479 902 677 947 fraudem
706 903 868 959 facere,
894 914 937 948 et
955 904 1160 948 inebriari
1176 941 1191 961 ,
1222 915 1265 950 et
1291 905 1481 963 litigare,

95 981 139 1016 et
161 972 422 1028 adulterari,
461 983 505 1017 et
525 972 732 1033 ligaturas
754 973 984 1029 adhibere,
1010 984 1053 1018 et
1073 975 1135 1018 ire
1160 975 1215 1019 ad
1236 975 1482 1034 sortilegos,

94 1052 139 1088 et
160 1042 250 1087 dies
272 1044 411 1088 bonos
429 1043 592 1088 videre.
613 1045 780 1089 Dicitur
810 1044 873 1088 illi
891 1065 899 1090 ε
925 1048 1023 1090 Non
1044 1054 1166 1105 potes
1189 1046 1300 1090 male
1322 1045 1485 1090 faciens

93 1130 290 1175 quaerere
304 1115 465 1160 bonam
487 1115 749 1160 mercedem.
773 1117 815 1160 Si
836 1124 884 1159 tu
900 1116 1084 1175 injustus
1101 1131 1144 1160 es
1161 1152 1172 1171 ,
1196 1116 1381 1176 injustus
1403 1116 1486 1160 erit

93 1194 138 1229 et
160 1188 306 1229 Deus?
332 1188 447 1244 Ergo
469 1185 576 1246 quid
604 1185 788 1230 faciam?
816 1186 935 1239 Quid
956 1187 1050 1230 vis?
1071 1187 1217 1231 Vitam
1237 1186 1339 1231 volo
1356 1222 1366 1241 ,
1393 1185 1484 1230 dies

92 1254 231 1300 bonos
251 1255 366 1300 volo.
397 1255 619 1301 «Contine
645 1255 841 1314 linguam
862 1265 982 1299 tuam
1000 1272 1023 1300 a
1045 1256 1161 1301 malo
1175 1292 1185 1311 ,
1212 1266 1256 1302 et
1276 1256 1390 1300 labia
1409 1266 1485 1301 tua

95 1344 115 1368 »
151 1341 207 1371 ne
238 1326 476 1387 loquantur
509 1326 661 1372 dolum
691 1347 700 1373 2
729 1346 748 1369 »
784 1327 830 1371 id
858 1337 942 1383 est,
976 1327 1086 1371 nulli
1116 1326 1338 1383 fraudem,
1371 1327 1484 1372 nulli

93 1397 388 1442 mendacium.

149 1470 274 1512 XIX.
296 1467 380 1513 Sed
393 1467 501 1528 quid
518 1477 597 1524 est,
623 1486 642 1509 «
656 1467 832 1512 Declina
857 1484 880 1512 a
897 1467 1066 1513 malo¹‘?
1083 1487 1102 1509 »
1121 1472 1279 1512 Parum
1294 1477 1357 1513 est
1370 1468 1482 1512 nulli

90 1554 262 1595 noceas,
287 1538 460 1584 nullum
482 1538 667 1594 occidas,
698 1555 788 1584 non
810 1538 989 1594 fureris,
1016 1555 1106 1583 non
1127 1538 1366 1593 adulteres,
1393 1555 1483 1583 non

89 1610 294 1655 fraudem
319 1610 450 1656 facias
469 1646 480 1666 ,
506 1627 596 1656 non
618 1610 776 1655 falsum
797 1611 1090 1654 testiinonium
1115 1609 1245 1655 dicas.
1270 1631 1290 1652 «
1305 1610 1484 1655 Declina

93 1700 113 1722 »
149 1697 172 1726 a
199 1681 315 1726 malo
341 1701 349 1726 :
377 1700 398 1723 »
434 1697 535 1726 cum
563 1680 868 1735 declinaveris,
889 1680 1018 1726 dicis:
1040 1683 1225 1725 Securus
1242 1697 1359 1735 sum,
1380 1696 1483 1740 per-

88 1749 172 1796 feci
189 1751 333 1796 omnia
350 1787 362 1807 ,
387 1752 560 1796 habebo
580 1752 711 1795 vitam
726 1786 737 1805 ‚
757 1750 918 1795 videbo
937 1750 1027 1794 dies
1050 1751 1203 1795 bonos.
1228 1754 1325 1796 Non
1341 1750 1482 1795 solum

92 1840 110 1862 «
130 1821 309 1867 Declina
330 1838 353 1867 a
374 1822 489 1867 malo
507 1843 517 1880 3
538 1823 613 1867 sed
629 1858 639 1877 ,
661 1825 717 1866 Et
731 1822 798 1866 fac
818 1822 999 1866 bonum.
1020 1840 1039 1862 n
1059 1825 1218 1866 Parum
1239 1831 1304 1866 est
1323 1831 1370 1866 ut
1392 1838 1483 1867 non

87 1892 275 1952 expolies
300 1913 310 1937 :
339 1894 448 1937 vesti
480 1893 665 1937 nudum.
695 1892 738 1937 Si
765 1908 855 1936 non
877 1891 1181 1951 expoliaveris,
1209 1892 1436 1936 declinasti
1459 1908 1483 1937 a

86 1961 204 2007 malo
229 1981 237 2007 z
269 1963 346 2006 sed
368 1978 459 2007 non
477 1961 606 2007 facies
635 1962 801 2006 bonum
819 1997 829 2016 ,
855 1961 936 2005 nisi
958 1977 1060 2005 cum
1082 1962 1359 2021 peregrinum
1388 1978 1483 2006 sus-

91 2032 254 2092 ceperis
276 2033 321 2076 in
343 2031 531 2084 domum,
549 2042 685 2076 tuam.
714 2035 831 2090 Ergo
854 2033 910 2076 sic
932 2030 1100 2076 declina
1124 2048 1147 2075 a
1169 2030 1285 2076 malo
1301 2067 1312 2087 ‚
1344 2041 1394 2076 ut
1416 2031 1483 2077 fa-

85 2103 173 2147 cias
194 2103 378 2148 bonum.
405 2106 595 2157 «Quaere
617 2119 768 2164 pacem
784 2138 794 2158 ,
822 2113 865 2147 et
888 2118 1068 2163 sequere
1092 2119 1202 2146 eam.
1230 2121 1249 2143 »
1279 2105 1376 2148 Non
1402 2103 1482 2147 tibi

85 2172 220 2218 dixit:
243 2173 434 2219 Habebis
455 2174 524 2218 hic
549 2189 696 2234 pacem
726 2194 734 2217 :
762 2189 909 2233 quaere
933 2173 1069 2228 illam,
1097 2183 1139 2217 et
1161 2189 1342 2233 sequere
1365 2188 1477 2218 eam.

87 2246 186 2296 Quo
207 2243 326 2288 illam
349 2246 536 2304 sequor?
563 2247 660 2297 Quo
683 2244 914 2304 praecessit.
939 2244 1148 2288 Dominus
1171 2244 1284 2287 enim
1314 2253 1378 2288 est
1397 2259 1481 2304 pax

82 2323 249 2370 nostra,
271 2315 502 2359 resurrexit
524 2325 566 2359 et
589 2315 783 2359 ascendit
802 2316 846 2359 in
864 2314 1041 2359 coelum.
1070 2335 1090 2357 «
1111 2318 1268 2368 Quaere
1290 2330 1443 2374 pacem
1463 2350 1474 2370 ,

87 2404 105 2426 »
140 2394 184 2429 et
224 2401 404 2446 sequere
437 2385 555 2430 illam
587 2406 595 2431 :
628 2406 645 2428 »
687 2387 786 2446 quia
821 2395 864 2430 et
893 2396 937 2429 tu
969 2401 1070 2429 cum
1098 2386 1361 2440 surrexeris,
1392 2385 1476 2429 hoc

80 2454 263 2499 mortale
285 2456 543 2511 mutabitur,
570 2466 613 2500 et
634 2456 904 2516 amplecteris
927 2471 1097 2515 pacem,
1123 2456 1201 2499 ubi
1227 2455 1307 2498 tibi
1342 2470 1477 2499 nemo

81 2525 287 2571 molestus
305 2527 399 2571 erit.
421 2528 487 2572 Ibi
509 2527 626 2573 enim
647 2538 712 2572 est
735 2527 924 2588 perfecta
950 2543 1033 2587 pax
1050 2563 1060 2582 ,
1086 2528 1167 2571 ubi
1188 2543 1278 2571 non
1297 2529 1472 2571 esuries.

133 2618 140 2633 ¹
163 2610 244 2644 Psal.
267 2622 380 2651 xxxin,
404 2611 455 2645 15.
