1833 3284
364 227 446 267 428
670 273 673 278 Ι
800 242 833 268 s.
871 239 1103 268 Aueus'ruu
1136 240 1315 267 Emscori

362 306 495 365 possit
517 304 614 349 :sed
636 305 809 351 int-{rim
830 320 928 350 cum
949 305 1280 364 peregrinantur
1297 305 1341 348 in
1355 305 1438 350 hoc
1455 305 1636 361 saeculo,
1654 306 1757 366 quia

363 376 521 420 multas
545 377 771 435 patiuntur
792 376 962 436 linguas
980 376 1326 421 contradicentes
1344 376 1420 437 qui
1438 376 1518 420 tibi
1538 377 1753 433 serviunt,

363 447 470 507 qnid
494 447 552 489 eis
570 445 698 491 facis?
714 451 943 506 «proteges
960 448 1088 492 cosin
1108 446 1389 492 tabernaculo
1411 457 1531 492 tuo.»
1551 448 1679 501 Quod
1695 458 1758 493 est

363 516 729 562 tabernaculum?
769 518 961 563 Ecclesia
990 519 1120 578 hujus
1151 519 1379 579 temporis,
1424 518 1758 564 tabernaculum

365 588 461 633 ideo
484 588 667 643 dieitur,
689 590 790 649 quia
813 589 955 634 adhue
970 589 1014 634 in
1027 590 1109 634 hac
1123 598 1236 634 terra
1254 590 1570 649 peregrinatur.
1592 591 1758 635 Taber-

362 659 570 703 naculum
603 659 719 703 enim
758 659 1059 704 habitaculum
1093 669 1156 704 est
1193 659 1382 704 militum
1416 661 1461 704 in
1484 660 1759 721 expeditione

361 731 619 790 positorum.
647 733 744 790 Ipsa
762 730 971 775 dicuntur
996 730 1290 775 tabernacula.
1311 734 1474 775 Domus
1497 747 1586 776 non
1605 741 1668 775 est
1693 741 1759 776 ta-

363 801 667 845 bernaculum.
694 805 846 860 Pugna
872 802 916 846 in
949 801 1223 862 expeditione
1252 803 1521 862 peregrinus,
1545 812 1593 846 ut
1620 802 1761 847 salvus

364 870 501 916 factus
525 872 569 916 in
586 873 892 928 tabernaculo,
915 874 1125 933 gloriosus
1146 874 1363 933 recipiaris
1380 873 1425 917 in
1444 873 1638 918 domum.
1667 875 1762 919 Erit

362 943 478 986 enim
501 943 546 986 in
570 943 684 987 coelo
706 944 862 989 domus
886 954 959 988 tua
977 954 1138 989 aeterna
1156 980 1167 1000 ,
1188 945 1221 988 si
1240 944 1371 989 modo
1395 945 1507 988 bene
1527 945 1572 988 in
1588 945 1670 989 hoe
1694 953 1761 989 ta-

362 1014 600 1059 bernaculo
628 1015 798 1059 vixeris.
827 1019 943 1074 Ergo
961 1016 1005 1059 in
1030 1017 1112 1060 hoe
1135 1016 1419 1061 tabernaculo
1441 1025 1640 1075 proteges
1659 1031 1762 1061 eosa

362 1086 711 1131 contradictione
724 1087 991 1146 linguarum.
1005 1087 1325 1133 Contradicunt
1341 1087 1501 1146 lingua?
1517 1087 1683 1142 multae,
1701 1086 1763 1131 di-

361 1174 496 1202 versae
510 1159 710 1214 haereses,
727 1159 895 1203 diversa
910 1159 1141 1203 schismata
1162 1168 1414 1220 personant,
1435 1158 1597 1217 linguae
1614 1157 1762 1203 multae

363 1229 671 1275 contradicunt
681 1232 820 1275 Veraci
835 1230 1059 1275 doctrinae:
1069 1239 1116 1274 tu
1125 1246 1250 1274 curre
1261 1229 1315 1273 ad
1325 1229 1655 1274 tabernaculum
1668 1229 1760 1285 Dei,

363 1299 600 1344 Ecclesiam
612 1300 871 1346 catholicam
886 1310 1000 1355 tene,
1019 1317 1041 1345 a
1055 1300 1201 1358 regula
1216 1300 1406 1344 veritatis
1422 1300 1511 1344 noli
1523 1300 1761 1354 discedere,

364 1380 406 1415 et
428 1373 665 1431 protegeris
686 1373 731 1416 in
757 1371 1039 1417 tabernaculo
1067 1389 1089 1417 a
1118 1371 1466 1417 contradictione
1493 1370 1761 1431 linguarum.

424 1445 502 1486 lx.
534 1462 553 1485 «
579 1442 842 1487 Benedictus
866 1444 1101 1498 Dominus,
1128 1443 1338 1504 quoniam
1365 1442 1613 1487 mirificavit
1638 1442 1767 1486 mise-

366 1533 386 1556 »
414 1515 643 1559 ricordiam
676 1531 801 1559 suam
831 1516 876 1559 in
903 1516 1077 1560 civitate
1106 1516 1487 1560 circumstantiael.
1520 1534 1540 1557 »
1567 1518 1676 1569 Qnae
1705 1523 1768 1559 est

364 1585 513 1629 civitas
534 1586 904 1630 circumstantiae‘?
929 1590 980 1630 In
1002 1603 1085 1631 una
1109 1586 1260 1630 Judaea
1284 1585 1474 1646 populus
1488 1587 1563 1630 Dei
1582 1595 1674 1630 erat
1690 1601 1768 1646 po-

365 1658 491 1712 situs,
519 1658 642 1718 quasi
661 1658 705 1701 in
728 1658 872 1702 medio
890 1658 1082 1704 mundo.
1107 1658 1185 1702 ubi
1207 1658 1469 1703 dicebantur
1485 1657 1636 1703 laudes
1653 1661 1762 1713 Deo,

365 1729 492 1789 eique
515 1730 721 1773 sacrificia
745 1730 1067 1785 offerelmntur,
1095 1730 1173 1774 uhi
1197 1730 1426 1790 prophetia
1450 1746 1539 1774 non
1571 1730 1770 1775 cessabat

365 1799 564 1844 canendo
586 1800 731 1844 futura
753 1835 763 1854 ,
791 1816 891 1860 quae
914 1800 1045 1844 modo
1067 1800 1265 1844 videmus
1287 1800 1458 1860 impleri
1485 1821 1492 1845 :
1520 1802 1599 1845 iste
1621 1817 1766 1861 popu-

367 1871 432 1914 lus
450 1871 573 1930 quasi
602 1872 645 1914 in
671 1870 815 1915 medio
847 1872 1041 1929 gentium
1057 1881 1162 1915 erat.
1187 1872 1388 1916 Attendit
1411 1873 1629 1932 Propheta
1658 1872 1762 1927 iste,

366 1952 409 1986 et
432 1941 538 1985 vidit
563 1941 757 1986 futuram
787 1941 1021 1986 Ecclesiam
1046 1943 1121 1985 Dei
1150 1943 1194 1985 in
1224 1942 1428 1986 omnibns
1459 1942 1663 2001 gentibus
1687 1963 1695 1987 :
1723 1951 1765 1986 et

367 2013 469 2073 quia
494 2029 644 2057 omnes
669 2022 816 2072 gentes
846 2014 1011 2057 circum
1034 2013 1232 2073 undique
1261 2023 1406 2068 erant,
1432 2029 1532 2073 quae
1554 2013 1599 2057 in
1622 2013 1767 2057 medio

368 2084 594 2143 ponebant
616 2100 748 2127 unam
773 2094 946 2142 gentem
969 2083 1223 2128 Judaeornm
1239 2106 1249 2141 3
1265 2085 1341 2128 has
1365 2084 1563 2144 undique
1586 2085 1769 2128 circum-

369 2164 529 2198 stantes
556 2164 704 2212 gentes
729 2154 963 2214 appellavit
985 2155 1205 2198 civitatem
1229 2154 1583 2199 circumstantioe.
1610 2154 1766 2198 Mirifi-

370 2226 473 2268 easti
492 2225 687 2284 quidem,
715 2226 916 2280 Dmnssne,
937 2225 1276 2270 misericordiam
1298 2236 1418 2270 tuam
1441 2226 1672 2270 incivitate
1695 2228 1769 2268 Je-

370 2296 555 2340 rusalem
575 2316 582 2340 2
609 2297 668 2340 ibi
687 2313 833 2356 passus
851 2306 914 2341 est
935 2297 1153 2351 Christus,
1176 2297 1236 2340 ihi
1263 2297 1517 2351 resurrexit,
1545 2296 1605 2339 ihi
1623 2311 1769 2340 ascen-

370 2367 434 2411 dit
452 2367 496 2410 in
519 2366 698 2422 coelum,
723 2368 782 2412 ihi
804 2367 942 2412 multa
961 2368 1175 2412 mirabilia
1192 2367 1319 2412 fecit:
1340 2367 1415 2412 sed
1433 2367 1673 2427 majorlaus
1693 2377 1769 2412 tua

371 2448 455 2493 est,
477 2439 579 2498 quia
598 2440 833 2484 mirificasti
849 2440 1183 2484 misericordiam
1200 2450 1318 2484 tuam
1335 2440 1378 2482 in
1395 2440 1567 2483 civitate
1583 2439 1769 2482 circum-

372 2509 542 2553 stantiae
559 2545 569 2564 ,
596 2509 640 2553 id
663 2520 751 2561 est,
776 2511 819 2554 in
843 2510 1046 2555 omnibus
1064 2510 1265 2568 gentihus
1295 2508 1508 2554 diffudisti
1531 2508 1767 2553 misericor-

422 2600 427 2615 ¹
452 2593 528 2624 real.
554 2605 627 2631 xxx,
648 2603 701 2625 Ἣ.
