1833 3284
334 229 385 268 54
423 266 428 273 ,
760 242 791 266 s.
831 238 1058 266 AUGUSTINI
1092 240 1272 266 EPISCOPI

332 309 579 369 ruptionem
602 308 762 367 iniquoe
782 306 1054 365 cogitationis
1069 342 1082 361 ,
1110 316 1152 350 et
1174 316 1350 366 propter
1374 306 1542 351 inutilia
1566 322 1719 366 opera,

332 397 430 440 quw
449 379 571 439 quasi
589 378 819 437 diligenter
842 379 886 420 in
906 377 1036 420 domo
1055 378 1240 422 servavit
1262 378 1342 421 sibi
1362 378 1534 437 impius.
1558 397 1577 418 «
1598 378 1724 422 Dives

335 470 355 493 n
392 450 577 495 dormiet
595 485 606 503 ,
627 458 670 493 et
692 464 781 493 non
798 447 969 507 adjiciet
998 467 1006 491 2
1034 464 1054 487 »
1080 448 1181 507 quia
1203 457 1300 508 post
1322 458 1508 493 mortem
1533 464 1622 494 uon
1644 448 1723 493 ad—

328 522 449 583 jiciet
470 519 525 564 ad
546 521 656 580 ipsas
687 520 929 579 impietates
962 517 1147 562 divitias.
1184 537 1203 560 «
1224 518 1384 564 Oculos
1406 534 1506 564 suos
1527 520 1696 579 aperuit
1710 555 1721 576 ‚

335 612 356 634 »
392 601 435 636 ct
467 608 556 636 non
585 600 648 636 est
665 594 695 634 ¹.
724 608 746 631 »
775 593 825 634 In
850 588 1162 633 resurrectione
1186 590 1303 634 enim
1335 606 1424 635 non
1460 590 1653 635 inveniet
1681 606 1725 635 se

334 666 475 724 ipsum
504 663 705 716 divitem,
731 661 851 721 quod
882 669 1125 720 putaverat.
1157 679 1176 703 «
1199 661 1343 706 Tollet
1366 677 1467 706 eum
1490 671 1620 707 aestus
1637 697 1648 718 ‚
1682 671 1726 707 et

335 755 355 778 »
391 735 557 780 abibit:
583 753 602 775 »
630 743 705 777 aut
726 742 856 777 aestus
881 733 1028 787 maris,
1055 731 1279 778 tribulatio
1301 734 1473 779 saeculi:
1500 742 1575 778 aut
1597 743 1726 779 aestus

331 822 418 867 quo
438 814 640 849 arescunt
655 804 830 858 herbre,
858 819 957 864 quae
980 802 1170 848 radicem
1187 819 1277 849 non
1298 805 1479 849 habent.
1511 824 1530 847 «
1547 808 1726 849 Etven-

335 897 355 919 η
392 876 535 920 tilabit
558 891 658 919 cum
681 874 735 919 de
757 874 854 920 loco
877 891 956 919 suo
973 878 990 901 ‘2
1017 894 1025 919 :
1054 893 1074 915 n
1101 885 1176 920 aut
1198 874 1253 920 de
1277 892 1351 936 spe
1379 892 1483 934 sua3
1509 886 1585 921 aut
1613 873 1726 921 Deus

332 963 433 992 eum
455 945 686 990 ventilabit
708 945 762 989 de
792 945 888 990 loco
911 961 1011 1000 suo,
1036 955 1085 990 ut
1117 962 1206 991 non
1229 947 1282 991 sit
1312 947 1354 991 in
1384 946 1482 992 loco
1516 948 1616 1003 Dei,
1642 948 1726 993 hoc

332 1029 411 1075 est,
437 1020 482 1063 in
506 1017 668 1078 populo
687 1033 820 1079 quem
835 1018 1097 1062 inhabitavit
1118 1021 1248 1063 Deus.
1269 1022 1361 1063 «Et
1377 1020 1577 1080 projiciet
1596 1034 1727 1079 super

334 1110 355 1133 »
391 1105 491 1134 eum
508 1126 518 1145 ‚
555 1099 597 1134 et
631 1105 720 1134 non
744 1098 891 1149 parcet
922 1109 930 1134 z
957 1107 978 1130 »
1018 1099 1227 1151 tanquam
1249 1105 1450 1149 aggerem
1472 1106 1722 1150 poenarum.

334 1180 356 1204 n
393 1161 578 1206 Plaudet
599 1176 728 1220 super
748 1161 951 1204 manibus
971 1161 1058 1205 suis
1072 1163 1112 1206 ³:
1134 1180 1154 1203 »
1184 1162 1295 1206 sicut
1317 1161 1485 1206 dictum
1507 1171 1570 1206 est
1593 1181 1602 1206 :
1627 1180 1647 1204 «
1671 1164 1729 1206 Et

336 1251 357 1275 n
393 1248 473 1291 ego
496 1232 730 1292 perditioni
748 1246 898 1276 eorum
921 1232 1233 1291 superridebo4
1256 1252 1265 1277 z
1289 1250 1309 1273 >i
1331 1247 1421 1277 non
1439 1232 1556 1276 enim
1573 1246 1728 1292 super-

333 1303 501 1362 lugebit
536 1302 827 1362 perditionem
861 1302 1113 1362 impiorum.

390 1376 602 1421 XXVIII.
619 1393 639 1415 «
654 1376 730 1417 Est
741 1374 856 1416 enim
870 1374 1038 1432 argenti
1051 1373 1173 1418 loeus
1186 1373 1305 1417 unde
1322 1374 1411 1417 fit5:
1426 1391 1446 1414 »
1472 1373 1726 1433 prudentes,

332 1446 408 1506 qui
421 1445 557 1504 magis
573 1445 620 1504 in
638 1445 808 1489 actione
826 1454 943 1489 sunt.
972 1461 991 1485 «
1015 1449 1157 1490 Locus
1172 1453 1318 1489 autem
1334 1460 1440 1489 auro
1452 1481 1462 1501 ‚
1482 1444 1558 1488 ubi
1572 1459 1730 1504 purga-

336 1536 357 1558 »
393 1526 465 1560 tur
486 1535 495 1560 ε
523 1535 543 1557 η
570 1515 799 1575 sapientes,
821 1516 896 1577 qui
913 1516 959 1559 in
977 1515 1346 1575 contemplatione
1365 1525 1482 1559 sunt:
1505 1535 1524 1557 «
1545 1518 1731 1559 Ferrum

336 1607 357 1630 η
394 1588 511 1631 enim
544 1586 599 1631 de
628 1597 740 1631 terra
767 1588 864 1632 fitss.
890 1606 909 1628 »
942 1590 1047 1632 Haec
1079 1585 1254 1631 metalla
1283 1587 1583 1631 indifferenter
1615 1587 1730 1631 aeci-

334 1658 495 1720 pienda
516 1659 561 1701 in
586 1658 702 1703 bono
729 1668 832 1702 sunt
859 1678 867 1703 :
894 1674 994 1702 nam
1021 1659 1120 1703 ideo
1152 1657 1317 1702 ferrum
1339 1657 1446 1702 djxit
1462 1694 1472 1713 ,
1498 1658 1599 1719 quia
1621 1658 1731 1702 nihil

336 1731 535 1784 interest,
561 1730 684 1789 quasi
699 1730 895 1789 superius
917 1729 972 1773 de
988 1728 1104 1773 ferro
1126 1729 1288 1774 diecret
1316 1749 1324 1774 :
1349 1729 1548 1790 quamvis
1565 1727 1730 1773 ferrum

336 1801 502 1862 possint
524 1798 655 1844 fortes
671 1798 869 1859 intelligi,
892 1803 1059 1845 Revera
1081 1801 1196 1844 enim
1217 1800 1338 1844 nulla
1361 1799 1581 1844 distinctio
1603 1809 1668 1844 est
1686 1800 1731 1843 in

336 1872 544 1932 sapientia
559 1871 789 1915 hominum
807 1886 939 1930 quam
962 1871 1005 1914 in
1024 1886 1073 1915 ea
1091 1881 1207 1915 sunt.
1238 1891 1257 1913 «
1274 1874 1350 1916 AEs
1373 1881 1518 1916 autem
1536 1870 1732 1915 similiter

338 1962 359 1984 »
396 1952 444 1987 ut
466 1941 630 2002 lapides
648 1941 919 1985 excluditur⁷
946 1962 953 1986 ε
976 1942 1079 2002 quia
1100 1951 1241 1986 totum
1263 1941 1316 1986 de
1335 1952 1447 1987 terra
1469 1951 1693 2002 separatur
1719 1961 1728 1986 z

335 2025 386 2060 ut
407 2013 607 2060 ostendat
627 2023 855 2073 propterea
873 2029 963 2057 esse
986 2014 1124 2058 bonos
1146 2013 1268 2058 malis
1290 2014 1444 2058 mixtos
1462 2013 1517 2058 ad
1540 2023 1728 2073 tempus,

336 2086 440 2148 quia
463 2084 518 2129 de
540 2084 642 2144 ipsis
661 2083 786 2128 malis
809 2084 1095 2128 secluduntur
1117 2084 1239 2139 boni,
1265 2093 1307 2128 et
1332 2099 1410 2144 per
1426 2083 1522 2129 illos
1543 2098 1732 2144 purgan-

335 2167 410 2202 tur
449 2165 656 2216 tanquam
682 2154 858 2200 metalla
891 2155 1011 2215 operi
1032 2154 1102 2199 vel
1126 2154 1310 2200 {edificio
1333 2154 1592 2213 necessaria3
1628 2170 1729 2199 cum

335 2229 426 2288 ipsa
450 2237 562 2272 terra
581 2241 690 2287 opus
710 2226 902 2270 habeant
925 2225 1127 2286 eliquari3
1154 2241 1203 2270 ac
1226 2225 1431 2281 formari,
1457 2225 1578 2270 unde
1604 2234 1647 2270 et
1665 2241 1732 2270 se-

335 2298 518 2359 parandi
536 2307 637 2342 sunt
654 2333 664 2353 ,
688 2307 738 2342 ut
760 2306 858 2357 post
874 2298 987 2342 hanc
1009 2297 1326 2357 separationem
1347 2297 1508 2341 habeat
1529 2306 1643 2341 terra
1664 2296 1732 2342 lo-

335 2385 436 2416 cum
464 2378 595 2430 atque
625 2369 824 2414 ordinem
846 2384 999 2424 suum,
1027 2369 1137 2413 sicut
1159 2368 1281 2428 impii
1302 2383 1379 2429 per
1401 2367 1730 2413 damnationem

333 2457 414 2502 pro
436 2441 597 2485 meritis
625 2441 727 2485 suis.
758 2460 777 2483 «
802 2443 859 2485 Et
888 2455 1062 2486 omnem
1085 2441 1215 2485 finem
1237 2440 1328 2500 ipse
1356 2440 1522 2485 invenit
1543 2459 1550 2484 :
1574 2458 1595 2480 »
1620 2439 1729 2501 quid

382 2546 391 2561 ¹
417 2539 490 2571 Job.
513 2549 610 2580 xxvii,
640 2549 691 2581 ις).
719 2555 760 2560 -
785 2545 797 2560 ²
814 2538 894 2570 [bid.
914 2547 968 2569 21.
990 2555 1031 2560 -—
1047 2536 1060 2560 3
1075 2537 1154 2569 lbiil.
1178 2546 1241 2579 22,
1262 2538 1315 2570 23.
1339 2554 1378 2561 —
1397 2536 1412 2567 4
1432 2539 1526 2569 Prov.
1548 2549 1581 2578 1,
1601 2536 1656 2568 26.
1686 2552 1729 2559 —-

333 2594 347 2618 5
366 2595 569 2636 J0b.x‹v1n‚
594 2607 621 2626 1.
643 2612 684 2616 —
704 2593 718 2615 s*
738 2594 819 2626 Iliiil.
840 2603 871 2626 1³..
894 2611 935 2617 —-
956 2594 1068 2627 TIbinl.
