1833 3284
391 199 476 238 340
825 207 857 236 S.
895 209 1124 237 AUGUS'sm'l
1158 212 1355 239 Eriscori.

391 276 641 334 Protegitur
676 275 911 334 imperator
945 276 1122 320 scutatis
1139 311 1150 330 ‚
1189 288 1229 320 et
1253 293 1343 322 non
1367 276 1518 334 timet3
1546 276 1787 336 protegitur

390 363 412 391 a
436 346 694 391 mortalibus
717 346 932 401 mortalis,
958 355 1001 390 et
1022 362 1199 391 securus
1228 357 1292 392 est
1325 367 1334 392 :
1359 348 1603 408 protegitur
1625 356 1789 392 morta-

388 418 440 462 lis
462 418 517 462 ab
541 415 803 472 immortali,
828 429 867 460 et
890 417 1087 472 timebit,
1115 427 1157 462 et
1180 418 1445 478 trepidabit?

449 490 503 532 V.
540 490 714 542 Quanta
729 497 875 532 autem
900 487 1057 532 fiducia
1082 487 1241 533 debeat
1259 505 1347 533 esse
1369 489 1415 533 in
1432 505 1511 545 eo,
1532 488 1609 550 qui
1629 488 1708 533 ista
1727 487 1791 532 di-

388 561 448 605 eit
464 595 475 615 ‚
502 559 651 604 audite
679 579 687 604 :
720 579 737 598 «
764 560 806 605 Si
829 560 1066 604 consistant
1089 560 1317 605 adversum
1340 576 1409 605 me
1431 570 1570 605 eastra
1586 595 1597 615 ‚
1622 576 1712 605 non
1734 559 1790 604 ti-

391 649 413 672 »
450 630 587 675 mebit
624 646 699 675 cor
739 633 930 674 meum¹.
961 651 978 671 »
1016 633 1167 675 Castra
1203 631 1371 676 munita
1408 640 1532 687 sunt,
1576 631 1652 675 sed
1681 629 1786 691 quid

388 703 600 747 munitius
633 703 749 746 Deo?
785 723 801 741 ι(
833 702 875 746 Si
897 712 1080 762 exurgat
1102 703 1148 746 in
1181 718 1250 747 me
1280 702 1464 747 bellum.
1494 721 1514 744 »
1540 701 1654 756 Quid
1683 701 1789 746 mihi

386 773 490 818 facit
533 772 731 817 bellum?
770 777 917 817 Potest
944 774 1052 817 mihi
1082 772 1252 818 auferre
1286 789 1406 834 spem
1438 776 1611 818 meam?
1646 766 1791 817 Potest

389 845 496 889 mihi
519 843 690 889 auferre
712 844 833 906 quod
850 845 925 889 dat
938 846 1253 906 Omnipotens?
1268 847 1388 891 Sicut
1406 862 1495 890 non
1510 845 1700 890 vincitur
1715 845 1790 905 qui

388 916 465 960 dat
480 951 491 970 ‚
517 916 576 960 sic
599 932 689 960 non
707 915 905 960 aufertur
926 916 1047 977 quod
1071 916 1161 960 dat.
1191 917 1234 962 Si
1256 915 1418 961 auferri
1440 925 1584 977 potest
1605 915 1760 960 datum
1775 950 1786 971 ‚

385 987 575 1033 vincitur
598 987 739 1031 dator.
761 990 877 1045 Ergo
896 1003 976 1032 nec
999 987 1089 1048 ipsa
1106 1004 1206 1048 quse
1220 987 1518 1047 temporaliter
1533 986 1786 1046 accipimus,

388 1059 559 1103 auferre
603 1058 730 1103 nobis
764 1059 1000 1118 quisquam
1031 1068 1200 1118 potest,
1234 1057 1387 1103 fratres
1415 1059 1525 1111 mei,
1557 1057 1638 1102 nisi
1674 1056 1791 1102 solus

385 1129 459 1174 ille
481 1130 556 1192 qui
579 1129 715 1174 dedit.
746 1130 962 1189 Spiritalia
985 1145 1085 1191 quae
1108 1129 1264 1185 donat,
1291 1145 1381 1174 non
1404 1128 1600 1184 auferet,
1628 1129 1706 1173 nisi
1736 1138 1786 1173 tu

387 1202 599 1246 dimiseris
637 1222 645 1247 :
672 1202 859 1246 carnalia
888 1218 989 1247 vero
1016 1211 1060 1246 et
1084 1201 1338 1261 temporalia
1368 1202 1458 1262 ipsc
1489 1201 1668 1259 aufert„
1685 1201 1788 1261 quia

387 1283 431 1318 et
449 1273 645 1334 quisquis
668 1273 776 1317 alius
794 1273 966 1328 aufert,
991 1273 1085 1333 ipso
1103 1273 1297 1317 donante
1319 1282 1578 1333 potestatem
1596 1308 1607 1327 ,
1629 1270 1785 1316 aufert.

389 1344 599 1390 Novimus
626 1344 708 1387 hoc
723 1379 734 1398 ,
760 1352 804 1387 et
828 1342 1010 1401 legimus
1042 1343 1088 1387 in
1110 1343 1223 1388 libro
1246 1347 1269 1388 J
1275 1343 1330 1388 ob
1347 1379 1357 1398 ⁷
1385 1344 1486 1404 quia
1510 1358 1590 1387 nec
1619 1341 1692 1386 ille
1715 1342 1792 1403 qui

387 1416 562 1462 videtur
579 1417 702 1477 quasi
721 1415 953 1459 maximam
974 1416 1138 1460 habere
1156 1425 1413 1475 potestatem
1434 1414 1486 1459 ad
1512 1424 1684 1475 tempus
1702 1414 1795 1459 dia-

386 1486 516 1532 bolus
530 1489 563 1543 ²,
591 1496 733 1548 potest
756 1486 923 1547 aliquid
947 1487 1028 1530 nisi
1051 1487 1297 1547 permissus.
1323 1486 1503 1546 Accepit
1527 1495 1788 1546 potestatem

383 1559 431 1604 in
450 1560 620 1613 infima,
646 1568 689 1603 et
711 1558 853 1603 amisit
869 1559 1052 1603 maxima
1065 1567 1108 1602 et
1126 1574 1311 1603 summa.
1332 1561 1390 1603 Et
1409 1573 1500 1602 non
1521 1567 1585 1602 est
1606 1558 1687 1603 ista
1709 1574 1791 1618 po-

388 1638 519 1673 testas
542 1630 639 1673 irati
655 1665 666 1684 ,
692 1628 767 1673 sed
790 1645 920 1689 poena
949 1629 1160 1673 damnati.
1183 1632 1272 1675 Nec
1301 1629 1392 1689 ipse
1418 1644 1521 1688 ergo
1545 1638 1688 1689 potest
1712 1629 1791 1673 ha-

387 1700 493 1744 bere
516 1699 709 1760 aliquam
738 1709 1022 1760 potestatem,
1049 1700 1130 1744 nisi
1150 1700 1399 1760 permissus.
1427 1703 1484 1744 Et
1504 1700 1549 1743 in
1572 1698 1647 1744 illo
1677 1698 1791 1745 libro

388 1771 524 1815 habes
548 1787 679 1831 quem
702 1771 1065 1826 commemoravi,
1091 1781 1133 1815 et
1160 1771 1205 1814 in
1227 1770 1467 1830 Evangelio
1493 1771 1703 1814 Dominus
1721 1770 1791 1815 di-
1832 1760 1833 1803 l

387 1843 447 1888 cit
467 1859 475 1884 ε
502 1862 518 1883 «
548 1846 639 1888 Hac
658 1852 787 1888 noete
803 1842 1038 1903 postulavit
1063 1845 1263 1898 Satanas,
1290 1852 1340 1887 ut
1358 1859 1431 1887 vos
1446 1842 1658 1887 cribraret
1680 1844 1791 1888 sicut

392 1935 410 1957 »
439 1915 631 1959 triticum
648 1950 658 1969 ,
685 1924 729 1959 et
751 1930 831 1973 ego
869 1914 1016 1974 rogavi
1038 1930 1117 1974 pro
1141 1923 1184 1958 te
1199 1950 1210 1969 ‚
1240 1918 1390 1970 Petre,
1415 1929 1470 1957 ne
1491 1913 1666 1958 deficiat
1685 1914 1790 1959 fides

391 2006 410 2027 »
435 1988 554 2030 tua3.
584 2007 601 2027 »
627 1985 898 2029 Permittitur
920 1995 1067 2029 autem
1087 1994 1164 2029 aut
1186 1984 1242 2029 ad
1264 2001 1442 2045 poenam
1464 1994 1656 2029 nostram
1673 2020 1683 2039 ,
1711 1993 1788 2030 aut

386 2057 443 2102 ad
473 2057 794 2117 probationem.
835 2059 951 2116 Ergo
983 2057 1087 2117 quia
1112 2056 1236 2101 nobis
1266 2072 1395 2101 nemo
1434 2065 1578 2116 potest
1614 2054 1788 2100 auferre

386 2129 509 2190 quod
531 2129 605 2172 dat
620 2132 750 2183 Deus„
776 2144 865 2173 non
883 2132 1110 2172 timeamus
1132 2128 1211 2172 nisi
1234 2131 1389 2171 Deum.
1415 2127 1642 2188 Quidquid
1665 2126 1788 2172 aliud

388 2201 618 2246 tremuerit
633 2236 643 2256 ‚
670 2200 888 2261 quidquid
911 2200 1027 2244 aliud
1057 2199 1318 2260 superbierit
1338 2198 1544 2244 adversus
1568 2215 1646 2244 nos
1663 2234 1674 2254 ,
1699 2214 1789 2243 non

393 2273 546 2317 timeat
567 2287 641 2317 cor
663 2281 876 2316 nostrum.

451 2347 528 2388 vl.
570 2363 587 2384 «
617 2344 658 2389 Si
684 2355 858 2404 exurgat
888 2343 933 2387 in
956 2359 1026 2387 me
1049 2341 1237 2397 bellum,
1268 2342 1310 2386 in
1334 2343 1414 2387 bac
1437 2357 1516 2400 ego
1539 2342 1738 2402 sperabo.
1763 2360 1784 2383 η

394 2422 447 2464 ln
470 2418 588 2477 qua?
618 2435 636 2457 «
665 2419 804 2461 Unam
822 2452 833 2471 ,
867 2416 1036 2476 inquit,
1068 2415 1171 2475 petii
1193 2431 1216 2459 a
1239 2414 1467 2459 Domino&
1491 2434 1508 2455 »
1536 2414 1787 2459 Foeminino
1809 2438 1811 2444 ⁴

393 2504 551 2549 genere
573 2487 810 2548 appellavit
822 2487 1047 2549 quoddam
1066 2487 1328 2531 beneficium
1343 2522 1354 2542 ‚
1375 2496 1586 2546 tanquam
1604 2485 1782 2541 diceret,

440 2582 449 2600 ¹
472 2575 551 2608 Psal.
569 2586 656 2615 xxvi,
674 2576 704 2606 11.
726 2593 735 2597 -
754 2591 766 2598 Α
792 2575 893 2607 2J0b.
915 2586 935 2606 1.
967 2592 1005 2597 -—
1027 2572 1224 2615 3Luc.xx1‚
1251 2572 1657 2615 31.—4Psa1.xxv1,!;.
