1833 3284
426 261 669 296 nuntium
703 266 748 292 m
780 261 984 295 rsALMUM
1015 262 1081 288 111.
1365 250 1446 288 123

56 331 133 392 qui
153 337 254 374 eum‘
265 327 461 390 tradidit.
480 331 518 375 A
530 329 652 388 cujus
663 327 774 373 facie
785 327 946 387 fugisse
966 339 1219 387 quanquam
1239 324 1443 369 historice

54 400 189 462 possit
205 399 361 457 accipi3
385 397 563 459 quando
584 397 660 442 illo
682 397 947 452 discedente,
966 395 1138 441 secessit
1159 410 1259 442 cum
1277 395 1442 439 caeteris

56 471 103 515 in
129 478 326 526 montem
355 487 365 514 ε
396 477 544 515 tamen
577 468 849 528 spiritaliter,
881 466 1059 528 quando
1090 474 1283 513 mentem
1318 465 1445 512 Judae

55 539 192 589 Filius
213 539 313 596 Dei,
335 538 384 585 id
409 548 499 595 est,
523 539 673 584 Virtus
694 548 737 583 et
761 537 978 599 Sapientia
1006 536 1084 581 Dei
1105 535 1319 590 deseruit,
1342 551 1445 581 cum

53 626 155 658 eum
176 610 378 656 diabolus
397 610 574 671 penitus
601 610 783 666 invasit,
818 610 863 654 in
890 623 942 653 eo
964 606 1086 670 quod
1114 607 1325 670 scriptum
1346 615 1411 650 est
1431 625 1441 651 :

57 701 80 725 «
111 684 169 726 Et
189 681 367 726 intravit
397 680 598 727 diabolus
630 681 676 726 in
709 696 784 726 cor
812 681 958 740 ejus13
984 697 1005 720 »
1031 678 1145 722 bene
1178 676 1391 738 accipitur
1419 691 1444 721 a

53 751 162 797 facie
185 753 276 812 ejus
305 751 528 798 Christum
555 750 716 811 fugisse
741 771 753 796 ι
777 766 868 795 non
894 750 998 811 quia
1031 749 1230 794 Christus
1265 747 1444 793 diabolo

53 822 205 878 cessit,
240 821 314 868 sed
338 823 512 869 Christo
539 821 816 878 discedente,
847 820 1048 866 diabolus
1069 819 1275 879 possedit.
1302 822 1444 873 Quem

52 892 288 946 discessum
304 892 455 955 fugam
476 909 566 938 esse
581 894 628 938 in
648 894 733 939 hoc
745 892 917 938 Psalmo
935 889 1203 951 appellatum
1216 889 1446 934 celeritatis

52 980 180 1011 causa
203 964 390 1010 arbitror
413 983 423 1010 2
447 965 570 1025 quod
584 965 720 1009 verbo
742 964 873 1008 etiam
890 961 1064 1008 Domini
1086 960 1355 1020 significatur
1377 960 1445 1004 di-

51 1036 188 1082 centis
213 1056 222 1081 :
256 1054 279 1080 «
303 1036 434 1091 Quod
450 1034 578 1092 facis,
604 1035 691 1080 cito
712 1034 823 1080 fac2.
851 1053 872 1075 »
897 1032 1143 1093 Loquimur
1170 1031 1302 1075 etiam
1320 1031 1445 1075 sicin

52 1105 395 1162 consuetudine,
426 1115 477 1153 ut
503 1105 699 1150 dicamus
721 1125 730 1150 :
756 1104 890 1163 Fugit
919 1118 1010 1158 me,
1037 1101 1159 1162 quod
1183 1102 1230 1145 in
1250 1109 1445 1145 mentem

50 1192 142 1222 non
163 1177 284 1221 venit
305 1192 314 1218 :
341 1186 384 1221 et
411 1177 466 1221 de
490 1177 668 1221 homine
690 1175 938 1223 doctissimo
961 1173 1145 1218 dicimus
1167 1191 1177 1218 ε
1201 1172 1320 1219 Nihil
1342 1187 1443 1216 eum

50 1247 179 1307 fugit.
216 1252 451 1307 Propterea
478 1249 636 1293 veritas
664 1245 778 1306 fugit
808 1254 1000 1290 mentem
1028 1244 1156 1294 Judae
1173 1279 1184 1299 ,
1220 1259 1322 1288 cum
1342 1258 1443 1288 eum

51 1317 267 1363 illustrare
288 1317 467 1365 destitit.
494 1317 735 1364 Abessalon
758 1326 904 1363 autem
918 1351 929 1372 ,
965 1315 1077 1360 sicut
1099 1314 1279 1375 quidam
1305 1315 1445 1359 inter-

50 1398 294 1450 pretantur,
306 1388 354 1433 in
370 1387 507 1434 latina
524 1388 675 1447 lingua
693 1387 853 1433 dicitur
868 1387 1005 1432 Patris
1021 1402 1118 1446 pax.
1135 1384 1267 1439 Quod
1282 1384 1444 1428 mirum

49 1458 189 1509 videri
209 1467 374 1519 potest,
399 1459 488 1504 sive
502 1458 549 1502 in
569 1458 749 1503 historia
762 1461 1014 1516 Regnorum
1031 1491 1042 1512 ,
1068 1470 1169 1501 cum
1185 1454 1353 1499 bellum
1371 1454 1446 1498 ad-

50 1545 198 1575 versus
231 1539 402 1590 patrem
427 1529 669 1575 Abessalon
701 1530 904 1588 gesserit3
934 1528 1022 1572 sive
1057 1527 1102 1571 in
1133 1526 1310 1571 historia
1333 1526 1444 1572 Novi

53 1602 338 1656 Testamenti,
361 1616 463 1646 cum
487 1600 669 1645 traditor
689 1600 865 1644 Domini
883 1600 1018 1643 Judas
1044 1596 1203 1652 fuerit,
1229 1596 1443 1657 quemad-

50 1671 233 1717 modum
252 1671 389 1716 Patris
405 1687 488 1730 pax
509 1671 644 1731 possit
656 1669 858 1729 intelligi.
879 1669 963 1714 Sed
983 1678 1026 1712 et
1044 1668 1105 1712 ibi
1119 1668 1196 1728 qui
1213 1666 1445 1726 diligenter

49 1742 226 1802 legunt,
255 1742 410 1789 vident
436 1743 483 1787 in
512 1742 588 1787 illo
615 1742 733 1788 bello
764 1740 904 1787 David
934 1750 1138 1801 pacatum
1160 1739 1292 1785 fuisse
1319 1739 1410 1784 filio
1426 1774 1438 1795 ,

51 1814 127 1875 qui
147 1814 277 1859 etiam
298 1829 459 1873 magno
481 1829 582 1858 cum
602 1813 754 1858 dolore
775 1813 941 1873 planxit
961 1812 1202 1856 extinctum
1220 1846 1231 1866 ,
1258 1811 1407 1856 dicens
1432 1830 1441 1856 :

55 1902 77 1927 «
110 1883 350 1930 Abessalon
364 1883 480 1929 filius
492 1899 614 1930 meus
628 1920 639 1940 ,
662 1885 759 1945 quis
772 1884 897 1928 dabit
917 1883 1024 1927 mihi
1047 1883 1158 1927 mori
1178 1898 1259 1942 pro
1281 1892 1323 1926 te
1339 1884 1354 1907 3
1382 1901 1391 1926 :
1418 1900 1438 1923 n

52 1954 158 2000 etin
175 1954 352 2000 historia
373 1955 483 2000 Novi
507 1955 768 1999 Testamenti
789 1955 882 2013 ipsa
903 1953 1079 1998 Domini
1105 1953 1242 1997 nostri
1258 1961 1378 1996 tanta
1401 1961 1445 1996 et

50 2033 142 2069 tam
156 2024 351 2069 miranda
366 2025 590 2085 patientia,
611 2025 733 2085 quod
749 2039 851 2068 eum
870 2023 1020 2068 tandiu
1036 2023 1219 2083 pertulit
1231 2032 1442 2083 tanquam

51 2096 242 2151 bonum,
268 2110 370 2140 cum
391 2096 482 2156 ejus
504 2096 788 2155 cogitationes
816 2111 907 2140 non
926 2095 1168 2153 ignoraret,
1200 2109 1301 2138 cum
1322 2093 1444 2137 adhi-

51 2165 150 2215 buit
175 2165 230 2212 ad
247 2166 518 2222 convivium,
542 2168 588 2211 in
609 2182 698 2227 quo
720 2166 913 2226 corporis
931 2175 974 2210 et
1004 2165 1224 2223 sanguinis
1242 2165 1308 2208 sui
1328 2165 1443 2222 figu—

52 2251 146 2281 ram
172 2235 402 2297 Discipulis
430 2238 754 2282 commendavit
775 2246 819 2281 et
840 2236 1073 2293 tradidit43
1103 2233 1225 2295 quod
1252 2234 1444 2294 denique

52 2307 100 2352 in
123 2308 215 2367 ipsa
231 2307 466 2353 traditione
493 2309 693 2354 osculum
719 2310 926 2369 accepit5,
953 2309 1066 2357 bene
1088 2306 1347 2365 intelligitur
1363 2321 1443 2366 pa—

54 2393 149 2424 cem
165 2379 386 2426 Christum
406 2380 648 2425 exhibuisse
669 2380 869 2431 traditori
893 2396 998 2436 suo3
1025 2378 1224 2440 quamvis
1251 2377 1325 2421 ille
1350 2386 1441 2421 tam

54 2448 270 2495 sceleratae
302 2450 573 2509 cogitationis
605 2452 778 2496 interno
811 2450 928 2495 bello
967 2458 1222 2496 vastaretur.
1260 2452 1317 2493 Et
1343 2448 1442 2492 ideo

69 2576 72 2578 .
103 2550 112 2568 ¹
129 2546 219 2576 Joan.
240 2555 318 2587 xm,
336 2554 369 2578 2.
397 2563 439 2569 -
465 2553 478 2570 ²
494 2546 574 2579 Ibid.
594 2555 648 2589 27.
675 2564 718 2570 —-
737 2546 750 2571 3
771 2556 790 2579 2
810 2549 886 2589 ch.
907 2558 1004 2589 xvu1,
1029 2546 1081 2580 33.
1103 2563 1144 2568 —-
1164 2544 1180 2576 4
1196 2548 1288 2578 Joan.
1303 2555 1374 2577 xm.
1395 2561 1438 2567 —

57 2596 73 2621 ⁵
90 2600 202 2632 Matth.
218 2611 308 2643 xxw,
327 2599 383 2643 49.
