1833 3284
236 277 477 307 numum-10
509 279 560 306 111
593 281 641 307 IN
673 280 878 308 PSALMUM
909 280 1047 319 xxxn,
1082 279 1208 308 sema.
1245 283 1293 308 11.
1390 268 1468 307 501

20 362 23 367 ·
86 353 349 403 operantur,
387 354 431 389 et
465 360 619 390 manus
639 355 682 390 et
705 345 856 390 oculus
873 355 916 389 et
938 346 1051 390 auris
1085 346 1251 390 diversa
1280 346 1471 401 faciunt,

20 410 22 418 ’
86 429 167 458 nec
184 413 265 458 sibi
282 413 564 459 adversantur
590 415 675 460 :sic
697 424 741 459 et
761 416 806 459 in
831 415 991 460 Christi
1007 431 1189 475 corpore
1210 415 1368 474 singuli
1392 416 1476 460 ho-

19 493 21 503 ’
85 483 245 539 mines,
271 493 480 545 tanquam
495 485 692 529 membra
713 485 881 544 singula
893 484 1019 530 donis
1041 486 1126 530 suis
1140 485 1346 544 gaudent,
1371 486 1474 546 quia

16 563 22 601 ἴ
83 554 157 599 ille
177 555 253 616 qui
275 555 406 616 elegit
426 556 640 617 populum
657 558 703 601 in
723 556 1023 601 haereditatem
1045 557 1150 612 sibi,
1173 557 1298 601 finxit
1320 556 1475 616 singil-

85 624 210 670 latim
231 625 365 672 corda
397 642 564 672 eorum.
603 646 624 670 «
658 626 883 688 Numquid
914 628 1031 672 enim
1062 642 1212 673 omnes
1248 626 1476 687 Apostoli?

86 715 109 739 »
133 697 350 760 numquid
372 714 523 744 omnes
544 700 801 760 Prophetae?
826 698 1044 760 numquid
1061 714 1210 744 omnes
1239 702 1446 744 Doctores
1460 733 1473 755 ‚

85 788 106 812 n
127 770 346 832 numquid
367 786 517 816 omnes
539 770 656 816 dona
676 770 843 815 habent
866 771 1126 815 sanitatum?
1145 770 1363 831 numquid
1380 786 1477 815 om-

85 859 106 882 »
131 857 206 886 nes
223 841 383 902 linguis
405 841 678 903 loquuntur?
696 841 914 903 numquid
931 857 1081 886 omnes
1103 842 1475 901 interpretantur?

85 929 106 953 η
132 911 218 957 Alii
247 912 426 973 quidem
457 928 535 973 per
559 913 767 973 Spiritum
790 913 920 957 datur
951 928 1092 957 sermo
1120 913 1363 972 sapientiae,
1402 910 1476 956 alii

83 1000 106 1024 η
130 998 271 1029 sermo
293 983 484 1028 scientiae
499 1020 510 1039 ,
532 984 603 1028 alii
626 983 732 1029 fides
750 984 992 1028 secundum
1016 982 1221 1027 eumdem
1246 983 1473 1042 Spiritum,

82 1072 104 1096 n
135 1054 258 1100 alteri
287 1054 401 1100 dona
430 1056 748 1101 curationum1.
789 1074 808 1096 η
838 1057 1007 1109 Quare?
1039 1055 1150 1109 Quia
1174 1055 1297 1099 finxit
1324 1054 1478 1113 singil-

79 1124 203 1170 latim
235 1125 366 1171 corda
389 1142 556 1171 eorum.
583 1125 815 1180 Quomodo
838 1136 983 1170 autem
1010 1126 1056 1170 in
1084 1126 1289 1169 membris
1318 1125 1476 1170 nostris

80 1196 248 1242 diversa
265 1208 367 1242 sunt
389 1214 541 1258 opera,
568 1198 644 1242 sed
663 1197 820 1242 sanitas
842 1214 928 1241 una
952 1217 960 1241 :
987 1197 1105 1241 sicin
1122 1197 1326 1241 omnibus
1340 1212 1476 1241 mem-

78 1267 166 1312 bris
187 1268 350 1313 Christi
367 1267 534 1313 diversa
557 1283 754 1323 munera,
769 1268 844 1313 sed
871 1267 1057 1313 charitas
1078 1283 1181 1312 una.
1207 1287 1228 1311 «
1248 1269 1334 1321 Qui
1350 1268 1476 1312 finxit

82 1356 103 1380 »
129 1338 379 1397 singillatim
411 1338 543 1383 corda
565 1354 733 1384 eorum.
756 1357 777 1380 n

137 1412 285 1453 XXII.
306 1410 423 1463 «Qui
439 1408 643 1469 intelligit
660 1410 806 1454 omnia
827 1424 958 1469 opera
980 1424 1131 1454 eorum
1145 1412 1177 1453 ².
1205 1408 1432 1468 intelligit,
1446 1427 1467 1450 n

77 1480 186 1541 quid
217 1481 305 1525 est‘?
332 1480 545 1526 Secretius
572 1489 614 1524 et
643 1481 823 1525 interius
854 1479 989 1525 videt.
1020 1479 1164 1523 Habes
1196 1479 1242 1523 in
1271 1478 1470 1535 Psalmo,

81 1570 103 1593 «
128 1551 329 1610 Intellige
350 1551 584 1597 clamorem
605 1567 751 1596 meum
766 1553 798 1595 3.
833 1570 854 1593 »
874 1554 973 1597 Non
999 1551 1114 1595 enim
1137 1551 1260 1611 quasi
1289 1551 1473 1595 vocibus

78 1638 188 1683 opus
204 1632 290 1679 est,
315 1632 367 1668 ut
387 1625 611 1684 perveniat
628 1623 794 1684 aliquid
808 1624 864 1668 ad
877 1638 1001 1667 aures
1016 1623 1109 1666 Dei.
1127 1621 1336 1667 Occultus
1358 1622 1474 1666 visus

77 1693 327 1738 intellectus
367 1703 565 1740 vocatur.
603 1695 853 1755 Expressius
886 1693 1022 1749 dixit,
1048 1708 1183 1755 quam
1215 1693 1249 1737 si
1278 1693 1470 1738 diceret:

77 1763 209 1809 Videt
231 1764 377 1809 omnia
400 1780 530 1825 opera
549 1780 698 1810 eorum
728 1784 737 1809 ε
763 1780 818 1808 ne
849 1774 955 1809 tunc
976 1773 1152 1824 putares
1180 1762 1316 1807 videri
1341 1778 1473 1822 opera

76 1834 157 1879 ista
174 1870 184 1890 ‚
210 1835 389 1896 quando
405 1844 448 1879 et
470 1845 519 1879 tu
540 1835 659 1880 vides
681 1851 790 1895 opus
811 1835 1014 1880 hominis.
1043 1837 1185 1879 Homo
1208 1833 1375 1878 factum
1391 1833 1474 1877 ho-

76 1906 205 1950 minis
222 1915 343 1950 moto
365 1907 456 1966 ejus
471 1921 651 1967 corpore
666 1905 784 1952 videt
800 1927 810 1963 3
834 1909 948 1950 Deus
966 1914 1111 1950 autem
1133 1905 1179 1948 in
1190 1905 1321 1949 corde
1333 1904 1468 1949 videt.

77 1977 188 2030 Quia
211 1992 312 2036 ergo
325 1978 443 2022 intus
459 1977 599 2032 videt,
618 1976 785 2022 dictum
801 1987 886 2021 est:
910 1996 928 2018 «
954 1975 1165 2035 intelligit
1182 1975 1326 2020 omnia
1340 1990 1471 2034 opera

79 2065 101 2089 »
127 2063 294 2092 eorum.
320 2067 341 2089 n
376 2051 490 2092 Dant
525 2047 615 2092 duo
644 2048 931 2108 pauperibus,
966 2062 1079 2090 unus
1113 2046 1194 2091 sibi
1225 2045 1473 2090 mercedem

76 2119 235 2179 quaerit
258 2119 505 2175 coelestem,
531 2119 639 2163 alius
662 2120 900 2164 humanam
922 2117 1098 2163 laudem
1125 2138 1133 2163 :
1155 2127 1205 2162 tu
1225 2118 1271 2162 in
1298 2117 1472 2161 duobus

75 2204 210 2233 unam
233 2205 324 2233 rem
345 2189 466 2234 vides
482 2226 493 2246 ,
519 2193 634 2234 Deus
656 2190 763 2234 duas
785 2188 1012 2247 intelligit3
1034 2189 1150 2233 intus
1173 2188 1290 2232 enim
1313 2186 1472 2232 intelli-

78 2260 141 2318 git
161 2270 204 2305 et
224 2261 342 2305 intus
355 2262 567 2319 agnoscit,
586 2261 693 2305 fines
714 2261 909 2321 ipsorum
925 2260 1060 2314 videt,
1080 2259 1343 2303 intentiones
1360 2259 1472 2318 ipsas

76 2330 212 2374 videt.
243 2350 263 2374 «
288 2331 372 2385 Qui
395 2331 602 2390 intelligit
624 2332 768 2376 omnia
787 2346 918 2391 opera
936 2346 1102 2374 eorum.
1123 2348 1143 2371 »

136 2401 305 2446 XXJII.
335 2421 355 2444 «
380 2405 479 2448 Non
501 2401 643 2446 salvus
664 2403 740 2446 fiet
757 2418 830 2445 rex
846 2417 923 2461 per
942 2400 1272 2445 multitudinem
1300 2399 1473 2443 virtutis

80 2487 102 2510 »
128 2470 259 2513 suae4.
290 2488 310 2511 »
334 2470 404 2514 Ad
426 2472 665 2514 Dominum
687 2487 860 2526 omncs,
885 2471 932 2514 in
967 2473 1057 2515 Deo
1079 2485 1244 2514 omnes.
1274 2472 1377 2529 Spes
1400 2478 1475 2513 tua

127 2571 136 2588 ¹
161 2577 172 2597 1
194 2567 267 2598 Cor.
289 2577 348 2608 xu,
370 2567 403 2608 8,
418 2578 453 2610 9,
473 2571 507 2600 et
523 2574 580 2609 29,
597 2567 649 2600 30.
669 2584 710 2590 —
736 2574 748 2590 ²
766 2566 846 2599 Psal.
867 2577 967 2605 xxm,
991 2565 1042 2597 15.
1065 2582 1105 2588 —
1127 2563 1260 2606 31‹l.v‚
1280 2574 1311 2600 ¹2,
1329 2582 1370 2587 -—
1389 2563 1405 2594 l·
1422 2565 1472 2598 Μ,

81 2630 178 2662 xxm,
199 2621 251 2654 ¹6.
