1833 3284
330 235 570 267 ENARRAno
601 239 635 266 11
666 239 713 266 m
743 235 947 266 PSALMUM
979 239 1071 265 xx1.
1316 226 1400 266 295

0 344 2 350 ,
19 303 204 366 patitur,
224 311 269 348 et
282 301 442 348 deinde
457 301 602 347 videte
629 318 780 364 quare.
805 303 912 356 Quis
932 303 1050 346 enim
1071 300 1267 348 fructus?
1287 304 1402 348 Ecce
1429 308 1435 311 ’

0 392 1 408 ¹
18 383 302 436 speraverunt
317 383 460 435 patres
476 374 633 429 nostri,
663 383 707 419 et
730 374 844 419 eruti
872 383 975 419 sunt
993 374 1048 419 de
1069 383 1184 419 terra
1202 375 1399 435 AEgypti.

0 448 78 504 *Et
97 447 210 491 sicut
225 445 314 490 dixi
328 478 340 501 ,
364 453 455 489 tam
474 443 602 489 multi
623 444 960 501 invocaverunt,
985 453 1029 490 et
1049 446 1193 490 statim
1214 445 1270 490 ad
1291 455 1404 491 tem-

0 505 122 578 ³pus‚
148 532 238 562 non
259 517 306 563 in
333 514 482 560 futura
502 516 613 572 vita,
637 515 714 561 sed
735 516 945 562 continuo
970 514 1143 561 liberati
1163 526 1280 561 sunt.
1307 520 1405 577 Ipse

17 588 105 633 Job
124 586 303 632 diabolo
318 586 485 646 petenti
508 601 734 631 concessus
755 596 839 643 est,
857 596 1108 647 putrescens
1127 587 1371 632 vermibus¹
1390 607 1401 633 ε

16 667 165 703 tamen
186 659 233 703 in
248 659 330 703 hac
345 658 433 702 vita
449 658 722 718 recuperavit
737 657 921 704 salutem
931 693 943 715 ,
963 657 1101 719 duplo
1119 658 1286 719 accepit
1301 674 1403 720 quae

15 729 289 791 perdiderat²
314 747 324 774 z
348 729 560 774 Dominus
577 738 724 774 autem
741 729 1046 790 flagellabatur
1059 765 1070 785 ,
1082 739 1126 774 et
1145 745 1275 775 nemo
1297 730 1404 775 suh-

14 801 240 859 veniebat3
263 800 400 861 sputis
421 799 760 861 deturpabatur,
780 809 824 845 et
846 815 976 846 nemo
996 800 1307 859 subveniebat,
1330 816 1406 846 co-

14 872 155 932 laphis
164 871 430 927 caedebatur,
442 881 486 916 et
493 887 622 917 nemo
632 872 919 917 subveniebat
930 893 941 931 3
952 873 1083 933 spinis
1092 873 1403 929 coronabatur,

14 952 60 988 et
89 958 219 989 nemo
251 943 561 1001 subveniebat,
595 943 822 988 levabatur
852 943 899 988 in
928 943 1071 1003 ligno,
1108 959 1237 988 nemo
1265 944 1403 1002 eruit3

14 1013 173 1059 clamat
197 1032 207 1060 :
236 1033 259 1058 «
282 1018 398 1060 Deus
427 1029 551 1060 meus
568 1046 580 1070 ,
608 1016 723 1059 Deus
753 1029 877 1059 meus
893 1049 904 1069 ,
935 1023 987 1058 ut
1014 1013 1123 1075 quid
1149 1029 1219 1058 me
1243 1013 1405 1058 dereli-

16 1098 38 1128 ι)
58 1086 214 1146 quisti³
239 1104 248 1132 ε
276 1103 298 1128 »
321 1100 411 1131 non
437 1086 709 1131 subvenitur.
729 1088 898 1141 Quare,
920 1084 1073 1130 fratres
1094 1085 1212 1130 mei?
1235 1087 1405 1139 Quare?

14 1158 111 1209 Qua
132 1155 332 1202 mercede
353 1165 474 1201 tanta
486 1172 635 1216 passus
653 1158 739 1201 est?
753 1156 909 1200 Omnia
930 1156 1010 1200 ista
1032 1172 1131 1217 quae
1151 1171 1301 1216 passus
1321 1166 1402 1214 est,

13 1226 205 1286 pretium
227 1236 304 1271 est.
328 1228 465 1288 Cujus
486 1226 547 1270 rei
567 1226 705 1286 pretio
722 1235 844 1270 tanta
864 1241 1013 1286 passus
1033 1235 1098 1271 est
1111 1262 1122 1282 ,
1142 1227 1374 1272 recitemus
1389 1262 1401 1284 ,

13 1295 238 1341 videamus
256 1312 358 1358 quae
378 1297 509 1342 dicat.
535 1297 731 1342 Primum
752 1312 1001 1357 quaeramus
1020 1312 1120 1357 quae
1140 1312 1290 1356 passus
1318 1298 1372 1342 sit
1389 1332 1400 1354 ,

14 1367 174 1412 deinde
193 1384 328 1429 quare
349 1388 359 1414 ε
384 1378 427 1413 et
447 1368 672 1413 videamus
692 1384 826 1429 quam
841 1369 927 1413 sint
947 1369 1092 1413 hostes
1124 1369 1307 1425 Christi,
1328 1370 1407 1430 qui

12 1439 281 1484 confitentur
295 1474 307 1495 ,
326 1440 430 1500 quia
451 1448 572 1483 tanta
589 1454 738 1499 passus
761 1448 825 1483 est
842 1474 853 1494 ,
878 1448 922 1483 et
938 1438 1102 1484 tollunt
1120 1455 1272 1500 quare.
1293 1440 1406 1485 Hinc

14 1508 241 1555 audiamus
254 1519 398 1555 totum
410 1511 455 1554 in
469 1510 552 1555 isto
566 1509 754 1566 Psalmo,
771 1520 814 1554 et
830 1526 929 1571 quae
947 1526 1094 1570 passus
1110 1511 1179 1566 sit,
1197 1520 1240 1555 et
1251 1526 1401 1571 quare.

15 1583 176 1625 Tenete
197 1581 274 1625 ista
287 1580 392 1636 duo,
406 1580 515 1641 quid
532 1590 574 1625 et
588 1596 737 1641 quare.
753 1579 887 1625 Modo
899 1581 1043 1641 ipsum
1055 1581 1164 1641 quid
1176 1581 1404 1641 explicem.

12 1652 111 1696 Non
124 1651 186 1694 ibi
198 1651 495 1706 immoremur,
509 1660 553 1696 et
568 1651 724 1695 melius
735 1650 790 1695 ad
801 1667 877 1696 vos
894 1652 1156 1711 perveniunt
1168 1652 1258 1712 ipsa
1272 1652 1407 1697 verba

13 1720 186 1765 Psalmi.
205 1720 361 1765 Videte
378 1737 478 1782 quae
493 1721 658 1781 patitur
667 1722 895 1777 Dominus,
913 1721 1125 1766 attendite
1142 1723 1401 1768 Christiani:

15 1808 37 1834 «
61 1791 360 1851 opprobrium
380 1792 610 1836 hominum
631 1801 675 1836 et
696 1792 882 1853 abjectio
898 1792 1054 1852 plebis.
1085 1810 1106 1834 »

71 1865 150 1908 lx.
169 1882 190 1906 «
213 1864 376 1908 Omnes
397 1864 475 1925 qui
487 1862 698 1909 videbant
717 1879 803 1920 me,
819 1865 1147 1909 subsannabant
1156 1880 1227 1909 me
1241 1863 1405 1920 ,locuti

14 1946 38 1976 ὃ)
63 1943 164 1978 sunt
190 1933 316 1979 labiis
338 1943 382 1978 et
415 1944 649 1980 moverunt
669 1944 816 1995 caput.
847 1936 1045 1995 Speravit
1065 1936 1110 1979 in
1142 1936 1402 1993 Dominum,

14 2022 36 2047 »
56 2013 182 2049 eruat
207 2020 308 2049 eum
324 2040 335 2060 ,
360 2004 527 2050 salvum
550 2003 680 2050 faciat
711 2021 839 2062 eum,
859 2007 1068 2067 quoniam
1085 2005 1182 2051 vult
1208 2008 1352 2051 eum⁴.
1380 2025 1401 2049 »

15 2075 101 2121 Sed
121 2091 256 2138 quare
275 2075 481 2121 dicebant
496 2076 604 2122 ista?
622 2077 734 2132 Quia
755 2078 890 2123 homo
908 2077 1050 2123 factus
1071 2087 1177 2135 erat,
1199 2078 1406 2124 dicebant

11 2156 223 2209 tanquam
243 2149 291 2193 in
302 2149 541 2194 hominem.

69 2222 127 2264 X.
147 2239 172 2263 (ι
183 2220 398 2274 Quoniam
413 2229 464 2265 tu
477 2235 521 2264 es
534 2220 611 2281 qui
624 2221 839 2266 extraxisti
855 2236 926 2266 me
943 2221 998 2266 de
1012 2223 1203 2267 ventre⁵.
1223 2239 1244 2263 »
1260 2223 1402 2267 Num-

11 2290 120 2353 quid
142 2291 338 2337 dicerent
353 2291 456 2337 talia
470 2293 516 2336 in
532 2291 642 2337 illud
655 2292 777 2354 quod
788 2293 833 2337 in
847 2294 1062 2354 principio
1083 2303 1175 2338 erat
1186 2293 1398 2346 Verbum,

12 2371 56 2406 et
73 2364 269 2408 Verbum
291 2372 382 2408 erat
403 2363 521 2424 apud
536 2365 906 2409 DeuinPVerbum
922 2365 1039 2409 enim
1055 2363 1166 2409 illud
1184 2379 1260 2425 per
1281 2365 1405 2425 quod

13 2432 127 2479 facta
148 2443 250 2479 sunt
270 2435 416 2479 omnia
429 2470 440 2490 ‚
460 2450 551 2480 non
572 2444 814 2501 estractum
837 2444 901 2479 est
922 2434 977 2480 de
997 2444 1170 2491 ventre,
1195 2436 1277 2480 nisi
1297 2435 1400 2496 quia

61 2535 71 2552 ¹
90 2529 165 2561 Joh.
191 2541 214 2572 1,
238 2541 289 2563 11.
303 2547 346 2554 —-
365 2538 378 2554 ²
403 2531 449 2564 Id.
469 2543 542 2571 xm,
565 2543 615 2564 10.
632 2549 673 2555 -—-
689 2530 702 2555 3
721 2532 835 2565 Matth.
852 2543 950 2574 xxvii,
964 2531 1019 2574 46.
1040 2530 1118 2576 —24
1137 2532 1217 2565 Psal.
1234 2543 1301 2573 xxi,
1322 2532 1354 2573 8,
1367 2543 1399 2574 9.

22 2603 64 2609 -—-
83 2583 98 2608 5
116 2585 196 2618 Ibid.
221 2597 271 2618 ro.
