1833 3284
364 288 606 315 ENARRATIO
638 290 669 315 11
704 289 745 315 m
781 289 984 316 PSALMUM
1019 290 1139 317 xxix.
1369 280 1463 317 377-

68 370 165 400 sum
177 353 330 411 fertur,
346 353 494 400 locum
506 370 634 399 suum
644 356 816 416 quaerit3
831 365 874 400 et
883 372 995 416 aqua
1006 355 1152 402 locum
1163 372 1291 402 suum
1301 359 1458 418 quaerit

67 425 261 487 po'ndere
279 442 374 472 suo.
390 427 517 486 Lapis
536 427 621 470 ima
637 427 746 486 petit
763 462 773 481 ,
801 436 844 471 et
864 426 1034 486 lignum
1047 464 1058 483 ‚
1081 438 1125 473 et
1145 428 1361 474 columnae
1378 466 1390 486 ,
1416 440 1459 476 et

67 506 203 552 terra,
222 495 342 541 unde
357 495 632 542 aedificantur
652 497 744 541 istae
764 496 921 542 domus
943 518 951 542 :
979 498 1034 543 de
1046 498 1122 544 illo
1134 515 1237 559 ergo
1260 510 1363 545 sunt
1382 516 1458 559 ge-

65 583 169 611 nere
192 582 337 611 rerum
353 602 364 622 ‚
387 583 488 628 quae
516 566 709 627 pondere
736 583 815 612 suo
844 567 1048 612 deorsum
1075 569 1294 614 feruntur.
1313 572 1458 615 Mani-

65 638 226 683 festum
259 647 324 683 est
350 653 451 696 ergo
484 639 583 683 ideo
622 637 826 683 deorsum
859 640 1054 699 accipere
1089 639 1454 697 fundamentum,

63 711 168 771 quia
181 709 376 770 pondere
389 725 468 755 suo
486 708 690 755 deorsum
706 726 852 755 versus
867 710 1094 770 feruntur3
1114 721 1158 756 et
1170 712 1251 756 nisi
1266 713 1319 758 sit
1336 713 1458 774 quod

61 781 288 837 sustineat,
305 789 446 826 totum
464 780 595 836 cadit,
613 781 715 842 quia
732 790 876 826 totum
891 781 946 826 ad
959 791 1118 826 terram
1136 783 1292 843 vergit.
1309 784 1456 829 Rebus

59 867 163 911 ergo
186 852 243 896 ad
263 852 350 897 ima
371 851 655 897 tendentibus
676 853 722 896 in
754 853 843 897 imo
865 853 1049 913 ponitur,
1067 852 1407 899 fundamentum
1443 875 1452 901 :

60 921 253 967 Ecclesia
272 937 378 967 vero
394 923 471 967 Dei
493 923 538 967 in
560 924 648 968 imo
669 923 808 983 posita
834 923 977 968 tendit
998 924 1044 968 in
1064 924 1244 970 coelum.
1272 925 1457 970 Funda-

58 1002 258 1038 mentum
288 1009 392 1053 ergo
421 1003 619 1038 nostrum
640 994 701 1038 ibi
724 995 918 1054 positum
951 1004 1015 1040 est
1031 1031 1043 1050 ,
1073 996 1284 1040 Dominus
1308 1006 1456 1042 noster

58 1066 182 1109 Jesus
195 1065 392 1110 Christus
414 1064 566 1109 sedens
583 1064 639 1110 ad
655 1065 878 1110 dexteram
892 1067 1044 1111 Patris.
1065 1067 1107 1112 Si
1125 1082 1228 1126 ergo
1242 1067 1455 1112 intellexit

60 1136 272 1181 Sanctitas
294 1139 468 1192 Vestra,
503 1137 607 1197 quia
633 1138 722 1196 jam
746 1136 998 1181 dedicatum
1023 1147 1086 1182 est
1113 1137 1454 1183 fundamentum

56 1216 256 1251 nostrum
272 1243 283 1265 ‚
307 1206 533 1252 audiamus
555 1207 744 1252 breviter
767 1206 985 1252 Psalmum
999 1244 1010 1262 ‚
1038 1217 1080 1252 et
1100 1207 1400 1253 decurramus.

114 1279 194 1322 XI.
234 1297 255 1321 «
279 1277 494 1323 Exaltabo
525 1287 590 1333 te,
622 1277 830 1334 Domine,
863 1279 1070 1338 quoniam
1098 1279 1323 1339 suscepisti
1353 1295 1448 1335 me,

60 1368 80 1389 »
114 1363 194 1392 nec
205 1347 460 1408 jucundasti
477 1348 674 1392 inimicos
696 1364 814 1393 meos
837 1364 966 1408 super
982 1352 1093 1393 me¹.
1115 1367 1134 1391 »
1162 1352 1280 1402 Quos
1302 1350 1451 1393 inimi-

54 1420 151 1462 cos?
183 1417 392 1463 Judaeos?
426 1422 478 1463 In
508 1417 781 1464 dedicatione
815 1418 1091 1463 fundamenti
1113 1420 1250 1480 ipsam
1273 1419 1452 1464 dedica-

53 1488 220 1533 tionem
249 1487 546 1548 intelligamus
580 1489 736 1533 domus
765 1488 942 1533 futurae.
980 1489 1111 1544 Quod
1144 1491 1261 1534 enim
1290 1491 1451 1536 dicitur

53 1558 186 1603 modo
219 1574 269 1603 ex
306 1574 489 1619 persona
519 1557 818 1615 fundamenti,
853 1570 959 1605 tunc
988 1559 1157 1605 dicetur
1190 1577 1241 1604 ex
1265 1577 1450 1620 persona

52 1629 262 1673 universae
285 1628 458 1674 domus.
484 1632 602 1683 Quos
630 1645 732 1688 ergo
748 1630 946 1675 inimicos
964 1632 982 1674 Ξ)
998 1630 1174 1676 Judaeos
1191 1667 1201 1687 ,
1228 1647 1283 1675 an
1304 1633 1448 1692 potius

53 1699 295 1756 diabolum,
322 1709 365 1745 et
382 1700 557 1760 angelos
580 1701 670 1761 ejus
685 1737 696 1756 ,
719 1701 794 1761 qui
812 1700 984 1745 confusi
1002 1700 1308 1757 discesserunt,
1333 1713 1447 1762 post-

51 1786 184 1831 quam
194 1772 404 1817 Dominus
420 1771 666 1815 resurrexit.
690 1772 949 1831 Praepositus
962 1772 1109 1816 mortis
1127 1772 1269 1817 doluit
1286 1774 1446 1817 victam

49 1851 251 1887 mortem.
281 1861 301 1884 «
326 1845 383 1887 Et
404 1858 494 1887 non
513 1841 764 1902 jucundasti
784 1842 980 1887 inimicos
1002 1858 1118 1887 meos
1135 1858 1264 1903 super
1288 1859 1358 1888 me
1383 1864 1392 1888 :
1422 1863 1442 1885 »

49 1914 152 1974 quia
169 1914 306 1958 teneri
329 1914 448 1974 apud
470 1913 632 1957 inferos
654 1929 744 1958 non
763 1914 903 1974 potui.

110 1986 215 2028 XII.
255 2003 275 2026 «
297 1984 485 2028 Domine
502 2019 512 2039 ‚
538 1987 652 2028 Deus
670 1999 792 2028 meus
808 2020 818 2039 ‚
851 1983 1031 2028 clamavi
1053 1985 1108 2029 ad
1132 1994 1173 2029 te
1188 2020 1198 2039 ‚
1222 1994 1266 2029 et
1288 1986 1446 2030 sanasti

51 2073 71 2096 »
89 2070 159 2099 me
173 2057 204 2100 ².
230 2073 250 2097 »
278 2056 428 2100 Oravit
456 2055 502 2099 in
526 2064 676 2099 monte
700 2055 911 2100 Dominus
933 2065 1033 2099 ante
1056 2056 1300 2116 passionem
1316 2058 1349 2112 3,
1373 2073 1442 2101 sa-

47 2126 168 2170 navit
184 2141 302 2170 eum.
329 2128 470 2180 Quem
490 2125 685 2180 sanavit,
704 2126 780 2186 qui
803 2141 1029 2186 nunquam
1052 2127 1308 2185 aegrotavit,
1331 2130 1442 2171 Ver-

45 2195 151 2240 bum
171 2199 328 2252 Deum,
355 2195 552 2240 Verbum
574 2196 884 2240 Divinitatem?
905 2199 1024 2251 Non,
1042 2199 1117 2243 sed
1137 2207 1323 2242 mortem
1344 2214 1440 2242 car-

45 2266 111 2311 nis
144 2266 346 2326 portabat
363 2301 373 2322 ,
418 2265 578 2310 vulnus
614 2275 741 2311 tuum
768 2266 972 2327 portabat
987 2302 998 2321 ,
1043 2277 1270 2312 sanaturus
1312 2278 1355 2313 te
1385 2268 1440 2314 de

44 2336 226 2382 vulnere
247 2347 339 2382 tuo.
367 2339 524 2383 Sanata
546 2347 610 2382 est
628 2348 772 2382 autem
792 2354 906 2383 caro.
935 2339 1154 2392 Quando?
1176 2356 1277 2384 cum
1301 2356 1442 2385 resur-

45 2408 169 2452 rexit.
186 2407 303 2452 Audi
316 2407 576 2468 Apostolum
591 2444 602 2463 ,
622 2409 722 2452 vide
739 2425 884 2453 veram
903 2409 1129 2454 sanitatem
1157 2430 1165 2455 z
1186 2430 1206 2453 «
1221 2410 1438 2471 Absorpta

48 2495 69 2519 »
103 2487 188 2531 est,
214 2479 294 2535 ait,
315 2493 431 2523 mors
451 2478 498 2523 in
518 2479 758 2524 victoriam.
775 2480 857 2525 Ubi
870 2490 948 2535 est,
966 2497 1097 2537 mors,
1114 2481 1288 2527 aculeus
1306 2485 1436 2527 tuus?

47 2566 69 2590 ν)
102 2548 178 2592 ubi
192 2557 272 2605 est,
290 2564 423 2605 mors,
443 2549 665 2594 contentio
683 2559 758 2595 tua
773 2551 809 2594 ⁴!
836 2570 855 2592 »
880 2554 997 2610 Ergo
1017 2551 1218 2597 exaltatio
1230 2551 1303 2598 illa
1327 2569 1430 2598 nos-

44 2626 122 2662 trae
146 2628 250 2663 tunc
272 2619 354 2663 erit
373 2619 491 2663 vocis
507 2655 518 2674 ,
543 2619 703 2664 Christi
724 2620 856 2665 modo
877 2630 939 2665 est
957 2622 1180 2666 exaltatio.

90 2707 100 2724 ¹
123 2702 205 2733 psal.
222 2713 309 2745 xxix,
329 2711 360 2735 2.
377 2719 418 2725 ·—
435 2710 447 2725 ²
469 2702 547 2735 lbid.
573 2703 601 2734 3.
620 2721 662 2727 --
683 2702 820 2736 ιἸῑΜεῑιΝΙι.
839 2706 994 2747 xxv1‚39.
1020 2723 1059 2728 —
1079 2705 1122 2738 41
1145 2708 1216 2737 Cor.
1236 2716 1290 2736 xv.
1311 2705 1364 2747 54.
