1833 3284
401 226 486 265 310
844 231 878 260 s.
915 231 1147 260 AUGUSTINI
1178 233 1360 259 muscom

402 322 422 344 »
459 310 502 346 et
525 299 715 344 universi
736 299 814 359 qui
838 298 1040 342 habitant
1062 298 1106 342 in
1129 300 1196 342 ea1
1220 317 1228 343 :
1257 316 1277 338 »
1303 311 1406 342 cum
1427 295 1686 341 clarificatus
1703 297 1793 340 Do-

400 373 545 417 minus
564 369 850 414 annuntiatur
872 369 917 413 in
944 369 1076 412 fidem
1099 369 1296 413 omnium
1319 368 1530 428 gentium,
1555 376 1598 411 et
1620 366 1796 411 univer-

401 459 472 488 sus
495 441 610 486 orbis
633 450 846 484 terrarum
881 441 930 484 fit
961 437 1149 483 Ecclesia
1173 440 1280 499 ejus.
1311 459 1331 481 «
1370 442 1464 499 Ipse
1500 453 1629 498 super
1661 436 1797 480 maria

405 533 425 555 »
463 512 663 557 fundavit
687 515 822 555 eam‘2.
857 529 876 551 »
915 513 1010 570 Ipse
1034 511 1273 554 firmissime
1309 508 1517 555 stabilivit
1548 524 1643 553 eam
1669 522 1798 567 super

402 600 554 630 omnes
583 584 742 627 ssuctus
775 580 922 626 saeculi
958 582 1114 641 hujus,
1140 590 1190 625 ut
1212 582 1267 625 ab
1290 597 1339 625 ea
1362 589 1692 640 superarentur,
1718 593 1799 622 nec

392 664 608 700 >nocerent
632 654 685 697 ei.
722 673 741 695 «
768 656 824 697 Et
851 667 981 712 super
1009 652 1192 697 flumina
1214 652 1476 712 praeparavit
1504 667 1615 696 earn.
1641 669 1661 692 n
1691 649 1800 695 Flu-

399 728 516 771 mina
539 727 585 769 in
607 740 724 769 mare.
748 725 915 779 fluunt,
938 735 982 767 et
1004 722 1153 783 cupidi
1182 724 1381 768 homines
1412 722 1692 768 labuntur-in
1715 736 1799 765 sae-

399 797 550 843 culum
572 817 580 841 :
601 797 731 840 etiam
756 797 858 840 istos
879 804 1055 855 superat
1079 794 1287 850 Ecclesia,
1304 811 1404 856 quae
1422 793 1603 844 devictis
1623 808 1700 853 pcr
1721 791 1801 838 Dei

403 869 585 929 gratiam
603 866 920 926 cupiditatibus
937 865 1219 921 saecularibus
1238 865 1294 910 ad
1312 863 1607 926 recipiendam
1624 864 1801 908 immor-

405 941 618 986 talitatem
640 939 846 983 charitate
871 948 1018 998 parata
1036 947 1115 982 est.

465 1015 547 1056 111.
574 1030 593 1053 «
615 1010 720 1064 Quis
739 1008 944 1054 ascendet
961 1009 1006 1053 in
1023 1018 1220 1054 montem
1243 1008 1474 1053 DominiSP
1493 1027 1512 1050 »
1533 1007 1638 1061 Quis
1656 1021 1806 1051 ascen-

406 1085 481 1128 det
502 1084 548 1127 in
570 1082 819 1127 altissimam
836 1082 1050 1142 justitiam
1080 1081 1286 1125 Domini?
1312 1099 1332 1122 «
1364 1084 1454 1125 Aut
1480 1079 1579 1141 quis
1605 1078 1738 1124 stabit
1759 1078 1805 1122 in

409 1175 430 1199 »
465 1155 564 1200 loco
592 1163 743 1199 sancto
773 1155 894 1214 ejus?
931 1172 949 1194 »
983 1157 1072 1197 Aut
1099 1153 1196 1213 quis
1230 1152 1505 1213 permanebit
1533 1152 1579 1196 in
1611 1166 1684 1207 eo,
1716 1165 1806 1211 quo

397 1229 632 1282 ascendet,
659 1243 788 1287 super
812 1226 945 1270 maria
973 1225 1162 1271 fundato
1193 1235 1237 1270 et
1264 1229 1394 1285 super
1424 1225 1607 1270 flumina
1630 1239 1806 1284 praepa-

410 1311 503 1346 rato
522 1300 619 1345 loco
635 1303 652 1345 Ρ

466 1374 542 1416 IV.
569 1391 589 1413 «
611 1374 826 1415 Innocens
850 1369 1053 1413 manibus
1075 1378 1119 1412 et
1140 1368 1332 1412 mundus
1355 1367 1501 1413 corde.
1527 1386 1547 1409 «
1573 1367 1680 1421 Quis
1703 1380 1808 1426 ergo

408 1441 514 1486 illuc
537 1440 763 1496 ascendet,
784 1449 826 1484 et
848 1439 1126 1500 permanebit
1144 1439 1225 1493 ibi,
1253 1439 1334 1483 nisi
1356 1439 1565 1483 innocens
1589 1438 1636 1482 in
1664 1437 1809 1497 operi-

408 1513 512 1567 bus,
537 1522 580 1556 et
601 1512 794 1555 mundus
817 1511 862 1554 in
889 1510 1258 1569 cogitationibus?
1291 1530 1310 1552 «
1343 1510 1429 1563 Qui
1458 1525 1548 1553 non
1575 1509 1739 1568 accepit
1763 1507 1810 1551 in

411 1603 430 1625 ³>
467 1600 579 1628 vano
603 1584 791 1627 animam
821 1583 985 1626 suam4.
1024 1601 1042 1621 n
1072 1582 1148 1642 qui
1179 1597 1268 1625 non
1296 1581 1341 1624 in
1366 1581 1495 1624 rebus
1526 1596 1616 1624 non
1638 1595 1810 1639 perma-

410 1656 620 1698 nentibus
647 1654 875 1713 deputavit
897 1653 1086 1696 animam
1111 1668 1256 1707 suam,
1282 1652 1358 1696 sed
1392 1667 1487 1695 eam
1516 1650 1810 1695 immortalem

409 1727 619 1779 sentiens,
656 1725 943 1769 aeternitatem
988 1724 1189 1767 stabilem
1233 1733 1365 1779 atque
1406 1721 1823 1766 incommutabilent

412 1797 688 1841 desideravit.
721 1815 739 1837 α
771 1798 827 1838 Et
856 1810 944 1839 non
962 1794 1122 1854 juravit
1154 1794 1352 1854 proximo
1382 1809 1460 1838 suo
1489 1793 1535 1836 in
1560 1791 1677 1836 dolo.
1707 1810 1726 1832 »
1753 1794 1811 1836 Et

412 1868 511 1912 idco
529 1869 618 1911 sine
637 1866 755 1922 dolo,
775 1867 886 1910 sicut
902 1864 1112 1925 simplicia
1128 1875 1171 1909 et
1188 1880 1279 1909 non
1297 1863 1492 1908 fallentia
1510 1873 1612 1908 sunt
1628 1872 1808 1918 aeterna,

412 1941 470 1983 ita
489 1955 533 1982 se
550 1938 742 1998 pra2buit
761 1938 956 1997 proximo
980 1951 1074 1980 suo.

472 2013 525 2053 V.
557 2030 576 2052 α
605 2010 684 2054 Hic
708 2009 888 2069 accipiet
917 2007 1267 2052 benedictionem
1294 2023 1318 2051 a
1340 2007 1551 2063 Domino,
1577 2016 1621 2050 et
1642 2006 1811 2051 miseri-

416 2101 436 2123 »
472 2082 664 2127 cordiam
691 2098 713 2126 a
737 2085 827 2125 Deo
850 2080 1027 2125 salutari
1050 2083 1172 2124 suo⁵.
1203 2099 1222 2120 »
1830 2127 1832 2135 Ι

474 2156 550 2197 VI.
582 2173 600 2195 «
631 2156 735 2198 Haec
758 2161 822 2196 est
850 2151 1070 2210 generatio
1093 2150 1387 2211 quaerentium
1416 2150 1668 2194 Dominum.
1694 2167 1714 2190 »
1743 2148 1833 2214 Sic}

414 2224 789 2270 enim-nascuntur
810 2225 885 2285 qui
907 2232 1113 2284 quaerunt
1141 2238 1256 2266 eum.
1288 2241 1305 2262 «
1332 2221 1633 2275 Quaerentium
1656 2218 1833 2290 faciem?

414 2316 434 2338 )›
471 2297 549 2341 Dei
569 2296 748 2341 Jacobfi.
775 2294 1035 2356 Diapsalma.
1069 2316 1086 2335 »
1122 2297 1338 2348 Quaerunt
1369 2302 1514 2338 autem
1537 2291 1693 2337 faciem
1712 2292 1806 2347 Dei,

414 2369 490 2428 qui
514 2368 726 2426 posterius
745 2377 847 2411 nato
866 2367 1101 2426 primatum
1122 2365 1259 2409 dedit.

476 2441 575 2481 VH.
614 2458 631 2475 a
672 2437 826 2482 Tollite
848 2446 1013 2497 portas,
1040 2437 1255 2496 principes
1278 2436 1425 2480 vestri.
1470 2455 1487 2476 »
1521 2429 1804 2494 Quicumque
1830 2422 1831 2431 ἵ

465 2540 474 2555 ¹
495 2533 574 2565 Psnt.
596 2545 688 2575 xxm,
709 2546 735 2564 1.
764 2551 799 2555 —
826 2541 837 2555 ²
862 2533 943 2564 Ibid.
964 2542 996 2564 2.
1015 2550 1056 2554 ——-
1078 2531 1090 2555 3
1115 2531 1492 2574 11›÷‹1.3.-411>id...5
1507 2548 1548 2554 -·
1569 2529 1584 2553 ⁵
1603 2531 1685 2562 Ibid.
1706 2529 1737 2562 5.
1764 2546 1803 2553 —-

417 2587 432 2609 ⁰
448 2588 527 2620 Ibid.
550 2590 581 2619 (i⁷
