1833 3284
477 238 719 269 ENARRATIO
751 243 797 270 IN
829 240 1031 270 PsALMUM
1065 242 1106 269 V.
1401 221 1485 261 149

106 327 125 350 »
159 307 279 351 ευΞ31·.
297 326 314 349 »
326 306 560 366 Prophetia
572 315 650 362 est,
668 323 758 352 non
773 307 1037 353 maledictio.
1050 309 1149 352 Non
1166 305 1284 350 enim
1299 309 1421 363 optat
1435 310 1486 354 ut

101 379 298 436 eveniat3
318 378 395 422 sed
415 378 554 422 cernit
572 377 681 438 quid
703 388 960 424 eventurum
984 380 1053 423 sit.
1079 377 1274 436 Contigit
1294 381 1486 434 namque

101 447 200 503 illis,
218 458 308 493 non
328 448 431 508 quia
447 447 620 493 videtur
642 458 836 508 optasse3
855 450 931 493 sed
945 450 1046 509 quia
1067 448 1174 493 tales
1195 456 1298 492 sunt
1318 454 1369 490 ut
1389 459 1486 488 me·-

99 519 182 562 rito
198 519 436 577 contingat.
466 519 535 563 Sic
556 519 671 563 enim
694 529 738 564 et
758 519 879 580 quod
891 528 1041 579 postea
1057 517 1188 563 dicit:
1215 536 1233 557 «
1260 520 1485 561 Laetentur

104 610 122 630 »
158 605 307 634 omnes
327 590 403 651 qui
425 584 600 650 sperant
620 590 667 634 in
688 595 772 647 te2,
794 611 811 633 »
832 606 909 651 per
923 591 1199 650 prophetiam
1217 587 1349 645 dicit3
1374 602 1487 647 quo-

97 659 214 704 niam
248 661 386 705 cernit
407 675 496 705 esse
527 660 765 706 laetaturos.
801 662 869 706 Sic
903 676 980 720 per
1010 659 1286 720 prophetiam
1314 656 1483 701 dictum

97 740 162 776 est
180 750 188 777 :
213 750 231 772 «
251 733 400 777 Excita
415 732 656 792 potentiam
674 742 794 777 tuam
813 742 856 777 et
867 733 991 776 veni3
1011 752 1020 777 :
1041 752 1058 773 ν)
1081 732 1290 792 quoniam
1307 729 1485 774 videbat

97 817 187 847 esse
213 812 466 848 venturum.
498 805 759 864 Quanquam
780 804 916 863 possit
933 803 1063 848 etiam
1084 804 1169 848 hoc
1191 801 1322 846 modo
1349 799 1486 859 accipi

97 865 218 933 qffod
240 872 407 918 dictum
430 882 494 918 est
520 893 528 918 :
564 892 581 914 «
608 873 820 918 Decidant
848 889 871 917 a
892 873 1226 932 cogitationibus
1249 872 1334 916 suis
1352 906 1362 926 ‚
1395 892 1412 911 »
1435 879 1487 914 ut

93 943 228 1002 magis
243 943 355 988 bene
371 944 427 989 ab
444 959 496 989 eo
517 953 716 1004 optatum
735 944 953 999 credatur,
974 942 1081 987 dum
1099 943 1264 988 cadunt
1280 959 1303 987 a
1321 941 1486 1000 cogita-

95 1014 287 1059 tionibus
313 1015 400 1060 suis
429 1014 578 1069 malis,
615 1014 660 1059 id
693 1024 781 1070 est,
818 1023 869 1058 ut
889 1016 980 1075 jam
1010 1029 1101 1059 non
1128 1013 1320 1071 cogitent
1352 1011 1482 1055 mala.

97 1085 182 1130 Sed
208 1095 325 1130 vetat
356 1086 415 1131 sic
446 1085 628 1143 intelligi
666 1086 787 1146 quod
823 1086 1035 1145 sequitur,
1075 1103 1092 1123 (ι
1123 1083 1304 1144 Expelle
1338 1099 1424 1127 eos.
1464 1102 1482 1123 »

94 1154 225 1201 Nullo
256 1157 372 1200 enim
394 1154 527 1200 modo
556 1164 701 1215 potest
727 1156 772 1198 in
804 1155 966 1200 bonam
995 1165 1166 1215 partem
1189 1154 1351 1214 accipi,
1384 1166 1486 1197 cum

93 1226 278 1288 quisque
300 1225 533 1286 expellitur
546 1242 568 1270 a
585 1229 689 1271 Deo.
716 1228 992 1285 Quapropter
1003 1242 1080 1285 per
1096 1225 1373 1285 prophetiam
1391 1222 1486 1267 dic-

93 1306 210 1354 tum,
231 1313 321 1342 non
341 1312 420 1357 pei·
444 1295 796 1341 malevolentiam
811 1332 821 1351 ‚
848 1296 1109 1355 intelligitur
1132 1316 1140 1341 :
1166 1311 1266 1340 cum
1284 1296 1368 1340 hoc
1390 1294 1486 1339 dic-

92 1377 188 1414 tum
219 1368 295 1423 sit,
325 1367 446 1429 quod
467 1367 705 1412 necessario
738 1367 898 1412 talibus
927 1376 1188 1411 eventurum
1218 1376 1307 1421 est,
1333 1366 1410 1426 qui
1440 1365 1487 1408 in

91 1440 278 1500 peccatis
300 1456 399 1500 quae
416 1448 654 1483 memorata
670 1448 793 1493 sunt,
808 1453 1082 1498 perseverare
1102 1438 1338 1482 voluerint.
1364 1456 1381 1476 «
1401 1440 1487 1482 De-

97 1531 115 1552 »
151 1511 300 1556 cidant
336 1525 438 1569 ergo
474 1526 499 1555 a
528 1509 865 1569 cogitationibus
897 1510 1004 1565 suis,
1043 1530 1060 1551 >›
1091 1509 1258 1554 dictum
1285 1518 1372 1564 est,
1409 1508 1488 1553 de-

91 1580 241 1626 cidant
268 1580 572 1626 accusantibus
604 1596 648 1624 se
681 1580 1016 1639 cogitationibus
1051 1580 1160 1635 suis,
1187 1580 1485 1624 testimonium

90 1651 350 1711 perhibente
373 1651 638 1700 conscientia
660 1666 757 1705 sua,
791 1651 901 1695 sicut
932 1650 1168 1709 Apostolus
1203 1649 1341 1694 dicis:
1383 1668 1400 1689 «
1428 1652 1486 1695 Et

98 1743 115 1763 »
151 1722 467 1782 cogitationum
489 1723 786 1766 accusantium
804 1737 880 1766 seu
907 1721 1240 1766 defendentium
1256 1756 1266 1776 ‚
1290 1721 1336 1764 in
1358 1735 1484 1765 reve-

97 1813 115 1834 »
149 1792 312 1837 latione
326 1793 432 1853 justi
443 1791 597 1852 judicii
614 1792 732 1837 Dei4.
756 1812 773 1833 »

148 1864 269 1907 XIV.
315 1882 333 1903 «
371 1862 623 1908 Secundum
654 1861 984 1907 multitudinem
1020 1862 1298 1921 impietatum
1330 1876 1484 1906 eorum

96 1952 114 1974 ›>
149 1933 316 1992 expelle
334 1948 406 1978 eos
420 1935 435 1959 ⁵
457 1953 466 1977 ε
498 1953 515 1975 »
536 1932 582 1977 id
599 1942 662 1977 est
677 1969 688 1988 ‚
712 1933 843 1992 longe
865 1948 937 1977 eos
958 1932 1138 1992 expelle.
1166 1935 1260 1976 Hoc
1281 1941 1346 1975 est
1368 1933 1484 1975 enim

95 2021 114 2043 «
151 2003 404 2048 Secundum
425 2004 754 2048 multitudinem
778 2004 1055 2062 impietatum
1069 2018 1238 2057 eorum,
1261 2023 1278 2044 »
1299 2012 1350 2046 ut
1364 2001 1484 2046 mul-

91 2082 186 2117 tum
207 2073 493 2133 expellantur.
526 2073 820 2133 Expelluntur
843 2089 945 2132 ergo
976 2073 1098 2133 impii
1122 2073 1177 2117 ab
1197 2072 1270 2117 illa
1293 2073 1482 2118 haeredi-

90 2153 192 2200 tate,
213 2161 312 2205 quae
333 2144 618 2203 intelligendo
641 2154 685 2189 et
706 2145 898 2189 videndo
919 2148 1059 2189 Deum
1077 2145 1322 2204 possidetur
1339 2160 1347 2186 :
1370 2147 1482 2189 sicut

88 2215 367 2275 expelluntur
387 2215 576 2261 morbidi
598 2215 713 2260 oculi
729 2214 898 2274 fulgore
915 2216 1038 2271 lucis,
1064 2232 1163 2260 cum
1182 2215 1266 2259 illis
1284 2231 1332 2260 ea
1348 2232 1482 2275 poena

88 2297 153 2331 est
185 2303 285 2347 quae
312 2286 405 2331 aliis
431 2287 596 2332 laetitia.
636 2290 735 2332 Non
764 2303 867 2346 ergo
906 2286 986 2346 ipsi
1014 2302 1142 2330 mane
1173 2287 1407 2342 astabunt,
1440 2296 1483 2331 et

87 2356 316 2401 videbunt.
342 2360 399 2401 Et
430 2366 519 2401 tam
545 2372 704 2416 magna
732 2373 863 2416 poena
892 2366 955 2400 est
982 2357 1062 2401 ista
1090 2356 1308 2416 expulsio,
1345 2373 1478 2416 quam

88 2442 296 2486 magnum
317 2428 546 2487 praemium
575 2437 639 2472 est
662 2427 774 2471 illud
796 2427 916 2488 quod
933 2427 1093 2472 dicitur
1113 2447 1122 2471 ι
1152 2447 1169 2467 «
1195 2427 1305 2472 Mihi
1332 2436 1477 2471 autem

138 2531 146 2546 ¹
168 2523 248 2555 Psal.
268 2535 301 2565 v,
324 2536 375 2556 11.
391 2542 433 2547 —
454 2532 466 2547 ²
492 2524 575 2556 Ibid.
598 2534 648 2557 12.
671 2542 713 2547 —
734 2523 747 2547 3
762 2525 840 2556 Psal.
862 2535 967 2563 mmm,
986 2525 1072 2556 3.-
1090 2524 1106 2548 4
1127 2528 1218 2557 Rom.
1239 2537 1274 2563 η,
1297 2525 1348 2565 ⁷52
1368 2525 1417 2557 16,
1434 2542 1476 2547 ·--

91 2577 105 2601 5
119 2579 200 2611 Psal.
216 2590 320 2620 v,11.
