<?xml version="1.0" encoding="UTF-8"?>
<!DOCTYPE html PUBLIC "-//W3C//DTD XHTML 1.0 Transitional//EN"
    "http://www.w3.org/TR/xhtml1/DTD/xhtml1-transitional.dtd">
<html xmlns="http://www.w3.org/1999/xhtml" xml:lang="en" lang="en">
 <head>
  <title>
</title>
<meta http-equiv="Content-Type" content="text/html;charset=utf-8" />
  <meta name='ocr-system' content='tesseract 3.04.00' />
  <meta name='ocr-capabilities' content='ocr_page ocr_carea ocr_par ocr_line ocrx_word'/>
</head>
<body>
  <div class='ocr_page' id='page_1' title='image "./operaomniaaccura07auguuoft_0406.png"; bbox 0 0 1833 3284; ppageno 0'>
   <div class='ocr_carea' id='block_1_1' title="bbox 299 165 1733 2577">
    <p class='ocr_par' dir='ltr' id='par_1_1' title="bbox 330 165 1733 571">
     <span class='ocr_line' id='line_1_1' title="bbox 339 165 1297 205; baseline 0.001 -3"><span class='ocrx_word' id='word_1_1' title='bbox 339 165 421 203; x_wconf 77' lang='lat'>:384</span> <span class='ocrx_word' id='word_1_2' title='bbox 779 179 811 203; x_wconf 81' lang='lat' dir='ltr'>s.</span> <span class='ocrx_word' id='word_1_3' title='bbox 850 175 1081 203; x_wconf 69' lang='lat' dir='ltr'>Auous&#39;nm</span> <span class='ocrx_word' id='word_1_4' title='bbox 1116 179 1297 205; x_wconf 66' lang='lat' dir='ltr'>muscom</span> 
     </span>
     <span class='ocr_line' id='line_1_2' title="bbox 337 241 1733 305; baseline 0.003 -18"><span class='ocrx_word' id='word_1_5' title='bbox 337 243 544 287; x_wconf 79' lang='lat' dir='ltr'>l’otestati</span> <span class='ocrx_word' id='word_1_6' title='bbox 569 252 654 286; x_wconf 62' lang='lat' dir='ltr'>ture</span> <span class='ocrx_word' id='word_1_7' title='bbox 685 241 946 287; x_wconf 88' lang='lat' dir='ltr'>commendo</span> <span class='ocrx_word' id='word_1_8' title='bbox 976 242 1177 303; x_wconf 84' lang='lat' dir='ltr'>spiritum</span> <span class='ocrx_word' id='word_1_9' title='bbox 1211 259 1382 298; x_wconf 89' lang='lat' dir='ltr'>meum,</span> <span class='ocrx_word' id='word_1_10' title='bbox 1410 244 1496 289; x_wconf 86' lang='lat' dir='ltr'>cito</span> <span class='ocrx_word' id='word_1_11' title='bbox 1529 255 1733 305; x_wconf 86' lang='lat' dir='ltr'>receptu-</span> 
     </span>
     <span class='ocr_line' id='line_1_3' title="bbox 334 312 1733 368; baseline 0.004 -12"><span class='ocrx_word' id='word_1_12' title='bbox 334 329 421 357; x_wconf 87' lang='lat' dir='ltr'>rus.</span> <span class='ocrx_word' id='word_1_13' title='bbox 451 332 472 355; x_wconf 85' lang='lat'>«</span> <span class='ocrx_word' id='word_1_14' title='bbox 498 312 735 357; x_wconf 85' lang='lat' dir='ltr'>Redemisti</span> <span class='ocrx_word' id='word_1_15' title='bbox 759 328 855 368; x_wconf 82' lang='lat' dir='ltr'>me⁷</span> <span class='ocrx_word' id='word_1_16' title='bbox 879 314 1084 368; x_wconf 77' lang='lat' dir='ltr'>Domine,</span> <span class='ocrx_word' id='word_1_17' title='bbox 1112 317 1226 358; x_wconf 90' lang='lat' dir='ltr'>Deus</span> <span class='ocrx_word' id='word_1_18' title='bbox 1254 314 1460 359; x_wconf 88' lang='lat' dir='ltr'>veritatis.</span> <span class='ocrx_word' id='word_1_19' title='bbox 1490 333 1510 356; x_wconf 87' lang='lat'>»</span> <span class='ocrx_word' id='word_1_20' title='bbox 1543 316 1666 360; x_wconf 85' lang='lat' dir='ltr'>Dicat</span> <span class='ocrx_word' id='word_1_21' title='bbox 1689 326 1733 361; x_wconf 81' lang='lat' dir='ltr'>et</span> 
     </span>
     <span class='ocr_line' id='line_1_4' title="bbox 332 382 1730 444; baseline 0.004 -18"><span class='ocrx_word' id='word_1_22' title='bbox 332 383 522 443; x_wconf 80' lang='lat' dir='ltr'>populus</span> <span class='ocrx_word' id='word_1_23' title='bbox 547 382 798 443; x_wconf 83' lang='lat' dir='ltr'>redemptus</span> <span class='ocrx_word' id='word_1_24' title='bbox 821 384 1019 444; x_wconf 82' lang='lat' dir='ltr'>passione</span> <span class='ocrx_word' id='word_1_25' title='bbox 1042 385 1215 429; x_wconf 81' lang='lat' dir='ltr'>Domini</span> <span class='ocrx_word' id='word_1_26' title='bbox 1237 385 1325 441; x_wconf 77' lang='lat' dir='ltr'>sui,</span> <span class='ocrx_word' id='word_1_27' title='bbox 1352 394 1394 429; x_wconf 88' lang='lat' dir='ltr'>ct</span> <span class='ocrx_word' id='word_1_28' title='bbox 1415 385 1541 431; x_wconf 78' lang='lat' dir='ltr'>laetus</span> <span class='ocrx_word' id='word_1_29' title='bbox 1569 386 1730 431; x_wconf 73' lang='lat' dir='ltr'>clarifi-</span> 
     </span>
     <span class='ocr_line' id='line_1_5' title="bbox 330 454 1730 515; baseline 0.002 -16"><span class='ocrx_word' id='word_1_30' title='bbox 330 457 501 500; x_wconf 83' lang='lat' dir='ltr'>catione</span> <span class='ocrx_word' id='word_1_31' title='bbox 530 454 681 515; x_wconf 88' lang='lat' dir='ltr'>capitis</span> <span class='ocrx_word' id='word_1_32' title='bbox 707 454 796 510; x_wconf 78' lang='lat' dir='ltr'>sui,</span> <span class='ocrx_word' id='word_1_33' title='bbox 826 474 845 497; x_wconf 89' lang='lat'>«</span> <span class='ocrx_word' id='word_1_34' title='bbox 876 455 1115 500; x_wconf 85' lang='lat' dir='ltr'>Redemisti</span> <span class='ocrx_word' id='word_1_35' title='bbox 1138 471 1230 511; x_wconf 76' lang='lat' dir='ltr'>me,</span> <span class='ocrx_word' id='word_1_36' title='bbox 1252 456 1458 512; x_wconf 81' lang='lat' dir='ltr'>Domine,</span> <span class='ocrx_word' id='word_1_37' title='bbox 1479 460 1593 501; x_wconf 90' lang='lat' dir='ltr'>Deus</span> <span class='ocrx_word' id='word_1_38' title='bbox 1617 457 1730 502; x_wconf 87' lang='lat' dir='ltr'>veri—</span> 
     </span>
     <span class='ocr_line' id='line_1_6' title="bbox 334 526 554 571; baseline 0 -4"><span class='ocrx_word' id='word_1_39' title='bbox 334 544 354 567; x_wconf 75' lang='lat'>»</span> <span class='ocrx_word' id='word_1_40' title='bbox 391 526 505 571; x_wconf 72' lang='lat' dir='ltr'>tatis.</span> <span class='ocrx_word' id='word_1_41' title='bbox 535 545 554 567; x_wconf 83' lang='lat'>»</span> 
     </span>
    </p>

    <p class='ocr_par' dir='ltr' id='par_1_2' title="bbox 329 595 1725 799">
     <span class='ocr_line' id='line_1_7' title="bbox 387 595 1724 658; baseline 0 -17"><span class='ocrx_word' id='word_1_42' title='bbox 387 600 486 641; x_wconf 84' lang='lat' dir='ltr'>VII.</span> <span class='ocrx_word' id='word_1_43' title='bbox 518 616 537 639; x_wconf 86' lang='lat'>«</span> <span class='ocrx_word' id='word_1_44' title='bbox 574 595 714 641; x_wconf 81' lang='lat' dir='ltr'>Odisti</span> <span class='ocrx_word' id='word_1_45' title='bbox 751 597 1030 641; x_wconf 79' lang='lat' dir='ltr'>observantes</span> <span class='ocrx_word' id='word_1_46' title='bbox 1070 597 1308 642; x_wconf 81' lang='lat' dir='ltr'>vanitatem</span> <span class='ocrx_word' id='word_1_47' title='bbox 1341 601 1635 658; x_wconf 84' lang='lat' dir='ltr'>supervacuc¹</span> <span class='ocrx_word' id='word_1_48' title='bbox 1659 619 1667 643; x_wconf 77' lang='lat' dir='ltr'>z</span> <span class='ocrx_word' id='word_1_49' title='bbox 1703 617 1724 641; x_wconf 78' lang='lat'>&gt;›</span> 
     </span>
     <span class='ocr_line' id='line_1_8' title="bbox 329 667 1725 728; baseline 0.001 -15"><span class='ocrx_word' id='word_1_50' title='bbox 329 669 470 713; x_wconf 78' lang='lat' dir='ltr'>Odisti</span> <span class='ocrx_word' id='word_1_51' title='bbox 493 669 771 713; x_wconf 79' lang='lat' dir='ltr'>observantes</span> <span class='ocrx_word' id='word_1_52' title='bbox 792 667 946 712; x_wconf 85' lang='lat' dir='ltr'>falsam</span> <span class='ocrx_word' id='word_1_53' title='bbox 970 668 1287 713; x_wconf 86' lang='lat' dir='ltr'>beatitudinem</span> <span class='ocrx_word' id='word_1_54' title='bbox 1309 668 1471 714; x_wconf 83' lang='lat' dir='ltr'>saeculi.</span> <span class='ocrx_word' id='word_1_55' title='bbox 1493 688 1513 712; x_wconf 88' lang='lat'>«</span> <span class='ocrx_word' id='word_1_56' title='bbox 1532 672 1625 728; x_wconf 81' lang='lat' dir='ltr'>Ego</span> <span class='ocrx_word' id='word_1_57' title='bbox 1646 687 1725 715; x_wconf 84' lang='lat' dir='ltr'>au-</span> 
     </span>
     <span class='ocr_line' id='line_1_9' title="bbox 333 739 1632 799; baseline 0 -18"><span class='ocrx_word' id='word_1_58' title='bbox 333 758 352 780; x_wconf 88' lang='lat'>»</span> <span class='ocrx_word' id='word_1_59' title='bbox 389 749 475 783; x_wconf 88' lang='lat' dir='ltr'>tem</span> <span class='ocrx_word' id='word_1_60' title='bbox 497 739 541 782; x_wconf 90' lang='lat' dir='ltr'>in</span> <span class='ocrx_word' id='word_1_61' title='bbox 566 739 751 783; x_wconf 89' lang='lat' dir='ltr'>Domino</span> <span class='ocrx_word' id='word_1_62' title='bbox 769 739 952 799; x_wconf 81' lang='lat' dir='ltr'>speravi.</span> <span class='ocrx_word' id='word_1_63' title='bbox 1629 752 1632 755; x_wconf 87' lang='lat'>·</span> 
     </span>
    </p>

    <p class='ocr_par' dir='ltr' id='par_1_3' title="bbox 323 809 1722 1149">
     <span class='ocr_line' id='line_1_10' title="bbox 386 809 1718 871; baseline 0 -17"><span class='ocrx_word' id='word_1_64' title='bbox 386 813 509 855; x_wconf 83' lang='lat' dir='ltr'>VIII.</span> <span class='ocrx_word' id='word_1_65' title='bbox 539 830 559 852; x_wconf 87' lang='lat'>«</span> <span class='ocrx_word' id='word_1_66' title='bbox 580 811 816 865; x_wconf 76' lang='lat' dir='ltr'>Exultabo,</span> <span class='ocrx_word' id='word_1_67' title='bbox 838 820 881 855; x_wconf 86' lang='lat' dir='ltr'>et</span> <span class='ocrx_word' id='word_1_68' title='bbox 897 809 1180 871; x_wconf 86' lang='lat' dir='ltr'>jucundabor</span> <span class='ocrx_word' id='word_1_69' title='bbox 1196 810 1240 855; x_wconf 88' lang='lat' dir='ltr'>in</span> <span class='ocrx_word' id='word_1_70' title='bbox 1256 820 1330 856; x_wconf 89' lang='lat' dir='ltr'>tua</span> <span class='ocrx_word' id='word_1_71' title='bbox 1349 811 1641 857; x_wconf 76' lang='lat' dir='ltr'>misericordia</span> <span class='ocrx_word' id='word_1_72' title='bbox 1665 832 1672 857; x_wconf 94' lang='lat'><strong>:</strong></span> <span class='ocrx_word' id='word_1_73' title='bbox 1698 832 1718 855; x_wconf 90' lang='lat'>»</span> 
     </span>
     <span class='ocr_line' id='line_1_11' title="bbox 323 880 1714 942; baseline -0.001 -17"><span class='ocrx_word' id='word_1_74' title='bbox 323 898 423 942; x_wconf 78' lang='lat' dir='ltr'>quae</span> <span class='ocrx_word' id='word_1_75' title='bbox 440 897 611 925; x_wconf 89' lang='lat' dir='ltr'>menon</span> <span class='ocrx_word' id='word_1_76' title='bbox 629 880 754 925; x_wconf 82' lang='lat' dir='ltr'>fallit.</span> <span class='ocrx_word' id='word_1_77' title='bbox 776 881 921 935; x_wconf 84' lang='lat' dir='ltr'>«Quia</span> <span class='ocrx_word' id='word_1_78' title='bbox 940 882 1161 941; x_wconf 70' lang='lat' dir='ltr'>respexisti</span> <span class='ocrx_word' id='word_1_79' title='bbox 1175 882 1466 926; x_wconf 80' lang='lat' dir='ltr'>humilitatem</span> <span class='ocrx_word' id='word_1_80' title='bbox 1484 898 1625 927; x_wconf 87' lang='lat' dir='ltr'>meam</span> <span class='ocrx_word' id='word_1_81' title='bbox 1636 887 1652 909; x_wconf 71' lang='lat'>&#39;2</span> <span class='ocrx_word' id='word_1_82' title='bbox 1669 903 1677 927; x_wconf 92' lang='lat'>:</span> <span class='ocrx_word' id='word_1_83' title='bbox 1694 902 1714 925; x_wconf 88' lang='lat'>»</span> 
     </span>
     <span class='ocr_line' id='line_1_12' title="bbox 323 952 1722 1014; baseline 0.002 -18"><span class='ocrx_word' id='word_1_84' title='bbox 323 969 410 1013; x_wconf 86' lang='lat' dir='ltr'>qua</span> <span class='ocrx_word' id='word_1_85' title='bbox 427 968 497 996; x_wconf 89' lang='lat' dir='ltr'>me</span> <span class='ocrx_word' id='word_1_86' title='bbox 515 953 696 996; x_wconf 81' lang='lat' dir='ltr'>vanitati</span> <span class='ocrx_word' id='word_1_87' title='bbox 716 953 758 996; x_wconf 88' lang='lat' dir='ltr'>in</span> <span class='ocrx_word' id='word_1_88' title='bbox 774 969 849 1013; x_wconf 79' lang='lat' dir='ltr'>spe</span> <span class='ocrx_word' id='word_1_89' title='bbox 866 953 1103 1014; x_wconf 84' lang='lat' dir='ltr'>subjecisti.</span> <span class='ocrx_word' id='word_1_90' title='bbox 1121 973 1139 994; x_wconf 91' lang='lat'>«</span> <span class='ocrx_word' id='word_1_91' title='bbox 1157 952 1327 998; x_wconf 86' lang='lat' dir='ltr'>Salvam</span> <span class='ocrx_word' id='word_1_92' title='bbox 1345 952 1482 998; x_wconf 83' lang='lat' dir='ltr'>fecisti</span> <span class='ocrx_word' id='word_1_93' title='bbox 1501 953 1554 997; x_wconf 91' lang='lat' dir='ltr'>de</span> <span class='ocrx_word' id='word_1_94' title='bbox 1572 969 1722 999; x_wconf 87' lang='lat' dir='ltr'>neces-</span> 
     </span>
     <span class='ocr_line' id='line_1_13' title="bbox 328 1023 1720 1070; baseline 0.004 -6"><span class='ocrx_word' id='word_1_95' title='bbox 328 1044 346 1064; x_wconf 87' lang='lat'>»</span> <span class='ocrx_word' id='word_1_96' title='bbox 384 1024 581 1068; x_wconf 84' lang='lat' dir='ltr'>sitatibus</span> <span class='ocrx_word' id='word_1_97' title='bbox 605 1024 791 1068; x_wconf 86' lang='lat' dir='ltr'>animam</span> <span class='ocrx_word' id='word_1_98' title='bbox 817 1039 973 1068; x_wconf 90' lang='lat' dir='ltr'>meam.</span> <span class='ocrx_word' id='word_1_99' title='bbox 1001 1044 1017 1065; x_wconf 85' lang='lat'>»</span> <span class='ocrx_word' id='word_1_100' title='bbox 1046 1023 1215 1068; x_wconf 68' lang='lat' dir='ltr'>Salvam</span> <span class='ocrx_word' id='word_1_101' title='bbox 1246 1023 1382 1068; x_wconf 88' lang='lat' dir='ltr'>fecisti</span> <span class='ocrx_word' id='word_1_102' title='bbox 1411 1023 1464 1068; x_wconf 90' lang='lat' dir='ltr'>de</span> <span class='ocrx_word' id='word_1_103' title='bbox 1486 1026 1720 1070; x_wconf 83' lang='lat' dir='ltr'>necessita-</span> 
     </span>
     <span class='ocr_line' id='line_1_14' title="bbox 323 1094 1713 1149; baseline 0.001 -10"><span class='ocrx_word' id='word_1_104' title='bbox 323 1095 439 1139; x_wconf 89' lang='lat' dir='ltr'>tibus</span> <span class='ocrx_word' id='word_1_105' title='bbox 459 1095 621 1139; x_wconf 88' lang='lat' dir='ltr'>timoris</span> <span class='ocrx_word' id='word_1_106' title='bbox 636 1096 823 1139; x_wconf 88' lang='lat' dir='ltr'>animam</span> <span class='ocrx_word' id='word_1_107' title='bbox 839 1111 979 1139; x_wconf 89' lang='lat' dir='ltr'>meam</span> <span class='ocrx_word' id='word_1_108' title='bbox 991 1130 1001 1149; x_wconf 79' lang='lat'>,</span> <span class='ocrx_word' id='word_1_109' title='bbox 1017 1104 1066 1139; x_wconf 87' lang='lat' dir='ltr'>ut</span> <span class='ocrx_word' id='word_1_110' title='bbox 1081 1095 1157 1139; x_wconf 89' lang='lat' dir='ltr'>tibi</span> <span class='ocrx_word' id='word_1_111' title='bbox 1170 1095 1375 1139; x_wconf 81' lang='lat' dir='ltr'>charitate</span> <span class='ocrx_word' id='word_1_112' title='bbox 1389 1094 1525 1139; x_wconf 86' lang='lat' dir='ltr'>libera</span> <span class='ocrx_word' id='word_1_113' title='bbox 1540 1096 1713 1141; x_wconf 85' lang='lat' dir='ltr'>serviat.</span> 
     </span>
    </p>

    <p class='ocr_par' dir='ltr' id='par_1_4' title="bbox 313 1166 1719 1711">
     <span class='ocr_line' id='line_1_15' title="bbox 384 1166 1719 1212; baseline 0.001 -1"><span class='ocrx_word' id='word_1_114' title='bbox 384 1169 461 1211; x_wconf 86' lang='lat' dir='ltr'>IX.</span> <span class='ocrx_word' id='word_1_115' title='bbox 493 1187 513 1208; x_wconf 87' lang='lat'>«</span> <span class='ocrx_word' id='word_1_116' title='bbox 540 1170 603 1211; x_wconf 75' lang='lat' dir='ltr'>Ne</span> <span class='ocrx_word' id='word_1_117' title='bbox 624 1166 873 1211; x_wconf 85' lang='lat' dir='ltr'>conclusisti</span> <span class='ocrx_word' id='word_1_118' title='bbox 895 1181 965 1210; x_wconf 91' lang='lat' dir='ltr'>me</span> <span class='ocrx_word' id='word_1_119' title='bbox 988 1167 1032 1209; x_wconf 92' lang='lat' dir='ltr'>in</span> <span class='ocrx_word' id='word_1_120' title='bbox 1056 1182 1210 1210; x_wconf 88' lang='lat' dir='ltr'>manus</span> <span class='ocrx_word' id='word_1_121' title='bbox 1232 1166 1436 1210; x_wconf 66' lang='lat' dir='ltr'>inimiciss.</span> <span class='ocrx_word' id='word_1_122' title='bbox 1468 1185 1487 1208; x_wconf 87' lang='lat'>»</span> <span class='ocrx_word' id='word_1_123' title='bbox 1512 1170 1601 1212; x_wconf 88' lang='lat' dir='ltr'>Nec</span> <span class='ocrx_word' id='word_1_124' title='bbox 1619 1184 1719 1212; x_wconf 91' lang='lat' dir='ltr'>con-</span> 
     </span>
     <span class='ocr_line' id='line_1_16' title="bbox 321 1236 1719 1297; baseline 0.001 -15"><span class='ocrx_word' id='word_1_125' title='bbox 321 1237 487 1282; x_wconf 85' lang='lat' dir='ltr'>clusisti</span> <span class='ocrx_word' id='word_1_126' title='bbox 509 1253 594 1292; x_wconf 81' lang='lat' dir='ltr'>me,</span> <span class='ocrx_word' id='word_1_127' title='bbox 615 1247 666 1282; x_wconf 92' lang='lat' dir='ltr'>ut</span> <span class='ocrx_word' id='word_1_128' title='bbox 688 1253 777 1281; x_wconf 90' lang='lat' dir='ltr'>non</span> <span class='ocrx_word' id='word_1_129' title='bbox 800 1237 1007 1281; x_wconf 87' lang='lat' dir='ltr'>haberem</span> <span class='ocrx_word' id='word_1_130' title='bbox 1030 1236 1196 1281; x_wconf 87' lang='lat' dir='ltr'>aditum</span> <span class='ocrx_word' id='word_1_131' title='bbox 1216 1237 1453 1297; x_wconf 84' lang='lat' dir='ltr'>respirandi</span> <span class='ocrx_word' id='word_1_132' title='bbox 1476 1238 1522 1282; x_wconf 88' lang='lat' dir='ltr'>in</span> <span class='ocrx_word' id='word_1_133' title='bbox 1542 1238 1719 1283; x_wconf 84' lang='lat' dir='ltr'>liberta-</span> 
     </span>
     <span class='ocr_line' id='line_1_17' title="bbox 321 1307 1718 1370; baseline 0.001 -17"><span class='ocrx_word' id='word_1_134' title='bbox 321 1318 425 1364; x_wconf 78' lang='lat' dir='ltr'>tem⁷</span> <span class='ocrx_word' id='word_1_135' title='bbox 452 1317 495 1352; x_wconf 83' lang='lat' dir='ltr'>et</span> <span class='ocrx_word' id='word_1_136' title='bbox 516 1307 642 1352; x_wconf 88' lang='lat' dir='ltr'>darer</span> <span class='ocrx_word' id='word_1_137' title='bbox 663 1308 709 1351; x_wconf 91' lang='lat' dir='ltr'>in</span> <span class='ocrx_word' id='word_1_138' title='bbox 731 1308 1039 1367; x_wconf 84' lang='lat' dir='ltr'>sempiternam</span> <span class='ocrx_word' id='word_1_139' title='bbox 1061 1317 1319 1368; x_wconf 87' lang='lat' dir='ltr'>potestatem</span> <span class='ocrx_word' id='word_1_140' title='bbox 1342 1309 1522 1362; x_wconf 78' lang='lat' dir='ltr'>diaboli,</span> <span class='ocrx_word' id='word_1_141' title='bbox 1546 1309 1718 1370; x_wconf 84' lang='lat' dir='ltr'>cupidi-</span> 
     </span>
     <span class='ocr_line' id='line_1_18' title="bbox 319 1378 1717 1439; baseline 0 -15"><span class='ocrx_word' id='word_1_142' title='bbox 319 1389 406 1424; x_wconf 82' lang='lat' dir='ltr'>tate</span> <span class='ocrx_word' id='word_1_143' title='bbox 423 1379 555 1439; x_wconf 83' lang='lat' dir='ltr'>hujus</span> <span class='ocrx_word' id='word_1_144' title='bbox 578 1378 677 1422; x_wconf 75' lang='lat' dir='ltr'>vitae</span> <span class='ocrx_word' id='word_1_145' title='bbox 695 1378 988 1439; x_wconf 78' lang='lat' dir='ltr'>illaqueantis,</span> <span class='ocrx_word' id='word_1_146' title='bbox 1007 1387 1050 1422; x_wconf 85' lang='lat' dir='ltr'>et</span> <span class='ocrx_word' id='word_1_147' title='bbox 1072 1387 1214 1423; x_wconf 86' lang='lat' dir='ltr'>morte</span> <span class='ocrx_word' id='word_1_148' title='bbox 1235 1379 1452 1423; x_wconf 88' lang='lat' dir='ltr'>terrentis.</span> <span class='ocrx_word' id='word_1_149' title='bbox 1478 1399 1497 1422; x_wconf 90' lang='lat'>«</span> <span class='ocrx_word' id='word_1_150' title='bbox 1522 1380 1717 1425; x_wconf 88' lang='lat' dir='ltr'>Statuisti</span> 
     </span>
     <span class='ocr_line' id='line_1_19' title="bbox 318 1449 1715 1512; baseline 0.003 -19"><span class='ocrx_word' id='word_1_151' title='bbox 318 1470 339 1493; x_wconf 68' lang='lat'>³)</span> <span class='ocrx_word' id='word_1_152' title='bbox 375 1452 419 1495; x_wconf 87' lang='lat' dir='ltr'>in</span> <span class='ocrx_word' id='word_1_153' title='bbox 449 1450 546 1496; x_wconf 93' lang='lat' dir='ltr'>loco</span> <span class='ocrx_word' id='word_1_154' title='bbox 575 1450 762 1511; x_wconf 83' lang='lat' dir='ltr'>spatioso</span> <span class='ocrx_word' id='word_1_155' title='bbox 791 1449 924 1510; x_wconf 84' lang='lat' dir='ltr'>pedes</span> <span class='ocrx_word' id='word_1_156' title='bbox 950 1466 1086 1495; x_wconf 89' lang='lat' dir='ltr'>meos.</span> <span class='ocrx_word' id='word_1_157' title='bbox 1121 1469 1141 1492; x_wconf 65' lang='lat'>³&gt;</span> <span class='ocrx_word' id='word_1_158' title='bbox 1175 1451 1508 1496; x_wconf 86' lang='lat' dir='ltr'>Resurrectione</span> <span class='ocrx_word' id='word_1_159' title='bbox 1540 1452 1715 1512; x_wconf 81' lang='lat' dir='ltr'>cognita</span> 
     </span>
     <span class='ocr_line' id='line_1_20' title="bbox 318 1521 1714 1583; baseline 0.001 -16"><span class='ocrx_word' id='word_1_160' title='bbox 318 1522 492 1567; x_wconf 76' lang='lat' dir='ltr'>Domini</span> <span class='ocrx_word' id='word_1_161' title='bbox 516 1522 600 1566; x_wconf 89' lang='lat' dir='ltr'>mei</span> <span class='ocrx_word' id='word_1_162' title='bbox 622 1531 666 1566; x_wconf 90' lang='lat' dir='ltr'>et</span> <span class='ocrx_word' id='word_1_163' title='bbox 698 1537 794 1565; x_wconf 86' lang='lat' dir='ltr'>mea</span> <span class='ocrx_word' id='word_1_164' title='bbox 824 1521 1031 1581; x_wconf 88' lang='lat' dir='ltr'>promissa</span> <span class='ocrx_word' id='word_1_165' title='bbox 1066 1521 1196 1577; x_wconf 78' lang='lat' dir='ltr'>mihi,</span> <span class='ocrx_word' id='word_1_166' title='bbox 1224 1523 1434 1582; x_wconf 87' lang='lat' dir='ltr'>spatiatur</span> <span class='ocrx_word' id='word_1_167' title='bbox 1455 1538 1714 1583; x_wconf 86' lang='lat' dir='ltr'>permanens</span> 
     </span>
     <span class='ocr_line' id='line_1_21' title="bbox 314 1592 1712 1651; baseline 0.001 -12"><span class='ocrx_word' id='word_1_168' title='bbox 314 1595 359 1639; x_wconf 88' lang='lat' dir='ltr'>in</span> <span class='ocrx_word' id='word_1_169' title='bbox 389 1594 668 1639; x_wconf 85' lang='lat' dir='ltr'>latitudinem</span> <span class='ocrx_word' id='word_1_170' title='bbox 689 1592 899 1637; x_wconf 85' lang='lat' dir='ltr'>libertatis</span> <span class='ocrx_word' id='word_1_171' title='bbox 921 1592 975 1636; x_wconf 89' lang='lat' dir='ltr'>ab</span> <span class='ocrx_word' id='word_1_172' title='bbox 997 1593 1205 1651; x_wconf 83' lang='lat' dir='ltr'>angustiis</span> <span class='ocrx_word' id='word_1_173' title='bbox 1228 1593 1394 1637; x_wconf 88' lang='lat' dir='ltr'>timoris</span> <span class='ocrx_word' id='word_1_174' title='bbox 1423 1593 1581 1639; x_wconf 89' lang='lat' dir='ltr'>educta</span> <span class='ocrx_word' id='word_1_175' title='bbox 1606 1595 1712 1640; x_wconf 88' lang='lat' dir='ltr'>cha-</span> 
     </span>
     <span class='ocr_line' id='line_1_22' title="bbox 313 1666 545 1711; baseline -0.004 -1"><span class='ocrx_word' id='word_1_176' title='bbox 313 1666 414 1711; x_wconf 82' lang='lat' dir='ltr'>ritas</span> <span class='ocrx_word' id='word_1_177' title='bbox 433 1681 545 1710; x_wconf 88' lang='lat' dir='ltr'>mea.</span> 
     </span>
    </p>

    <p class='ocr_par' dir='ltr' id='par_1_5' title="bbox 302 1733 1712 2370">
     <span class='ocr_line' id='line_1_23' title="bbox 372 1733 1712 1794; baseline 0.001 -12"><span class='ocrx_word' id='word_1_178' title='bbox 372 1741 430 1782; x_wconf 82' lang='lat' dir='ltr'>X.</span> <span class='ocrx_word' id='word_1_179' title='bbox 461 1756 480 1778; x_wconf 90' lang='lat'>«</span> <span class='ocrx_word' id='word_1_180' title='bbox 506 1736 708 1780; x_wconf 90' lang='lat' dir='ltr'>Miserere</span> <span class='ocrx_word' id='word_1_181' title='bbox 724 1734 827 1790; x_wconf 78' lang='lat' dir='ltr'>mei,</span> <span class='ocrx_word' id='word_1_182' title='bbox 853 1734 1063 1792; x_wconf 76' lang='lat' dir='ltr'>Domine,</span> <span class='ocrx_word' id='word_1_183' title='bbox 1092 1734 1301 1794; x_wconf 83' lang='lat' dir='ltr'>quoniam</span> <span class='ocrx_word' id='word_1_184' title='bbox 1320 1733 1552 1780; x_wconf 75' lang='lat' dir='ltr'>tril›ulor⁴.</span> <span class='ocrx_word' id='word_1_185' title='bbox 1582 1755 1602 1777; x_wconf 87' lang='lat'>»</span> <span class='ocrx_word' id='word_1_186' title='bbox 1626 1737 1712 1782; x_wconf 91' lang='lat' dir='ltr'>Sed</span> 
     </span>
     <span class='ocr_line' id='line_1_24' title="bbox 310 1805 1709 1870; baseline 0 -17"><span class='ocrx_word' id='word_1_187' title='bbox 310 1826 408 1870; x_wconf 76' lang='lat' dir='ltr'>quae</span> <span class='ocrx_word' id='word_1_188' title='bbox 427 1818 491 1853; x_wconf 89' lang='lat' dir='ltr'>est</span> <span class='ocrx_word' id='word_1_189' title='bbox 507 1809 586 1853; x_wconf 84' lang='lat' dir='ltr'>ista</span> <span class='ocrx_word' id='word_1_190' title='bbox 609 1808 825 1867; x_wconf 88' lang='lat' dir='ltr'>insperata</span> <span class='ocrx_word' id='word_1_191' title='bbox 849 1807 1205 1866; x_wconf 78' lang='lat' dir='ltr'>persequentium</span> <span class='ocrx_word' id='word_1_192' title='bbox 1225 1805 1473 1862; x_wconf 77' lang='lat' dir='ltr'>crudelitas,</span> <span class='ocrx_word' id='word_1_193' title='bbox 1501 1824 1709 1867; x_wconf 81' lang='lat' dir='ltr'>magnum</span> 
     </span>
     <span class='ocr_line' id='line_1_25' title="bbox 308 1877 1708 1940; baseline -0.004 -15"><span class='ocrx_word' id='word_1_194' title='bbox 308 1881 414 1925; x_wconf 84' lang='lat' dir='ltr'>mihi</span> <span class='ocrx_word' id='word_1_195' title='bbox 438 1894 645 1940; x_wconf 81' lang='lat' dir='ltr'>pavorem</span> <span class='ocrx_word' id='word_1_196' title='bbox 666 1878 911 1922; x_wconf 76' lang='lat' dir='ltr'>incutiens?</span> <span class='ocrx_word' id='word_1_197' title='bbox 932 1897 952 1918; x_wconf 87' lang='lat'>«</span> <span class='ocrx_word' id='word_1_198' title='bbox 978 1877 1182 1922; x_wconf 87' lang='lat' dir='ltr'>Miserere</span> <span class='ocrx_word' id='word_1_199' title='bbox 1214 1877 1316 1932; x_wconf 75' lang='lat' dir='ltr'>mei,</span> <span class='ocrx_word' id='word_1_200' title='bbox 1344 1878 1544 1922; x_wconf 84' lang='lat' dir='ltr'>Domine.</span> <span class='ocrx_word' id='word_1_201' title='bbox 1564 1897 1583 1921; x_wconf 85' lang='lat'>»</span> <span class='ocrx_word' id='word_1_202' title='bbox 1610 1882 1708 1925; x_wconf 87' lang='lat' dir='ltr'>Non</span> 
     </span>
     <span class='ocr_line' id='line_1_26' title="bbox 308 1946 1706 2010; baseline 0 -15"><span class='ocrx_word' id='word_1_203' title='bbox 308 1952 424 1996; x_wconf 90' lang='lat' dir='ltr'>enim</span> <span class='ocrx_word' id='word_1_204' title='bbox 449 1951 504 1994; x_wconf 86' lang='lat' dir='ltr'>de</span> <span class='ocrx_word' id='word_1_205' title='bbox 527 1959 666 1994; x_wconf 87' lang='lat' dir='ltr'>morte</span> <span class='ocrx_word' id='word_1_206' title='bbox 677 1950 767 2009; x_wconf 86' lang='lat' dir='ltr'>jam</span> <span class='ocrx_word' id='word_1_207' title='bbox 791 1957 975 2003; x_wconf 78' lang='lat' dir='ltr'>terreor,</span> <span class='ocrx_word' id='word_1_208' title='bbox 1002 1946 1079 1991; x_wconf 92' lang='lat' dir='ltr'>sed</span> <span class='ocrx_word' id='word_1_209' title='bbox 1101 1947 1156 1991; x_wconf 87' lang='lat' dir='ltr'>de</span> <span class='ocrx_word' id='word_1_210' title='bbox 1174 1947 1437 1993; x_wconf 83' lang='lat' dir='ltr'>cruciatibus</span> <span class='ocrx_word' id='word_1_211' title='bbox 1460 1958 1592 2010; x_wconf 88' lang='lat' dir='ltr'>atque</span> <span class='ocrx_word' id='word_1_212' title='bbox 1614 1959 1706 1995; x_wconf 86' lang='lat' dir='ltr'>tor-</span> 
     </span>
     <span class='ocr_line' id='line_1_27' title="bbox 306 2019 1705 2068; baseline -0.001 0"><span class='ocrx_word' id='word_1_213' title='bbox 306 2025 478 2068; x_wconf 88' lang='lat' dir='ltr'>mentis.</span> <span class='ocrx_word' id='word_1_214' title='bbox 505 2042 524 2064; x_wconf 93' lang='lat'>«</span> <span class='ocrx_word' id='word_1_215' title='bbox 546 2022 845 2067; x_wconf 80' lang='lat' dir='ltr'>Conturbatus</span> <span class='ocrx_word' id='word_1_216' title='bbox 868 2029 931 2064; x_wconf 86' lang='lat' dir='ltr'>est</span> <span class='ocrx_word' id='word_1_217' title='bbox 952 2020 1075 2064; x_wconf 90' lang='lat' dir='ltr'>inira</span> <span class='ocrx_word' id='word_1_218' title='bbox 1093 2019 1245 2064; x_wconf 86' lang='lat' dir='ltr'>oculus</span> <span class='ocrx_word' id='word_1_219' title='bbox 1267 2036 1404 2065; x_wconf 90' lang='lat' dir='ltr'>meus.</span> <span class='ocrx_word' id='word_1_220' title='bbox 1434 2040 1453 2062; x_wconf 91' lang='lat'>»</span> <span class='ocrx_word' id='word_1_221' title='bbox 1476 2021 1705 2066; x_wconf 89' lang='lat' dir='ltr'>Habebam</span> 
     </span>
     <span class='ocr_line' id='line_1_28' title="bbox 303 2090 1704 2153; baseline -0.001 -14"><span class='ocrx_word' id='word_1_222' title='bbox 303 2094 484 2139; x_wconf 83' lang='lat' dir='ltr'>oculum</span> <span class='ocrx_word' id='word_1_223' title='bbox 508 2094 553 2137; x_wconf 89' lang='lat' dir='ltr'>in</span> <span class='ocrx_word' id='word_1_224' title='bbox 579 2103 640 2149; x_wconf 79' lang='lat' dir='ltr'>te,</span> <span class='ocrx_word' id='word_1_225' title='bbox 667 2108 754 2153; x_wconf 85' lang='lat' dir='ltr'>quo</span> <span class='ocrx_word' id='word_1_226' title='bbox 777 2107 864 2137; x_wconf 91' lang='lat' dir='ltr'>non</span> <span class='ocrx_word' id='word_1_227' title='bbox 884 2107 954 2135; x_wconf 92' lang='lat' dir='ltr'>me</span> <span class='ocrx_word' id='word_1_228' title='bbox 967 2090 1208 2149; x_wconf 77' lang='lat' dir='ltr'>descreres3</span> <span class='ocrx_word' id='word_1_229' title='bbox 1230 2091 1364 2136; x_wconf 88' lang='lat' dir='ltr'>iratus</span> <span class='ocrx_word' id='word_1_230' title='bbox 1378 2107 1437 2147; x_wconf 80' lang='lat' dir='ltr'>es,</span> <span class='ocrx_word' id='word_1_231' title='bbox 1464 2101 1508 2137; x_wconf 90' lang='lat' dir='ltr'>et</span> <span class='ocrx_word' id='word_1_232' title='bbox 1521 2102 1704 2137; x_wconf 88' lang='lat' dir='ltr'>contur-</span> 
     </span>
     <span class='ocr_line' id='line_1_29' title="bbox 306 2162 1702 2211; baseline -0.001 0"><span class='ocrx_word' id='word_1_233' title='bbox 306 2167 418 2211; x_wconf 81' lang='lat' dir='ltr'>basti</span> <span class='ocrx_word' id='word_1_234' title='bbox 440 2181 557 2210; x_wconf 85' lang='lat' dir='ltr'>cum.</span> <span class='ocrx_word' id='word_1_235' title='bbox 588 2184 608 2207; x_wconf 87' lang='lat'>«</span> <span class='ocrx_word' id='word_1_236' title='bbox 634 2164 792 2208; x_wconf 83' lang='lat' dir='ltr'>Anima</span> <span class='ocrx_word' id='word_1_237' title='bbox 815 2178 910 2207; x_wconf 87' lang='lat' dir='ltr'>mea</span> <span class='ocrx_word' id='word_1_238' title='bbox 937 2171 980 2206; x_wconf 90' lang='lat' dir='ltr'>et</span> <span class='ocrx_word' id='word_1_239' title='bbox 1008 2171 1160 2206; x_wconf 86' lang='lat' dir='ltr'>venter</span> <span class='ocrx_word' id='word_1_240' title='bbox 1188 2177 1326 2206; x_wconf 88' lang='lat' dir='ltr'>meus.</span> <span class='ocrx_word' id='word_1_241' title='bbox 1351 2180 1371 2204; x_wconf 91' lang='lat'>»</span> <span class='ocrx_word' id='word_1_242' title='bbox 1393 2165 1442 2206; x_wconf 93' lang='lat' dir='ltr'>In</span> <span class='ocrx_word' id='word_1_243' title='bbox 1467 2162 1619 2208; x_wconf 84' lang='lat' dir='ltr'>eadem</span> <span class='ocrx_word' id='word_1_244' title='bbox 1640 2164 1702 2209; x_wconf 86' lang='lat' dir='ltr'>ira</span> 
     </span>
     <span class='ocr_line' id='line_1_30' title="bbox 302 2233 1702 2296; baseline -0.002 -13"><span class='ocrx_word' id='word_1_245' title='bbox 302 2238 562 2283; x_wconf 85' lang='lat' dir='ltr'>conturbata</span> <span class='ocrx_word' id='word_1_246' title='bbox 581 2245 645 2280; x_wconf 87' lang='lat' dir='ltr'>est</span> <span class='ocrx_word' id='word_1_247' title='bbox 667 2236 808 2280; x_wconf 88' lang='lat' dir='ltr'>anima</span> <span class='ocrx_word' id='word_1_248' title='bbox 827 2250 920 2278; x_wconf 86' lang='lat' dir='ltr'>mea</span> <span class='ocrx_word' id='word_1_249' title='bbox 938 2269 949 2289; x_wconf 81' lang='lat'><em>‚</em></span> <span class='ocrx_word' id='word_1_250' title='bbox 973 2242 1016 2278; x_wconf 88' lang='lat' dir='ltr'>et</span> <span class='ocrx_word' id='word_1_251' title='bbox 1033 2233 1242 2277; x_wconf 85' lang='lat' dir='ltr'>memoria</span> <span class='ocrx_word' id='word_1_252' title='bbox 1266 2249 1353 2294; x_wconf 88' lang='lat' dir='ltr'>qua</span> <span class='ocrx_word' id='word_1_253' title='bbox 1379 2234 1580 2278; x_wconf 88' lang='lat' dir='ltr'>tenebam</span> <span class='ocrx_word' id='word_1_254' title='bbox 1593 2234 1702 2296; x_wconf 87' lang='lat' dir='ltr'>quid</span> 
     </span>
     <span class='ocr_line' id='line_1_31' title="bbox 302 2304 1627 2370; baseline -0.004 -16"><span class='ocrx_word' id='word_1_255' title='bbox 302 2326 380 2370; x_wconf 86' lang='lat' dir='ltr'>pro</span> <span class='ocrx_word' id='word_1_256' title='bbox 403 2326 469 2353; x_wconf 84' lang='lat' dir='ltr'>mc</span> <span class='ocrx_word' id='word_1_257' title='bbox 492 2307 746 2369; x_wconf 79' lang='lat' dir='ltr'>pertulerit,</span> <span class='ocrx_word' id='word_1_258' title='bbox 773 2316 816 2350; x_wconf 87' lang='lat' dir='ltr'>ct</span> <span class='ocrx_word' id='word_1_259' title='bbox 837 2304 1064 2365; x_wconf 84' lang='lat' dir='ltr'>quidmihi</span> <span class='ocrx_word' id='word_1_260' title='bbox 1088 2304 1333 2363; x_wconf 86' lang='lat' dir='ltr'>promiserit</span> <span class='ocrx_word' id='word_1_261' title='bbox 1354 2308 1469 2349; x_wconf 90' lang='lat' dir='ltr'>Deus</span> <span class='ocrx_word' id='word_1_262' title='bbox 1489 2321 1627 2350; x_wconf 90' lang='lat' dir='ltr'>meus.</span> 
     </span>
    </p>

    <p class='ocr_par' dir='ltr' id='par_1_6' title="bbox 299 2375 1698 2503">
     <span class='ocr_line' id='line_1_32' title="bbox 358 2375 1698 2433; baseline -0.002 -8"><span class='ocrx_word' id='word_1_263' title='bbox 358 2385 437 2425; x_wconf 79' lang='lat' dir='ltr'>xl.</span> <span class='ocrx_word' id='word_1_264' title='bbox 470 2400 489 2421; x_wconf 85' lang='lat'>«</span> <span class='ocrx_word' id='word_1_265' title='bbox 516 2379 732 2433; x_wconf 84' lang='lat' dir='ltr'>Quoniam</span> <span class='ocrx_word' id='word_1_266' title='bbox 756 2377 917 2422; x_wconf 84' lang='lat' dir='ltr'>defecit</span> <span class='ocrx_word' id='word_1_267' title='bbox 933 2376 978 2420; x_wconf 90' lang='lat' dir='ltr'>in</span> <span class='ocrx_word' id='word_1_268' title='bbox 995 2375 1146 2420; x_wconf 85' lang='lat' dir='ltr'>dolore</span> <span class='ocrx_word' id='word_1_269' title='bbox 1171 2376 1258 2421; x_wconf 85' lang='lat' dir='ltr'>vita</span> <span class='ocrx_word' id='word_1_270' title='bbox 1280 2378 1416 2421; x_wconf 79' lang='lat' dir='ltr'>mea5.</span> <span class='ocrx_word' id='word_1_271' title='bbox 1437 2395 1457 2418; x_wconf 90' lang='lat'>»</span> <span class='ocrx_word' id='word_1_272' title='bbox 1480 2377 1698 2430; x_wconf 88' lang='lat' dir='ltr'>Quoniam</span> 
     </span>
     <span class='ocr_line' id='line_1_33' title="bbox 299 2445 1698 2503; baseline -0.004 -6"><span class='ocrx_word' id='word_1_273' title='bbox 299 2453 388 2497; x_wconf 81' lang='lat' dir='ltr'>vita</span> <span class='ocrx_word' id='word_1_274' title='bbox 410 2467 506 2495; x_wconf 86' lang='lat' dir='ltr'>mea</span> <span class='ocrx_word' id='word_1_275' title='bbox 529 2459 594 2494; x_wconf 87' lang='lat' dir='ltr'>est</span> <span class='ocrx_word' id='word_1_276' title='bbox 616 2448 814 2494; x_wconf 84' lang='lat' dir='ltr'>confiteri</span> <span class='ocrx_word' id='word_1_277' title='bbox 836 2457 880 2492; x_wconf 92' lang='lat' dir='ltr'>te</span> <span class='ocrx_word' id='word_1_278' title='bbox 895 2482 906 2503; x_wconf 82' lang='lat'>‚</span> <span class='ocrx_word' id='word_1_279' title='bbox 937 2445 1013 2491; x_wconf 89' lang='lat' dir='ltr'>sed</span> <span class='ocrx_word' id='word_1_280' title='bbox 1046 2445 1208 2491; x_wconf 87' lang='lat' dir='ltr'>defecit</span> <span class='ocrx_word' id='word_1_281' title='bbox 1237 2447 1282 2490; x_wconf 92' lang='lat' dir='ltr'>in</span> <span class='ocrx_word' id='word_1_282' title='bbox 1307 2446 1480 2502; x_wconf 82' lang='lat' dir='ltr'>dolore,</span> <span class='ocrx_word' id='word_1_283' title='bbox 1506 2463 1606 2491; x_wconf 90' lang='lat' dir='ltr'>cum</span> <span class='ocrx_word' id='word_1_284' title='bbox 1629 2447 1698 2492; x_wconf 89' lang='lat' dir='ltr'>di-</span> 
     </span>
    </p>

    <p class='ocr_par' dir='ltr' id='par_1_7' title="bbox 345 2529 1624 2577">
     <span class='ocr_line' id='line_1_34' title="bbox 345 2529 1624 2577; baseline -0.004 -8"><span class='ocrx_word' id='word_1_285' title='bbox 345 2544 352 2561; x_wconf 88' lang='lat'>¹</span> <span class='ocrx_word' id='word_1_286' title='bbox 372 2536 451 2570; x_wconf 57' lang='lat' dir='ltr'>l&#39;zal.</span> <span class='ocrx_word' id='word_1_287' title='bbox 468 2547 544 2576; x_wconf 81' lang='lat' dir='ltr'>xxx,</span> <span class='ocrx_word' id='word_1_288' title='bbox 563 2545 594 2577; x_wconf 85' lang='lat'>7.</span> <span class='ocrx_word' id='word_1_289' title='bbox 615 2552 658 2558; x_wconf 65' lang='grc' dir='ltr'>ν-</span> <span class='ocrx_word' id='word_1_290' title='bbox 673 2533 898 2566; x_wconf 84' lang='lat' dir='ltr'>²1bid.8.--</span> <span class='ocrx_word' id='word_1_291' title='bbox 915 2530 1022 2564; x_wconf 77' lang='lat' dir='ltr'>31bid.</span> <span class='ocrx_word' id='word_1_292' title='bbox 1040 2542 1073 2574; x_wconf 83' lang='lat'>9.</span> <span class='ocrx_word' id='word_1_293' title='bbox 1094 2548 1136 2553; x_wconf 90' lang='lat'>—-</span> <span class='ocrx_word' id='word_1_294' title='bbox 1160 2529 1176 2561; x_wconf 73' lang='grc'>4</span> <span class='ocrx_word' id='word_1_295' title='bbox 1197 2530 1278 2563; x_wconf 89' lang='lat' dir='ltr'>lbid.</span> <span class='ocrx_word' id='word_1_296' title='bbox 1303 2542 1353 2564; x_wconf 83' lang='grc' dir='ltr'>ιο.</span> <span class='ocrx_word' id='word_1_297' title='bbox 1374 2548 1417 2554; x_wconf 90' lang='lat'>—</span> <span class='ocrx_word' id='word_1_298' title='bbox 1434 2529 1548 2563; x_wconf 83' lang='lat' dir='ltr'>51bid.</span> <span class='ocrx_word' id='word_1_299' title='bbox 1573 2543 1624 2564; x_wconf 86' lang='lat'>11.</span> 
     </span>
    </p>
   </div>
   <div class='ocr_carea' id='block_1_2' title="bbox 1800 0 1833 2092">
    <p class='ocr_par' dir='ltr' id='par_1_8' title="bbox 1800 0 1833 2092">
     <span class='ocr_line' id='line_1_35' title="bbox 1800 0 1833 2092; baseline 0 0"><span class='ocrx_word' id='word_1_300' title='bbox 1800 0 1833 2092; x_wconf 95' lang='lat' dir='ltr'> </span> 
     </span>
    </p>
   </div>
  </div>
 </body>
</html>
