1833 3284
371 219 456 258 226
813 228 847 257 s.
883 227 1115 258 mensum
1149 230 1331 258 Erlscom

363 303 654 349 sacramenta,
673 294 707 338 si
738 308 816 353 per
842 303 1012 339 sanctos
1036 293 1234 340 homines
1264 294 1442 340 dentur.
1476 298 1632 357 Itaque
1656 311 1759 341 cum

366 365 422 410 ab
440 365 498 410 eis
522 364 757 426 quaeritur,
783 365 859 426 qui
883 365 971 410 sint
992 365 1156 421 sancti,
1187 367 1454 411 erubescunt
1481 366 1624 411 dicere
1651 370 1765 413 :Nos

364 452 529 482 sumus.
559 437 809 491 Quinetiam
831 437 866 481 si
893 436 957 480 illi
986 452 1080 482 non
1104 437 1363 483 erubescant
1396 438 1481 483 hoc
1509 438 1679 495 dicere,
1718 438 1765 482 hi

367 508 442 569 qui
470 508 656 553 audiunt
680 524 760 569 pro
795 508 896 568 ipsis
918 508 1198 553 erubescunt.
1227 511 1382 570 Itaque
1411 509 1480 554 isti
1513 518 1675 568 cogunt
1692 524 1765 554 eos

367 581 445 641 qui
467 582 712 641 acccipiunt
733 590 1023 636 sacramenta,
1042 595 1160 641 spem
1180 596 1302 626 suam
1324 582 1369 625 in
1388 582 1564 626 homine
1582 596 1760 641 ponere,

365 653 489 711 cujus
511 667 585 696 cor
607 651 755 696 videre
772 667 860 696 non
885 661 1082 712 possunt.
1113 670 1133 694 α
1156 654 1214 697 Et
1236 651 1497 698 maledictus
1517 653 1656 698 omnis
1686 652 1764 713 qui

373 745 387 762 »ι
415 739 536 782 spem
564 739 686 767 suam
709 723 838 783 pon‘it
858 724 902 767 in
920 723 1096 768 homine
1113 725 1142 766 ¹.
1170 741 1190 765 »
1215 723 1333 777 Quid
1365 733 1428 769 est
1451 724 1564 769 enim
1592 722 1761 778 dicere,

366 796 459 852 Ego
484 793 605 854 quod
623 793 680 838 do
708 804 909 839 sanctum
930 803 1018 849 est,
1044 794 1150 849 nisi,
1175 810 1297 854 spem
1316 805 1436 840 tuam
1457 795 1503 839 in
1526 810 1595 839 me
1619 796 1766 855 pone?

364 865 481 917 Quid
499 865 532 909 si
555 881 645 910 non
677 881 721 909 es
753 867 952 910 sanctus?
985 869 1075 910 Aut
1103 865 1284 910 ostende
1312 882 1388 911 cor
1409 876 1552 911 tuum.
1579 865 1708 919 Quod
1730 864 1766 910 si

362 952 452 981 non
471 946 593 996 potes
609 973 619 993 ,
651 937 729 981 ubi
751 937 912 982 videbo
944 936 1065 999 quod
1089 947 1265 983 sanctus
1297 940 1377 983 es?
1411 942 1481 983 An
1503 936 1616 983 forte
1646 936 1763 982 dices

363 1007 485 1068 quod
499 1008 708 1068 scriptum
723 1018 787 1053 est
804 1028 812 1053 :
829 1012 927 1053 «Ex
941 1009 1145 1069 operibus
1161 1024 1311 1054 eorum
1325 1010 1591 1067 cognoscetis
1609 1009 1758 1054 eos2P»

363 1079 502 1124 Video
524 1080 654 1140 plane
672 1082 780 1125 mira
807 1096 959 1141 opera,
992 1080 1270 1142 quotidianas
1299 1080 1528 1126 violentias
1561 1081 1764 1126 Circum-

362 1149 600 1196 cellionum
622 1152 705 1196 sub
732 1153 956 1213 Episcopis
978 1162 1022 1197 et
1057 1153 1324 1211 Presbyteris
1356 1153 1545 1197 ducibus
1573 1153 1763 1197 circum-

362 1236 539 1282 quaque
560 1223 766 1279 volitare,
794 1233 837 1268 et
868 1222 1083 1268 terribiles
1105 1222 1238 1268 fustes
1264 1223 1440 1269 Israeles
1457 1239 1631 1278 vocare,
1661 1239 1762 1285 quae

364 1293 578 1348 homines,
604 1294 681 1354 qui
702 1309 822 1339 nunc
851 1295 1028 1351 vivunt,
1065 1294 1262 1356 quotidie
1288 1294 1443 1340 vident
1473 1304 1517 1340 et
1548 1296 1756 1340 sentiunt.

362 1364 609 1409 Macariana
630 1379 732 1410 vero
750 1374 947 1425 tempora
961 1368 1043 1425 (8),
1065 1365 1120 1410 de
1139 1366 1301 1426 quibus
1328 1365 1537 1411 invidiam
1563 1365 1754 1422 faciunt,

363 1444 406 1479 et
427 1435 605 1495 plurimi
622 1452 712 1481 non
728 1436 958 1492 viderunt,
981 1446 1024 1481 et
1045 1452 1176 1481 nemo
1194 1452 1313 1481 nunc
1328 1436 1448 1483 videt
1470 1456 1479 1483 ε
1501 1446 1544 1482 et
1561 1437 1760 1499 quisquis

363 1523 413 1552 ea
431 1506 544 1552 vidit
556 1506 823 1563 Catholicus,
843 1509 987 1569 potuit
1009 1507 1170 1565 dicere,
1186 1509 1219 1553 si
1234 1509 1311 1553 Dei
1332 1525 1480 1554 servus
1494 1525 1584 1554 esse
1597 1508 1754 1554 vellet:

367 1599 387 1622 «
413 1581 465 1623 In
486 1579 673 1624 Domino
693 1578 883 1625 confido.
912 1597 932 1621 »
967 1578 1098 1633 Quod
1123 1589 1166 1624 et
1187 1595 1307 1624 nunc
1335 1578 1465 1635 dicit,
1493 1595 1594 1624 cum
1619 1578 1758 1625 multa

362 1666 462 1711 quae
486 1666 575 1696 non
598 1650 718 1705 vult,
739 1650 784 1694 in
804 1650 997 1695 Ecclesia
1019 1648 1160 1705 videt,
1204 1650 1281 1710 qui
1319 1666 1363 1694 se
1395 1650 1509 1695 intra
1542 1648 1617 1694 illa
1650 1650 1758 1696 retia

359 1720 490 1781 plena
513 1722 704 1781 piscibus
732 1722 858 1766 bonis
883 1731 927 1766 et
948 1720 1072 1765 malis
1103 1730 1253 1766 natare
1275 1720 1419 1765 adhuc
1442 1721 1594 1775 sentit,
1617 1721 1758 1765 donec

361 1792 417 1837 ad
439 1795 568 1838 finem
586 1793 714 1838 maris
744 1794 969 1848 veniatur,
996 1793 1073 1837 ubi
1101 1792 1204 1837 mali
1231 1801 1513 1852 segregentur
1536 1809 1559 1836 a
1582 1792 1708 1837 bonis
1721 1794 1754 1836 3.

361 1866 437 1909 Isti
461 1875 608 1909 autem
644 1864 753 1926 quid
783 1865 1070 1925 respondent,
1109 1865 1142 1909 si
1171 1863 1298 1909 alicui
1331 1863 1509 1909 illorum
1539 1863 1656 1909 dicat
1683 1862 1758 1908 ille

356 1952 489 1997 quem
514 1936 761 1996 baptizant:
785 1935 1020 1989 Quomodo
1035 1951 1104 1979 me
1119 1935 1248 1995 jubes
1270 1937 1568 1995 praesumere?
1588 1937 1698 1980 Nam
1721 1934 1757 1979 si

358 2017 402 2052 et
422 2007 564 2051 dantis
586 2016 629 2051 et
646 2007 896 2066 accipientis
924 2015 987 2051 est
1009 2006 1237 2061 meritum,
1264 2006 1297 2050 si
1319 2005 1462 2050 dantis
1484 2005 1588 2060 Dei,
1615 2015 1658 2050 et
1681 2021 1756 2050 ac-

355 2078 552 2138 cipientis
572 2078 851 2122 conscientiae
874 2092 1008 2122 meae:
1040 2078 1135 2122 haec
1164 2077 1281 2120 enim
1311 2075 1402 2121 duo
1432 2092 1522 2120 non
1546 2075 1654 2120 mihi
1684 2076 1755 2120 in-

355 2158 471 2194 certa
493 2158 610 2203 sunt,
639 2149 809 2193 bonitas
831 2147 968 2202 illius,
986 2157 1028 2192 et
1044 2147 1151 2192 fides
1167 2163 1278 2192 mea.
1296 2146 1413 2201 Quid
1433 2156 1474 2191 te
1493 2147 1750 2207 interponis,

353 2221 407 2265 de
424 2236 513 2281 quo
535 2229 704 2265 certum
728 2220 836 2264 scire
863 2218 973 2263 nihil
995 2233 1175 2278 possum
1195 2237 1203 2263 :
1231 2218 1334 2264 Sine
1354 2233 1425 2262 me
1450 2216 1595 2262 dicere
1610 2253 1620 2273 ‚
1655 2236 1675 2260 «
1703 2219 1756 2262 In

360 2292 586 2337 »Domino
609 2291 800 2336 confido.
830 2310 850 2333 »
875 2293 986 2336 Nam
1007 2290 1039 2333 si
1061 2290 1106 2333 in
1137 2299 1179 2334 te
1202 2288 1377 2334 confido
1393 2324 1404 2344 ,
1436 2287 1556 2333 unde
1578 2287 1756 2334 confido

357 2362 392 2406 si
414 2361 524 2406 nihil
547 2361 649 2406 mali
668 2362 747 2406 ista
770 2370 899 2406 nocte
921 2359 1091 2405 fecisti?
1116 2364 1340 2405 Postremo
1367 2359 1401 2403 si
1427 2359 1491 2404 vis
1506 2368 1556 2404 ut
1578 2358 1753 2405 credam

358 2433 459 2489 tibi,
481 2433 699 2494 numquid
719 2449 895 2493 possum
918 2431 1102 2493 amplius
1116 2448 1249 2493 quam
1270 2431 1325 2476 de
1338 2441 1382 2476 te
1401 2431 1608 2476 credere?
1625 2431 1752 2477 Unde

355 2519 458 2563 ergo
488 2505 663 2550 confido
702 2506 747 2550 in
768 2505 828 2549 eis
860 2504 1020 2565 quibus
1053 2503 1148 2547 heri
1169 2501 1530 2559 communicasti,
1556 2511 1600 2547 et
1619 2500 1751 2548 hodie

406 2599 413 2615 ¹
438 2594 554 2625 Jerem.
578 2603 654 2633 xvii,
686 2592 717 2624 5.
738 2609 779 2614 —
802 2598 814 2614 ²
836 2590 949 2624 Mauh.
971 2600 1029 2632 vn,
1055 2589 1103 2623 16.
1126 2606 1167 2612 --
1183 2587 1259 2622 ³1d.
1280 2600 1352 2631 xnr,
1368 2588 1421 2631 47.
