1833 3284
375 263 454 303 114
815 276 848 301 s.
887 272 1119 299 AUGUSTINI
1153 272 1333 298 EPlSCOPI

370 340 549 386 morbus
565 339 652 384 late
674 347 930 398 pervagatus
947 372 958 392 ,
985 346 1029 380 et
1052 352 1201 381 omnes
1224 345 1299 380 aut
1315 349 1426 396 pene
1451 349 1601 379 omnes
1618 332 1761 378 invol-

370 426 490 456 vens.
516 412 779 469 Quanquam
797 406 1165 453 accommodatius
1185 407 1420 467 accipiatur
1441 402 1647 450 cathedra
1662 417 1762 464 pes-

370 481 573 536 tilentiae,
600 480 840 540 perniciosa
864 478 1084 534 doctrina,
1109 479 1232 538 cujus
1255 493 1394 523 sermo
1417 486 1467 521 ut
1503 491 1657 521 cancer
1674 490 1764 518 ser-

372 553 478 612 pit1.
508 551 674 596 Deinde
691 549 1035 596 considerandus
1057 559 1122 594 est
1137 550 1244 595 ordo
1273 550 1509 595 verborum
1526 583 1537 604 ,
1572 567 1589 588 «
1616 546 1764 598 Abiit,

379 645 396 665 »
429 623 571 679 stetit,
597 623 722 667 sedit.
747 643 764 664 »
791 622 913 666 Abiit
934 623 1051 666 enim
1068 620 1161 678 ille,
1182 637 1283 667 eum
1305 620 1478 665 recessit
1499 636 1523 664 a
1540 623 1646 663 Deo.
1667 619 1766 663 Ste-

372 694 452 750 tit,
475 709 576 738 cum
600 692 841 737 delectatus
864 702 928 737 est
949 702 1143 753 peccato.
1172 692 1315 749 Sedit,
1339 707 1440 737 cum
1460 692 1511 735 in
1528 706 1605 734 sua
1623 703 1770 749 super-

372 765 442 810 bia
465 764 763 819 confirmatus,
783 762 925 808 redire
939 780 1030 808 non
1043 764 1203 823 potuit,
1223 764 1304 808 nisi
1326 779 1404 824 per
1418 777 1519 807 eum
1538 761 1766 815 liberatus,

373 835 450 895 qui
472 849 615 894 neque
636 834 742 878 abiit
753 834 800 877 in
821 833 1003 879 consilio
1022 835 1257 894 impiorum
1272 870 1283 889 ,
1307 850 1388 878 nec
1410 833 1456 878 in
1475 832 1545 877 via
1565 840 1770 893 peccato-

374 921 474 950 rum
495 906 637 960 stetit,
658 920 739 949 nec
761 906 806 949 in
823 905 1031 951 cathedra
1045 905 1304 966 pestilentiae
1323 904 1444 949 sedit.

436 978 496 1021 ΙΙ.
537 994 552 1015 «
578 974 663 1020 Sed
684 975 730 1018 in
755 974 851 1035 lege
870 976 1046 1020 Domini
1069 975 1154 1020 fuit
1175 975 1376 1020 voluntas
1399 975 1489 1035 ejus
1506 1009 1517 1029 ,
1543 982 1586 1017 et
1613 972 1659 1016 in
1679 971 1777 1031 lege

383 1066 401 1088 »
437 1047 528 1106 ejus
551 1045 836 1090 meditabitur
859 1045 930 1090 die
961 1062 1011 1091 ae
1045 1050 1215 1091 nocte2.
1240 1048 1365 1091 Justo
1389 1061 1478 1089 non
1505 1053 1570 1088 est
1600 1042 1671 1087 lex
1693 1057 1776 1102 po-

385 1135 403 1157 »
439 1117 555 1171 sitass,
567 1136 583 1156 »
599 1124 650 1160 ut
665 1114 771 1160 dicit
783 1116 1032 1176 Apostolus.
1051 1116 1136 1162 Sed
1153 1116 1272 1160 aliud
1286 1126 1349 1160 est
1365 1131 1455 1160 esse
1468 1115 1514 1159 in
1525 1113 1637 1173 lege,
1658 1112 1779 1157 aliud

377 1186 459 1231 sub
487 1186 595 1244 lege.
622 1185 708 1239 Qui
733 1196 797 1230 est
819 1186 865 1230 in
887 1186 1005 1245 lege,
1031 1186 1275 1232 secundum
1295 1186 1436 1245 legem
1457 1185 1546 1245 agit
1578 1204 1587 1229 z
1612 1184 1689 1245 qui
1712 1191 1778 1227 est

379 1257 460 1302 sub
483 1256 578 1316 lege
595 1290 606 1312 ,
630 1256 875 1300 secundum
895 1256 1037 1317 legem
1055 1258 1212 1316 agitur.
1239 1258 1319 1302 Ille
1335 1273 1438 1317 ergo
1459 1256 1571 1301 liber
1588 1263 1652 1299 est
1669 1289 1679 1309 ,
1698 1253 1779 1298 iste

382 1343 543 1372 servus.
571 1326 738 1372 Deinde
773 1326 894 1371 aliud
924 1337 988 1371 est
1008 1327 1078 1372 lex
1100 1345 1200 1389 quae
1223 1328 1443 1384 scribitur,
1475 1336 1519 1371 et
1540 1324 1782 1386 imponitur

382 1397 587 1442 servienti
613 1416 622 1441 ;
644 1396 766 1440 aliud
786 1396 856 1441 lex
873 1414 972 1457 quae
991 1408 1136 1443 mente
1158 1399 1440 1458 conspicitur,
1462 1398 1517 1442 ab
1534 1412 1585 1441 eo
1601 1396 1676 1456 qui
1693 1410 1784 1439 non

383 1467 551 1526 indiget
568 1466 738 1512 litteriS.
771 1487 787 1508 ‹<
808 1468 1096 1514 Meditabitur
1117 1470 1187 1513 die
1206 1485 1254 1514 ac
1277 1478 1406 1514 noete
1428 1489 1437 1514 :
1468 1489 1485 1510 >›
1513 1477 1589 1513 aut
1611 1467 1703 1512 sine
1720 1467 1786 1511 in-
1832 1505 1833 1525 ἶ

385 1540 653 1585 termissione
689 1538 1026 1599 intelligendum
1065 1551 1128 1586 est
1147 1562 1159 1599 3
1208 1551 1283 1586 aut
1319 1560 1336 1582 «
1363 1540 1434 1585 die
1466 1561 1483 1582 »
1518 1540 1565 1584 in
1598 1539 1748 1583 laetitia
1771 1573 1782 1595 ,
1831 1578 1832 1582 ,

391 1631 409 1652 «
435 1621 564 1656 noete
592 1631 610 1652 »
655 1610 701 1654 in
734 1611 1116 1671 tribulationibus,
1155 1612 1317 1658 dicitur
1353 1612 1490 1657 enim:
1530 1611 1787 1656 «Abraham

390 1701 409 1724 »
444 1681 562 1725 diem
582 1697 732 1726 meum
750 1681 884 1738 vidit,
910 1692 954 1727 et
976 1683 1148 1742 gavisus
1165 1684 1275 1728 est4.
1303 1704 1320 1726 >›
1347 1686 1405 1728 Et
1426 1683 1482 1727 de
1503 1681 1789 1727 tribulatione

388 1751 550 1797 dicitur
575 1772 586 1797 ι
612 1771 628 1792 «
659 1755 844 1813 Insuper
858 1762 903 1799 et
923 1769 1063 1815 usque
1084 1754 1141 1800 ad
1160 1763 1336 1800 noctem
1352 1752 1697 1799 emendaverunt
1715 1766 1787 1797 me

394 1845 413 1868 »
447 1840 572 1869 renes
594 1824 728 1869 mei5.
759 1845 777 1867 »

450 1898 531 1940 III.
571 1896 699 1941 «Erit
720 1905 934 1957 tanquam
954 1895 1128 1956 lignum
1150 1897 1273 1958 quod
1293 1896 1541 1956 plantatum
1559 1905 1623 1940 est
1638 1911 1791 1941 secun-

395 1987 413 2009 »
444 1967 552 2012 dum
565 1967 772 2012 decursus
790 1969 1023 2028 aquarumG
1053 1987 1063 2013 z
1089 1988 1106 2010 »
1132 1967 1180 2012 id
1197 1978 1276 2024 est,
1300 1977 1375 2013 aut
1396 1966 1639 2012 seeundum
1653 1967 1792 2027 ipsam

386 2037 672 2097 Sapientiam,
698 2054 798 2098 quae
820 2037 1000 2098 dignata
1022 2047 1087 2083 est
1107 2039 1333 2083 hominem
1354 2039 1575 2098 suscipere
1592 2037 1650 2082 ad
1670 2036 1791 2082 salu-

390 2116 479 2152 tem
496 2117 690 2152 nostram
715 2126 724 2152 :
750 2118 800 2153 ut
822 2108 912 2167 ipse
936 2109 1068 2154 homo
1092 2109 1145 2153 sit
1172 2109 1344 2168 lignum
1363 2109 1612 2169 plantatum
1634 2124 1792 2152 seeun-

391 2179 501 2223 dum
522 2178 731 2223 decursus
760 2194 975 2239 aquarum
1013 2198 1023 2224 :
1055 2189 1199 2239 potest
1232 2180 1352 2224 enim
1381 2189 1426 2224 et
1452 2181 1537 2225 hoe
1567 2178 1795 2224 intellectu

391 2249 551 2309 accipi,
577 2248 699 2309 quod
721 2249 764 2292 in
789 2248 873 2294 alio
899 2249 1073 2294 Psalmo
1094 2248 1257 2294 dicitur
1281 2269 1291 2295 t
1317 2269 1334 2290 «
1352 2252 1384 2294 F
1389 2249 1535 2296 luvius
1554 2249 1632 2295 Dei
1653 2247 1796 2309 reple-

399 2340 418 2363 »
453 2330 522 2365 tus
544 2330 609 2365 est
631 2322 789 2382 aqua⁷.
819 2342 836 2363 »
864 2324 953 2365 Aut
975 2321 1219 2367 secundum
1245 2322 1456 2382 Spiritum
1478 2331 1700 2375 sanetum,
1725 2334 1794 2363 se-

394 2390 592 2436 cundum
624 2406 757 2452 quem
785 2390 975 2449 dicitur3
1007 2410 1024 2432 <‹
1047 2395 1145 2451 Ipse
1176 2408 1254 2437 vos
1283 2393 1523 2453 baptizabit
1553 2394 1598 2434 in
1631 2390 1796 2450 Spiritu

401 2482 419 2503 »
454 2463 628 2506 sancto⁸
651 2476 660 2502 ε
685 2481 704 2502 »
729 2471 774 2505 et
793 2461 906 2505 illud
928 2479 936 2505 :
964 2478 984 2501 «
1006 2462 1092 2513 Qui
1113 2462 1224 2515 sitit,
1249 2461 1422 2516 veniat,
1446 2470 1491 2506 et
1508 2461 1655 2506 bibat⁹
1676 2476 1686 2503 ε
1712 2480 1730 2503 »
1751 2469 1796 2506 et

447 2575 456 2592 ¹
474 2578 494 2601 2
513 2568 594 2602 Tim.
614 2580 648 2610 n,
672 2578 721 2610 17.
742 2585 785 2591 —-
807 2574 819 2590 2
840 2568 919 2600 Psal.
936 2580 969 2609 1,
995 2577 1027 2599 2.
1046 2585 1086 2590 —-
1111 2565 1124 2590 3
1146 2579 1157 2599 1
1180 2568 1261 2600 Tim.
1282 2579 1304 2609 1,
1321 2580 1355 2610 9.
1376 2585 1418 2592 -·
1435 2567 1453 2598 4
1469 2571 1560 2602 Joan.
1576 2579 1650 2611 vni,
1670 2568 1724 2601 56.
1752 2586 1795 2592 —-

400 2624 414 2648 ⁵
430 2624 509 2659 Psal.
524 2636 576 2667 xv,
593 2622 687 2667 7.—-‘3
700 2624 745 2656 ld.
759 2636 780 2666 1,
798 2624 874 2656 3.—
887 2631 900 2657 7
921 2622 1202 2665 111.Lx1v‚10.—-8
1214 2623 1328 2658 Matth.
1348 2635 1504 2666 m‚1o.-
1519 2632 1534 2657 9
1551 2626 1645 2659 Joan.
1665 2635 1722 2666 vn,
1737 2624 1790 2667 37.
