1833 3284
338 232 423 273 490
776 240 810 270 s.
847 240 1080 270 Aueus'rxm
1112 243 1295 272 EPISCOPI

398 311 475 353 IX.
512 311 643 352 Facta
664 316 767 352 sunt
797 308 890 353 haee
906 343 917 363 ,
943 308 1061 353 missi
1083 318 1185 353 sunt
1206 309 1430 369 Apostoli,
1455 310 1732 371 pertulerunt

336 394 571 440 pressuras.
589 378 815 439 Numquid
827 378 958 424 modo
971 388 1110 423 tantas
1124 379 1303 425 ferimus
1317 390 1365 425 ut
1379 380 1606 426 audiamus
1617 383 1729 438 haec,

336 460 522 512 quantas
537 449 600 494 illi
618 460 668 494 ut
687 450 949 495 seminarent
967 451 1061 495 lisec
1074 454 1091 493 ἰ)
1110 454 1222 496 Non.
1240 453 1334 497 Erit
1347 468 1467 512 ergo,
1485 453 1650 509 fratres,
1671 454 1733 498 in-

337 522 585 567 fructuosus
609 522 734 566 labor
755 526 926 566 noster?
949 524 1062 567 Non.
1085 522 1223 567 Video
1244 525 1606 584 constipationem
1633 541 1734 570 ves-

337 603 467 649 tram,
484 594 560 638 sed
573 603 616 639 et
636 609 712 638 vos
724 593 880 638 videtis
895 592 1099 638 sudorem
1120 604 1334 640 nostrum.
1356 597 1398 641 Si
1416 595 1668 650 toleramus,
1690 605 1734 641 et

337 665 705 724 conregnabimus
719 667 750 708 ¹.
771 667 886 710 Eece
902 663 1016 710 facta
1028 675 1131 710 sunt
1144 666 1230 711 illa.
1244 670 1308 711 Ex
1320 666 1403 712 illis
1417 668 1573 712 ovibus
1594 667 1734 713 missis

337 737 384 781 in
400 735 595 780 medium
614 735 822 796 luporum
836 739 853 762 ²
875 746 919 781 et
932 737 1162 782 memorias
1179 740 1425 796 Martyrum
1443 738 1731 783 celebramus.

337 811 478 852 Locus
496 807 598 863 iste,
626 808 806 868 quando
824 808 1027 865 Martyris
1048 808 1165 853 beati
1179 809 1439 868 (Cypriani)
1459 825 1736 870 corpus'per-

337 894 511 923 cussum
543 888 628 934 est,
665 878 780 939 lupis
807 877 964 938 plenus
995 888 1088 923 erat
1122 899 1130 924 :
1164 880 1268 925 vicit
1297 889 1363 925 tot
1383 879 1511 940 lupos
1533 897 1622 925 una
1644 881 1735 925 ovis

336 959 463 1010 capta
475 986 485 1005 ,
507 960 551 995 et
567 950 768 1010 implevit
781 949 928 995 locum
945 950 1099 995 ovibus
1113 951 1204 995 ovis
1219 952 1375 996 occisa.
1399 952 1612 996 Saeviebat
1628 961 1736 996 tunc

335 1037 454 1066 mare
471 1022 724 1081 ingentibus
746 1022 1104 1083 persequentium
1124 1023 1332 1069 fluctibus
1351 1059 1361 1079 ,
1382 1023 1476 1067 ibat
1497 1024 1543 1067 in
1567 1023 1735 1075 aridam

337 1093 557 1138 sitientem
578 1092 742 1138 coelum
763 1094 856 1138 Dei.
883 1093 1018 1139 Modo
1042 1103 1189 1138 autem
1211 1110 1288 1155 per
1311 1094 1386 1139 illa
1409 1111 1510 1155 quae
1538 1094 1601 1139 illi
1621 1095 1733 1155 passi

336 1175 456 1223 sunt,
477 1167 553 1227 qui
570 1166 706 1211 aciem
729 1177 959 1226 ruperunt,
976 1166 1267 1225 glorificatum
1286 1177 1349 1212 est
1372 1183 1535 1212 nomen
1547 1167 1734 1212 Christi:

336 1238 566 1297 occupavit
608 1238 739 1284 etiam
770 1238 880 1297 ipsas
914 1247 1149 1297 potestates
1178 1238 1408 1283 ambulans
1437 1254 1567 1298 super
1596 1237 1737 1298 capita

338 1309 607 1354 tumentium
630 1309 866 1367 gurgitum.
883 1311 940 1352 Et
959 1309 1061 1368 quia
1083 1309 1162 1353 ista
1182 1307 1295 1354 facta
1318 1319 1436 1365 sunt,
1462 1310 1593 1354 modo
1607 1310 1738 1354 etiam

337 1380 414 1441 qui
435 1379 612 1435 vident,
639 1380 839 1424 nondum
867 1379 1093 1423 credentes
1108 1415 1118 1434 ,
1145 1380 1452 1425 conventicula
1473 1390 1620 1425 nostra
1634 1416 1645 1436 ,
1667 1396 1739 1425 ce-

336 1451 624 1503 lebrationes,
663 1450 982 1505 solemnitates,
1011 1450 1163 1495 laudes
1181 1453 1272 1511 jam
1301 1451 1549 1496 manifestas
1580 1461 1624 1496 et
1652 1468 1738 1512 pu-

337 1521 473 1567 blicas
493 1523 572 1567 Dei
594 1523 753 1577 nostri,
778 1522 940 1583 putatis
959 1538 1031 1567 eos
1054 1539 1143 1567 non
1166 1522 1315 1568 dolere
1329 1560 1339 1578 ,
1361 1524 1523 1583 putatis
1541 1540 1631 1568 non
1647 1524 1739 1568 fre-

337 1596 488 1638 mere?
533 1593 618 1640 Sed
659 1610 779 1639 nune
816 1594 1025 1654 impletur
1065 1595 1185 1655 quod
1222 1595 1277 1639 de
1314 1595 1397 1639 illis
1435 1595 1605 1639 dietum
1647 1604 1736 1650 est,

341 1685 362 1707 ‹<
399 1669 606 1710 Peccator
623 1664 808 1720 videbit,
834 1681 881 1709 er
902 1666 1152 1710 irasceturss.
1178 1688 1194 1708 n
1224 1667 1343 1719 Quid
1365 1666 1616 1727 e1·go,'quia
1638 1667 1737 1710 iras-

337 1740 490 1782 cetur?
513 1740 576 1782 Ne
594 1738 761 1791 timeas,
783 1736 891 1791 ovis,
916 1736 1088 1796 lupum.
1103 1736 1238 1782 Modo
1261 1738 1400 1781 minas
1423 1753 1574 1782 eorum
1588 1748 1632 1782 et
1651 1737 1740 1781 fre-

336 1809 469 1853 mitus
492 1824 584 1853 non
603 1808 804 1852 timeatis.
828 1808 1031 1852 Irascitur
1051 1828 1059 1853 :
1085 1808 1158 1853 sed
1177 1808 1286 1868 quid
1307 1809 1528 1869 sequitur?
1556 1829 1575 1851 «
1592 1810 1738 1853 Denti-

339 1897 360 1920 »
395 1880 479 1924 bus
502 1879 589 1924 suis
606 1878 783 1924 frendet
800 1887 844 1922 et
865 1879 1058 1923 tabescet
1073 1880 1104 1922 4.
1128 1899 1146 1920 »

395 1954 453 1997 X.
491 1951 605 2004 Quia
628 1966 732 2009 ergo
755 1949 888 1995 modo
910 1950 1019 1995 salsa
1047 1951 1178 1995 maris
1212 1967 1348 2011 aqua,
1378 1967 1479 2012 quae
1501 1952 1708 1996 remansit
1723 1987 1734 2007 ,

334 2023 381 2067 in
403 2023 673 2068 Christianos
701 2022 851 2066 saevire
876 2037 967 2067 non
994 2021 1127 2066 audet
1143 2058 1154 2077 ,
1187 2021 1412 2067 occultum
1440 2032 1587 2067 autem
1613 2039 1738 2067 mur-

336 2109 435 2138 mur
456 2093 573 2139 rodit
584 2095 629 2137 in
649 2109 693 2138 se
708 2129 720 2149 ,
741 2102 785 2137 et
805 2094 918 2138 intra
936 2093 1169 2138 mortalem
1188 2093 1350 2153 pellem
1365 2093 1512 2139 fremit
1534 2094 1738 2139 conclusa

335 2163 507 2224 salsugo
520 2185 530 2221 3
550 2163 696 2209 videte
708 2163 817 2225 quid
831 2164 1028 2225 sequitur
1045 2183 1054 2209 ε
1081 2183 1097 2204 «
1115 2167 1398 2224 Congi‘egans,
1410 2166 1522 2209 sieut
1536 2166 1581 2208 in
1594 2174 1738 2209 utrem

337 2255 357 2277 1)
392 2253 527 2297 aquas
550 2237 725 2281 maris5.
755 2255 774 2277 υ
802 2240 916 2283 Cum
938 2252 1039 2295 ergo
1062 2246 1189 2281 antea
1211 2252 1330 2281 mare
1357 2236 1506 2281 liberis
1527 2237 1737 2281 fluctibus

334 2308 560 2365 saeviebat,
592 2310 726 2354 modo
749 2319 896 2354 autem
930 2310 1043 2354 intra
1080 2309 1278 2354 mortalia
1304 2319 1482 2369 pectora
1516 2309 1734 2354 inclusum

335 2396 533 2425 amarum
566 2390 655 2434 est,
686 2381 758 2426 ille
783 2382 888 2426 fecit
909 2382 986 2442 qui
1018 2381 1064 2425 in
1095 2381 1178 2425 illis
1207 2382 1331 2435 vicit,
1356 2381 1433 2442 qui
1456 2382 1602 2441 posuit
1628 2391 1733 2426 tunc

334 2451 443 2495 mari
465 2452 671 2497 terminos
684 2453 717 2507 ⁶,
743 2453 857 2497 utin
878 2468 922 2496 se
938 2462 1179 2497 remeantes
1200 2452 1603 2497 comminuerentur
1621 2453 1733 2496 ssuc-

384 2554 392 2570 ¹
414 2558 432 2580 2
451 2548 531 2580 Tim.
551 2561 595 2591 11,
631 2559 682 2582 12.
707 2567 748 2572 -
781 2557 794 2572 ²
822 2550 935 2581 Matth.
963 2561 983 2581 x
999 2576 1008 2591 ,
1031 2550 1082 2582 15.
1115 2567 1151 2573 —-
1173 2548 1186 2573 3
1212 2551 1289 2582 psal.
1311 2560 1378 2588 cxi,
1409 2561 1461 2582 10.
1485 2567 1527 2572 —
1549 2548 1564 2578 4
1583 2549 1665 2582 Ibid.
1686 2566 1727 2572 —-

335 2601 527 2645 51d.xxxn‚
548 2615 579 2646 7.
601 2622 643 2628 ·—-
668 2604 683 2627 ⁶
699 2608 791 2638 Prov.
812 2617 879 2647 vni,
899 2615 954 2647 29.
