1833 3284
338 242 580 272 ΕΝΑΜιΑΤΙο
613 247 645 272 11
678 248 723 272 m·
756 245 960 274 PsAme
990 244 1104 274 xxxi.
1334 237 1416 277 445

32 318 76 353 et
96 309 379 370 inveniuntur
392 310 538 354 omnia
556 310 685 355 mala.
710 311 753 356 Si
768 310 888 372 quod
905 312 1092 356 debetur
1112 312 1197 358 illis
1216 314 1420 373 operibus

31 382 146 424 Deus
184 378 385 424 redderet
400 415 410 435 ,
446 380 602 441 utique
641 381 869 427 damnaret
896 403 904 427 :
940 403 959 425 «
989 383 1262 444 Stipendium
1303 385 1422 428 enim'

33 469 54 492 »
88 450 257 510 peccati
277 453 434 495 mors1.
456 469 476 492 n
495 452 619 497 Malis
637 453 841 512 operibus
863 453 970 513 quid
984 454 1187 510 debetur,
1205 455 1285 498 nisi
1304 454 1422 499 dam·
1447 505 1450 509 ,

30 521 175 567 natio?
195 521 324 566 Bonis
346 521 454 582 quid
475 521 692 567 debetur?
713 527 917 583 Regnum
935 524 1164 569 coelorum.
1193 529 1258 569 Tu
1275 536 1422 571 autem

29 592 76 636 in
96 591 217 636 malis
237 593 442 652 operibus
465 593 668 639 inventus
691 609 734 638 es
760 614 768 639 :
795 597 827 638 si
850 594 1058 639 reddatur
1086 595 1167 639 tibi
1191 596 1312 657 quod
1341 596 1421 640 de-

29 662 175 718 betur,
199 663 450 723 puniendus
473 679 532 708 es.
559 663 676 718 Quid
702 680 804 724 ergo
826 665 902 709 fit?
923 668 1021 710 Non
1039 665 1118 709 tibi
1141 669 1256 710 Deus
1278 666 1422 711 reddit

30 732 222 778 debitam
243 738 421 794 poenam
439 770 449 790 ,
479 734 553 779 sed
574 735 709 780 donat
728 735 969 780 indebitam
994 737 1188 794 gratiam.
1224 738 1423 783 Debebat

29 803 266 849 vindictam
280 840 292 859 ,
314 804 390 850 dat
405 804 736 863 indulgentiam.
758 806 919 866 Incipis
941 822 1044 866 ergo
1067 823 1154 852 esse
1168 808 1213 851 in
1235 807 1321 852 fide
1343 825 1422 868 per

30 874 380 934 indulgentiam,
406 876 498 936 jam
526 876 631 920 fides
658 875 731 920 illa
760 887 977 937 assumpta
1006 894 1082 938 spe
1115 888 1158 922 et
1186 878 1422 924 dilectione

26 946 181 1007 incipit
205 947 319 990 bene
341 947 510 1006 operari
531 966 539 991 :
566 947 642 991 sed
672 962 753 992 nec
783 957 889 992 tunc
915 948 1107 1007 glorieris
1124 985 1134 1002 ,
1168 959 1211 993 et
1243 949 1423 995 extollas

27 1026 71 1062 te
92 1036 102 1062 ε
129 1026 348 1062 memento
370 1034 394 1062 a
416 1034 504 1078 quo
527 1017 573 1061 in
595 1018 663 1062 via
687 1017 852 1078 positus
883 1019 963 1076 sis,
999 1029 1221 1064 memento
1249 1022 1352 1081 quia
1380 1031 1424 1065 et

28 1089 140 1133 sanis
162 1088 348 1149 pedibus
378 1098 421 1133 et
448 1088 672 1134 velocibus
702 1089 902 1145 errabas,
934 1100 1156 1136 memento
1184 1092 1286 1151 quia
1314 1101 1357 1137 et
1389 1093 1423 1136 si

27 1158 290 1217 languebas,
316 1160 426 1203 etin
454 1159 520 1203 via
551 1159 781 1204 semivivus
797 1160 996 1219 jacebas,
1020 1160 1188 1206 levatus
1219 1177 1261 1206 es
1284 1163 1329 1206 in
1344 1163 1422 1222 ju—

28 1239 244 1286 mentum,
267 1238 311 1274 et
334 1229 570 1290 perductus
589 1230 634 1273 in
651 1230 920 1274 stabulum.
951 1250 970 1272 «
991 1232 1042 1275 Ei
1067 1242 1213 1276 autem
1228 1268 1238 1288 ,
1260 1233 1418 1293 inquit,

31 1319 53 1342 »
87 1301 164 1361 qui
182 1310 401 1360 operatur,
419 1317 584 1345 merces
602 1317 691 1345 non
708 1301 950 1361 imputatur
966 1303 1207 1347 secundum
1222 1305 1420 1362 gratiam,

32 1393 53 1417 »
88 1375 166 1419 sed
186 1374 429 1420 seeundum
451 1373 697 1418 debitumss.
721 1392 742 1415 ³>
769 1375 811 1418 Si
833 1375 895 1418 vis
919 1391 1008 1418 esse
1031 1374 1195 1419 alienus
1222 1392 1245 1419 a
1266 1377 1419 1435 gratia,

23 1447 139 1507 jacta
157 1446 312 1490 merita
332 1455 421 1490 tua.
444 1444 523 1488 Ille
544 1453 689 1488 autem
709 1443 829 1488 videt
852 1444 959 1504 quid
982 1445 1036 1488 sit
1058 1445 1103 1488 in
1130 1455 1172 1489 te
1190 1481 1200 1501 ,
1237 1455 1280 1490 et
1303 1447 1424 1492 novit

29 1517 138 1578 quid
164 1517 236 1562 cui
266 1517 438 1561 debeat.
470 1536 489 1559 «
513 1517 566 1561 Ei
587 1531 690 1560 vero
720 1516 796 1576 qui
818 1532 907 1560 non
937 1518 1183 1576 operatur⁴,
1213 1536 1232 1558 »
1260 1518 1417 1579 inquit.

29 1590 144 1632 Ecce
173 1603 288 1647 pone
313 1586 502 1647 aliquem
533 1587 715 1646 impium
745 1596 1017 1646 peccatorem
1039 1623 1049 1641 ,
1085 1603 1172 1631 non
1197 1599 1418 1648 operatur.

31 1658 147 1712 Quid
163 1659 334 1702 autem?
346 1677 364 1699 (ι
377 1656 527 1702 Credit
543 1666 689 1701 autem
707 1657 752 1700 in
763 1672 864 1700 eum
882 1657 980 1717 quij
991 1658 1173 1702 ustificat
1184 1658 1383 1718 impium.
1400 1679 1421 1701 »

31 1732 96 1774 Ex
118 1745 170 1773 eo
183 1729 300 1772 enim
316 1729 418 1789 quia
437 1744 527 1772 non
542 1737 747 1788 operatur
767 1728 895 1781 bene,
917 1728 1076 1788 impius
1095 1739 1156 1773 est
1173 1749 1180 1773 :
1263 1730 1295 1774 si
1313 1731 1437 1775 bona

30 1799 230 1843 videatur
251 1798 415 1854 faeere,
443 1808 586 1843 tamen
612 1797 714 1858 quia
736 1798 827 1842 sine
849 1797 935 1841 fide
951 1833 961 1849 ,
992 1814 1071 1843 neo
1095 1799 1209 1843 bona
1232 1801 1429 1845 vocanda

32 1879 149 1915 sunt.
167 1889 186 1911 «
202 1868 408 1914 Credenti
423 1878 569 1913 autem
580 1868 625 1912 in
641 1884 742 1912 eum
756 1868 831 1928 qui
843 1869 1053 1927 justificat
1075 1869 1130 1912 im
1138 1870 1275 1929 pium,
1292 1871 1427 1931 depu-

35 1960 56 1983 »
91 1950 132 1985 ta
140 1951 210 1985 tur
221 1940 328 1985 fides
344 1941 435 2000 ejus
448 1939 720 1999 adjustitiam
735 1961 744 1997 3
763 1940 873 1983 sicut
886 1949 928 1983 et
945 1939 1081 1983 David
1097 1940 1201 1985 dicit
1215 1962 1222 1985 ;
1238 1944 1426 1987 Beatitu-

37 2031 58 2055 α
92 2011 240 2055 dinem
256 2011 460 2065 hominis,
476 2010 547 2054 cui
561 2013 676 2054 Deus
694 2018 870 2070 accepto
889 2009 972 2054 fert
988 2011 1199 2070 justitiam
1222 2013 1313 2057 sine
1330 2030 1428 2074 ope-

37 2101 58 2124 »
91 2082 212 2127 ribus
223 2084 254 2130 ⁵,
271 2100 291 2123 n
307 2084 331 2126 J
335 2081 526 2126 ustitiam
541 2090 686 2124 autem
698 2082 856 2141 quam?
870 2080 1009 2136 Fidei,
1025 2098 1157 2142 quam
1170 2083 1284 2128 bona
1297 2100 1426 2144 opera

33 2169 123 2198 non
139 2161 472 2213 praecesserunt,
495 2151 571 2196 sed
588 2167 720 2212 quam
738 2152 851 2196 bona
871 2167 1002 2210 opera
1019 2165 1364 2217 eonsequuntur.

93 2227 217 2268 VIII.
254 2223 477 2268 Intendite
511 2237 614 2281 ergo
638 2237 744 2266 vos:
771 2220 965 2282 alioquin
997 2222 1110 2267 male
1146 2224 1428 2284 intelligendo

34 2293 241 2355 projicitis
257 2309 334 2338 vos
349 2293 394 2336 in
411 2292 532 2336 illam
547 2292 801 2351 voraginem
822 2291 1003 2352 impune
1020 2294 1230 2352 peccandi
1247 2315 1254 2339 :
1281 2305 1325 2340 et
1344 2313 1424 2355 ego

34 2365 148 2410 liber
174 2380 270 2410 sum
288 2400 299 2421 ,
324 2365 436 2409 sicut
454 2365 546 2424 ipse
567 2363 802 2424 Apostolus
822 2363 876 2407 ab
900 2364 1104 2409 omnibus
1124 2365 1238 2411 male
1260 2367 1425 2412 intelli-
1482 2418 1487 2421 ἱ

36 2436 234 2495 gentibus
253 2434 365 2479 liber
385 2434 486 2480 fuit.
511 2434 719 2478 Libenter
737 2433 853 2478 enim
876 2433 988 2478 male
1008 2434 1319 2483 intellexerunt
1333 2474 1344 2494 ,
1370 2456 1426 2484 ne

85 2538 96 2555 ¹
126 2534 218 2565 Rom.
243 2542 302 2573 V1,
332 2530 388 2563 23.
415 2547 457 2554 -—
485 2536 498 2553 ²
523 2531 600 2563 Luc.
638 2541 679 2572 x,
703 2530 755 2563 30.
789 2547 832 2553 -—
852 2527 865 2552 3
884 2532 975 2562 Rom.
996 2541 1046 2572 iv,
1070 2529 1102 2574 4.
1123 2548 1165 2555 —-
1187 2532 1306 2567 41bid.
1331 2534 1362 2567 5.
1389 2553 1421 2559 -—

39 2586 150 2622 ⁵1bid.
171 2588 202 2621 5.
228 2587 262 2620 6.
