1833 3284
359 210 442 248 202
783 215 816 245 S.
854 216 1085 246 Aueusrnvl
1120 218 1303 246 Emscom

416 287 493 329 vl.
533 303 553 326 «
576 283 730 329 sedisti
753 298 882 342 super
900 283 1108 327 thronum
1131 283 1207 342 qui
1224 283 1392 343 judicas
1405 284 1656 344 aequitatem
1671 287 1703 328 ².
1723 303 1743 326 »

358 357 455 402 Sive
482 354 614 399 Filius
639 354 754 399 Patri
773 354 914 410 dicat,
939 354 1016 414 qui
1041 355 1169 398 etiam
1191 355 1299 398 illud
1329 355 1435 398 dixit
1465 375 1474 399 :
1505 358 1643 401 «Non
1665 356 1748 400 ha·-

357 445 377 468 >›
414 427 536 470 bercs
562 426 606 469 in
628 442 698 470 me
727 435 1008 485 potestatem,
1040 425 1120 468 nisi
1147 425 1227 469 tibi
1251 425 1402 469 datum
1434 425 1587 470 fuisset
1615 425 1747 471 desu-

354 516 374 538 »
412 503 488 557 p‘cr
502 500 535 555 2,
555 515 575 538 »
602 497 793 557 idipsum
817 496 872 540 ad
894 496 1148 556 {equitatem
1175 495 1312 539 Patris
1334 505 1376 539 et
1399 488 1461 540 ad
1476 495 1649 541 occulta
1670 512 1748 541 sua

353 566 546 612 referens
564 602 575 622 ,
613 566 733 627 quod
754 565 890 626 judex
913 565 1142 609 hominum
1176 565 1231 609 ad
1252 564 1486 610 utilitatem
1518 567 1750 611 hominum

347 638 570 699 judicatus
589 647 652 681 est
673 657 681 681 :
709 637 796 681 sive
817 637 951 681 homo
975 636 1092 681 dicat
1112 640 1225 692 Deo,
1255 655 1274 678 «
1297 635 1451 681 Sedisti
1474 652 1601 697 super
1624 637 1748 682 thro—

354 729 374 751 »
412 725 520 753 num
542 709 618 769 qui
635 707 804 769 judicas
832 708 1080 768 aequitatem
1095 743 1106 762 ,
1136 726 1156 748 »
1183 708 1372 752 animam
1394 723 1517 752 suam
1539 709 1749 760 thronum

352 781 446 840 ejus
465 778 703 840 appellans,
724 788 775 823 ut
796 794 954 839 corpus
971 779 1027 823 sit
1042 777 1223 822 fortasse
1238 787 1366 834 terra,
1392 795 1491 839 quae
1511 778 1750 825 scabellum

351 851 514 911 pedum
534 852 625 911 ejus
638 850 753 894 dicta
767 853 852 894 est³
869 870 877 895 ε
900 853 1014 894 Deus
1032 851 1148 894 enim
1166 859 1257 894 erat
1272 851 1317 894 in
1338 850 1512 895 Christo
1533 850 1749 895 mundum

352 922 637 967 reconcilians
658 923 738 966 sibi
754 923 768 947 ⁴
786 942 795 967 2
821 922 908 966 sive
921 921 1062 966 anima
1081 921 1286 966 Ecclesiae
1293 923 1384 982 jam
1397 920 1588 981 perfecta
1604 931 1647 966 et
1658 921 1750 966 sine

352 993 522 1038 macula
546 1002 589 1036 et
617 1009 724 1052 ruga
740 995 773 1048 ⁵,
799 992 929 1050 digna
952 991 1116 1037 scilicet
1138 992 1317 1036 occultis
1341 992 1463 1048 Filii,
1485 992 1585 1053 quia
1608 993 1749 1038 intro-

347 1063 470 1108 duxit
492 1079 587 1107 eam
614 1079 688 1107 rex
720 1064 765 1107 in
791 1062 1048 1108 cubiculum
1081 1078 1210 1106 suum
1228 1064 1261 1117 ⁶,
1288 1062 1404 1108 dicat
1434 1078 1593 1122 sponso
1630 1079 1710 1108 suo
1736 1082 1746 1108 ε

360 1154 380 1177 α
408 1133 565 1179 Sedisti
597 1150 726 1196 super
750 1135 962 1179 thronum
990 1134 1066 1195 qui
1092 1133 1262 1195 judicas
1294 1135 1568 1195 aequitatem,
1593 1153 1614 1176 »
1650 1135 1751 1195 quia

352 1206 619 1250 resurrexisti
644 1223 666 1250 a
688 1207 887 1261 mortuis,
913 1215 956 1250 et
978 1205 1211 1250 ascendisti
1226 1206 1271 1249 in
1290 1205 1472 1261 coelum,
1498 1215 1542 1250 et
1555 1206 1676 1250 sedes
1695 1205 1752 1250 ad

357 1277 555 1321 dextram
587 1278 724 1322 Patris
751 1297 759 1322 :
791 1276 1001 1339 quaelibet
1024 1293 1127 1335 ergo
1145 1277 1302 1320 harum
1325 1277 1540 1324 sententia
1564 1276 1748 1337 placeat,

355 1364 445 1409 quo
468 1349 548 1392 iste
569 1364 718 1393 versus
736 1347 966 1405 referatur,
989 1347 1185 1407 regulam
1208 1346 1311 1391 fidei
1329 1364 1420 1393 non
1445 1348 1631 1392 excedit.

413 1421 512 1463 VII.
553 1438 572 1461 «
599 1419 836 1478 Increpasti
855 1429 1029 1478 gentes,
1061 1428 1103 1462 et
1140 1418 1267 1478 periit
1298 1419 1500 1478 impius⁷.
1519 1437 1538 1460 η
1576 1421 1752 1464 Conve-

354 1490 545 1534 nientius
566 1490 650 1534 hoc
684 1490 870 1534 Domino
895 1493 999 1534 Jesu
1020 1489 1194 1535 Christo
1216 1488 1323 1545 dici,
1350 1506 1483 1551 quam
1506 1489 1648 1550 ipsum
1683 1489 1750 1534 di-

354 1576 479 1615 cere,
517 1560 768 1620 accipimus.
795 1561 901 1614 Quis
935 1560 1051 1604 enim
1084 1559 1192 1603 alius
1228 1560 1470 1620 increpavit
1498 1570 1673 1619 gentes,
1709 1570 1753 1605 et

355 1632 484 1692 periit
514 1631 673 1690 impius
691 1667 701 1686 ,
734 1631 814 1675 nisi
849 1632 924 1692 qui
961 1641 1245 1692 posteaquam
1274 1631 1468 1676 aseendit
1493 1631 1539 1675 in
1561 1630 1748 1687 coelum,

354 1703 471 1746 misit
513 1702 722 1762 Spiritum
757 1711 956 1746 sanctum
975 1738 984 1757 ,
1027 1718 1116 1764 quo
1152 1702 1359 1761 completi
1394 1702 1613 1762 Apostoli,
1650 1717 1752 1746 cum

354 1772 515 1817 fiducia
537 1772 826 1832 praedicarent
846 1774 1031 1817 verbum
1056 1773 1154 1828 Dei,
1180 1782 1223 1816 et
1244 1782 1420 1832 peccata
1442 1772 1673 1817 hominum
1697 1772 1752 1817 li-

356 1846 459 1889 bere
498 1848 760 1904 arguerent?
798 1848 892 1899 Qua
925 1845 1222 1904 increpatione
1259 1845 1387 1904 periit
1423 1844 1621 1904 inipiu53'j
1648 1844 1751 1905 quia

350 1916 612 1977 justificatus
628 1925 692 1960 est
712 1916 887 1975 impius,
913 1925 956 1960 et
979 1915 1117 1959 sactus
1140 1925 1204 1959 est
1223 1916 1335 1975 pius.
1367 1935 1386 1957 ι(
1406 1918 1575 1960 Nomen
1599 1930 1751 1961 eorum

358 2006 379 2028 »
415 1986 566 2031 delesti
596 1987 638 2030 in
661 1986 896 2042 saeculum,
924 1996 967 2031 et
990 1987 1035 2030 in
1057 1986 1267 2031 saeculum
1285 1985 1475 2030 saeculiss.
1502 2004 1521 2027 »
1548 1985 1749 2030 Delctum

355 2067 419 2102 est
453 2074 614 2102 nomen
636 2059 885 2118 impierum.
921 2061 1020 2103 Non
1052 2058 1167 2102 enim
1193 2057 1469 2117 appellantur
1491 2058 1641 2118 impii,
1674 2057 1750 2118 qui

354 2133 444 2174 Deo
464 2146 568 2174 vero
595 2131 795 2174 credunt.
828 2129 1007 2174 Deletur
1030 2139 1175 2173 autem
1205 2145 1365 2173 nomen
1386 2145 1535 2174 eorum
1562 2149 1581 2171 «
1596 2133 1647 2173 In
1666 2145 1748 2173 sae-

356 2219 376 2242 »
403 2200 552 2245 culum
568 2237 578 2256 ,
599 2220 618 2242 »
645 2201 690 2245 id
713 2211 796 2256 est,
824 2199 1021 2261 quandiu
1044 2200 1283 2260 temporale
1306 2200 1514 2245 saeculum
1537 2200 1743 2245 volvitur.

358 2291 377 2313 «
402 2274 460 2316 Et
482 2273 526 2315 in
541 2273 750 2317 saeculum
771 2270 933 2317 saeculi.
962 2290 982 2313 »
1009 2271 1127 2325 Quid
1149 2281 1212 2316 est
1231 2272 1441 2316 saeculum
1463 2271 1610 2316 saeculi
1629 2308 1639 2327 ,
1666 2272 1749 2316 nisi

351 2345 476 2404 cujus
499 2345 686 2403 elligiem
711 2354 753 2389 et
781 2354 992 2404 tanquam
1017 2343 1217 2388 umbram
1241 2345 1374 2388 habet
1391 2345 1475 2388 hoc
1504 2343 1746 2388 saeculum?

352 2414 612 2460 Vicissitudo
635 2416 750 2459 enim
773 2425 1021 2475 temporum
1039 2415 1120 2460 sibi
1138 2415 1489 2471 succedentium,
1511 2414 1617 2461 dum
1638 2414 1744 2459 luna

400 2518 408 2534 ¹
432 2513 511 2543 Psal.
536 2525 586 2553 lx,
607 2514 637 2545 5.
664 2531 703 2535 —
725 2521 737 2535 ²
755 2515 846 2545 Joan.
869 2525 939 2554 xix,
968 2525 1018 2544 11.
1041 2529 1077 2535 --
1093 2511 1304 2553 31sa'1'.1„xv1,
1325 2524 1352 2544 ῐ.
1371 2513 1438 2543 -4
1456 2522 1474 2545 2
1490 2516 1563 2546 Cor.
1584 2524 1615 2555 v,
1633 2524 1683 2555 19.
1704 2529 1742 2533 —

354 2565 368 2589 ⁵
383 2569 496 2609 Epnos.
520 2578 550 2609 v,
569 2577 623 2610 27.
644 2586 685 2591 —-
699 2567 714 2589 ’ἶ
740 2571 830 2600 Cant.
851 2581 882 2609 1,
900 2568 928 2600 3.
948 2587 989 2591 —-
1008 2575 1022 2601 7
1045 2568 1234 2610 Psat.1x‚6.
1253 2586 1295 2591 —
1310 2567 1324 2589 ⁵³
1343 2568 1424 2601 Ibid.
