1833 3284
376 228 460 264 :392
811 239 843 264 s.
880 236 1111 265 Accus'rim
1144 240 1323 266 EPlSCOI’l

374 304 513 362 capite
536 302 661 346 illum
682 302 1025 361 Evangelistam,
1056 304 1132 363 qui
1150 304 1351 349 ructabat
1375 303 1497 364 quod
1519 303 1688 349 biberat
1708 303 1763 348 de

374 382 548 434 pectore
586 372 806 426 Domini1,
853 373 1076 418 videamus
1104 374 1138 417 si
1171 377 1285 419 Deus
1318 383 1382 419 cst
1412 374 1624 419 Christus.
1676 377 1765 419 «In
1827 431 1828 436 Ἰ

376 462 395 484 2)
419 443 633 502 principio
657 452 748 487 erat
766 443 960 487 Verbum
974 480 984 499 ,
1011 454 1054 488 ct
1071 444 1264 489 Verbum
1287 453 1378 489 erat
1395 443 1513 505 apud
1532 447 1671 490 Deum
1687 479 1698 500 ,
1721 453 1765 489 et
1827 444 1828 458 ¹

375 533 395 555 »
418 517 532 558 Deus
555 523 646 558 crat
666 515 863 558 Verbum
876 518 908 558 ².
937 533 957 555 η
986 518 1134 575 Ipsum
1163 531 1265 576 ergo
1283 516 1478 560 Verbum
1501 514 1619 577 quod
1649 519 1764 561 Deus
1826 513 1828 526 '

372 594 465 630 erat
492 605 500 630 z
532 605 551 627 «
577 587 688 631 Caro
717 584 883 630 factum
906 596 990 643 est,
1016 596 1058 631 et
1080 588 1293 633 habitavit
1316 589 1362 633 in
1378 588 1521 633 nobis.
1546 590 1764 632 »Etcum
1826 633 1828 642 ¹

373 657 570 700 Verbum
607 659 721 701 Deus
749 655 916 702 factum
939 667 1051 702 esset
1072 674 1173 704 caro
1190 693 1200 710 ,
1224 659 1447 719 pendebat
1469 659 1515 703 in
1538 674 1668 704 cruce
1684 693 1696 714 ,
1722 667 1766 703 et
1826 656 1828 669 '

375 728 582 772 dicebat?
605 731 751 772 «Deus
771 743 910 784 meus,
938 732 1053 773 Deus
1074 745 1213 785 meus,
1230 730 1394 790 respice
1408 745 1478 774 me
1505 749 1513 775 ε
1540 745 1675 790 quare
1696 745 1767 773 me

379 821 396 841 »
410 798 736 860 dereliquistiP»
757 801 900 852 Quare
915 798 1091 856 dicitur,
1110 800 1191 845 nisi
1204 802 1306 862 quia
1319 817 1396 845 nos
1409 801 1470 845 ibi
1484 816 1671 856 eramus,
1683 799 1766 844 nisi

372 871 476 932 quia
494 886 651 930 corpus
665 871 825 915 Christi
838 871 1077 916 Ecclesia3P
1097 874 1154 917 Ut
1175 873 1282 933 quid
1296 871 1404 917 dixit
1427 892 1435 917 2
1457 892 1476 914 «
1490 875 1603 917 Deus
1618 887 1763 927 meus,

374 961 394 983 »
413 946 526 987 Deus
539 957 678 996 meus,
697 942 859 1002 respice
873 957 965 998 me,
981 958 1116 1003 quare
1137 959 1208 987 me
1218 942 1502 1004 dereliquisti,
1521 962 1542 985 »
1563 942 1643 987 nisi
1661 959 1766 1004 quo·
1825 939 1827 951 '

368 1013 472 1058 dam
484 1012 617 1057 modo
626 1013 817 1057 intentos
827 1029 905 1058 nos
917 1013 1080 1058 faciens
1093 1023 1136 1058 et
1148 1013 1315 1059 dicens:
1331 1014 1525 1059 Psalmus
1536 1014 1616 1058 iste
1629 1012 1684 1058 de
1697 1029 1766 1058 me
1824 1018 1826 1061 ἔ

370 1085 555 1145 scriptus
569 1086 659 1128 est?
685 1104 706 1126 (ι
722 1087 870 1143 Longe
885 1101 909 1128 a
931 1084 1069 1129 salute
1083 1100 1177 1129 mea
1190 1120 1200 1140 ,
1224 1085 1358 1130 verba
1371 1083 1629 1129 delictorum
1642 1100 1765 1130 meo-
1824 1074 1826 1090 ’

373 1175 394 1199 )›
412 1171 525 1200 rum.
541 1173 560 1196 >›
579 1157 778 1208 Quorum
791 1154 1068 1211 delictorum,
1087 1154 1142 1199 de
1157 1172 1245 1217 quo
1261 1156 1429 1200 dictum
1442 1164 1526 1200 est:
1543 1155 1653 1209 «Qui
1664 1171 1766 1215 pec-

375 1252 392 1272 »
429 1236 578 1272 catum
604 1243 693 1271 non
709 1225 832 1281 fecit,
860 1242 940 1270 nec
959 1226 1161 1270 inventus
1183 1236 1246 1271 est
1261 1225 1388 1272 dolus
1411 1227 1457 1271 in
1485 1242 1558 1272 ore
1578 1227 1721 1287 ejus⁴9
1740 1246 1761 1268 »

369 1297 603 1353 Quomodo
625 1313 728 1357 crgo
744 1296 849 1341 dicit
868 1295 1167 1341 «Delictorum
1182 1312 1378 1342 meorum
1398 1317 1406 1342 :
1428 1315 1448 1338 »
1466 1297 1548 1341 nisi
1566 1297 1666 1357 quia
1685 1313 1766 1357 pro
1822 1315 1825 1339 ε

370 1369 539 1415 delictis
561 1369 718 1413 nostris
740 1369 830 1429 ipse
852 1377 1071 1428 precatur,
1098 1378 1141 1413 et
1163 1368 1320 1413 delicta
1342 1378 1487 1413 nostra
1508 1385 1583 1413 sua
1606 1368 1765 1414 delicta
1822 1355 1824 1411 i

369 1441 490 1493 fecit,
516 1450 567 1485 ut
583 1440 797 1501 justitiam
820 1455 941 1484 suam
964 1449 1154 1484 nostram
1174 1440 1384 1500 justitiam
1405 1440 1600 1484 faceret?

430 1515 506 1558 IV.
548 1531 568 1554 «
589 1516 703 1557 Deus
741 1526 888 1566 meus,
925 1511 1126 1555 clamabo
1159 1510 1216 1555 ad
1248 1521 1291 1556 te
1319 1526 1396 1571 per
1422 1510 1537 1555 diem
1556 1546 1567 1567 ,
1605 1519 1648 1555 et
1675 1526 1767 1556 non
1822 1517 1824 1555 ἱ

371 1607 392 1629 »
430 1584 661 1642 exaudies,
703 1593 745 1628 et
772 1592 928 1638 nocte,
960 1593 1003 1627 et
1035 1599 1125 1628 non
1156 1582 1213 1627 ad
1240 1583 1533 1643 insipientiam
1558 1583 1764 1627 mihi⁵.·»

369 1657 485 1703 Dixit
510 1656 664 1716 ntique
697 1656 752 1699 de
787 1669 857 1698 me
874 1689 885 1710 ,
919 1655 974 1697 de
1000 1663 1068 1709 te,
1106 1652 1162 1698 de
1183 1652 1274 1698 illo.
1300 1656 1469 1714 Corpus
1491 1653 1608 1698 enim
1636 1669 1767 1698 suum
1822 1643 1823 1666 ³

370 1728 576 1790 gerebat,
613 1725 659 1769 id
679 1735 766 1780 est,
802 1723 1056 1768 Ecclesiam,
1096 1724 1185 1770 Nisi
1214 1723 1326 1769 forte
1360 1725 1522 1785 putatis
1537 1759 1548 1780 ,
1583 1723 1736 1769 fratres
1750 1759 1762 1780 ,
1820 1782 1821 1788 1

365 1800 485 1863 quia,
507 1796 685 1859 quando
703 1795 810 1840 dixit
831 1794 1042 1840 Dominus
1069 1814 1077 1840 ε
1107 1799 1284 1851 «Pater,
1300 1795 1335 1840 si
1357 1796 1449 1839 fieri
1471 1804 1629 1856 potest,
1645 1804 1766 1840 tran-
1820 1804 1822 1840 ὲ

372 1891 393 1915 >›
421 1879 511 1915 seat
533 1885 555 1913 a
577 1883 647 1911 mc
675 1866 787 1912 calix
818 1866 897 1910 iste
913 1867 946 1921 ⁶,
971 1884 991 1906 ³)
1023 1865 1135 1910 mori
1159 1865 1352 1910 timebat.
1386 1869 1486 1912 Non
1519 1874 1583 1910 est
1610 1865 1766 1911 fortior
1820 1880 1821 1925 ᾗ

369 1942 494 1988 miles
512 1977 523 1997 ,
550 1954 683 2000 quam
706 1938 958 1998 imperator.
983 1956 1000 1977 «
1026 1936 1196 1982 Sufficit
1211 1952 1335 1982 servo
1352 1946 1403 1981 ut
1421 1937 1474 1981 sit
1487 1936 1598 1982 sicut
1620 1935 1765 1982 domi—
1820 1959 1821 1984 3

373 2035 395 2058 >›
422 2030 503 2058 nus
530 2014 623 2074 ejus
636 2013 665 2055 ⁷.
699 2032 716 2052 »
744 2009 905 2054 Paulus
929 2009 1061 2065 dicit,
1092 2009 1214 2054 miles
1237 2009 1348 2069 regis
1371 2010 1529 2055 Christi
1555 2029 1564 2054 z
1593 2029 1613 2052 «
1629 2012 1765 2055 Com-

373 2110 391 2129 »
419 2084 559 2145 pellor
595 2099 617 2127 e
650 2082 824 2127 duobus
857 2081 1254 2141 concupiscentiam
1290 2081 1457 2125 habens
1496 2080 1692 2137 dissolvi,
1722 2089 1767 2126 et

371 2178 393 2201 >›
419 2172 509 2201 esse
539 2171 641 2199 cum
682 2153 905 2198 Christos.
930 2170 950 2192 »
982 2151 1063 2195 Ille
1092 2160 1214 2211 optat
1254 2160 1462 2207 mortem,
1498 2161 1549 2196 ut
1580 2152 1634 2196 sit
1663 2167 1766 2196 cum
1818 2204 1820 2207 v

369 2229 544 2275 Christo
560 2263 571 2283 ,
595 2235 638 2270 et
658 2226 748 2285 ipse
770 2224 966 2269 Christus
986 2223 1108 2267 timet
1128 2225 1340 2267 mortem?
1364 2221 1448 2268 Sed
1471 2221 1578 2283 quid
1600 2222 1680 2266 nisi
1697 2223 1766 2266 in-
1818 2281 1819 2287 1

367 2300 620 2346 firmitatem
643 2305 833 2340 nostram
851 2293 1069 2354 portabat,
1090 2303 1132 2337 et
1155 2308 1235 2352 pro
1256 2294 1321 2337 his
1343 2294 1419 2354 qui
1443 2293 1586 2338 adhuc
1608 2294 1766 2338 timent
1818 2313 1820 2328 ὲ

369 2380 558 2416 mortem
575 2369 621 2412 in
639 2382 820 2427 corpore
838 2381 916 2409 suo
930 2365 1174 2409 constitutis
1190 2400 1200 2420 ,
1225 2364 1304 2409 ista
1328 2363 1531 2408 dicebat?
1546 2364 1655 2408 Inde
1671 2372 1765 2408 erat
1817 2361 1819 2396 ἕ

372 2441 446 2487 illa
471 2457 554 2485 vox
571 2475 582 2495 ,
614 2438 910 2482 membrorum
932 2436 1063 2495 ipsius
1085 2451 1168 2480 vox
1189 2444 1301 2490 erat,
1323 2451 1413 2480 non
1435 2435 1586 2495 capitis
1602 2470 1613 2490 ,
1638 2434 1698 2479 sic
1720 2443 1764 2479 et

421 2544 430 2560 ¹
452 2534 703 2577 .¹0an.x1u‚-23.
726 2553 767 2556 —
790 2541 802 2556 2
822 2534 868 2565 11⁷1.
891 2544 915 2574 1,
944 2544 971 2565 1.
993 2550 1034 2554 —
1062 2529 1209 2575 3Ephcs.
1231 2544 1252 2574 1,
1279 2531 1333 2564 23.
1353 2551 1395 2554 —
1414 2530 1429 2562 4
1451 2544 1463 2564 1
1483 2534 1570 2564 Petr.
1592 2542 1629 2573 ιι,
1645 2540 1700 2563 22.
1720 2546 1762 2554 ·-·

370 2593 480 2628 5135211.
501 2604 569 2634 χχι,
585 2591 616 2623 5.
639 2608 680 2614 —-
699 2589 713 2613 ⁴5·
733 2590 847 2623 Manli.
866 2600 956 2629 xxvl,
974 2589 1027 2632 39.
1047 2606 1087 2611 ·-
1101 2596 1115 2622 ’ἵ
1135 2589 1181 2620 Id.
1199 2600 1231 2630 x,
1254 2588 1308 2621 25.
1330 2605 1372 2611 ——
1391 2587 1406 2610 8
1431 2587 1546 2630 Philip.
1566 2599 1589 2629 1,
1608 2587 1661 2619 23.
