1833 3284
371 177 455 216 300
795 184 829 214 S.
866 184 1096 214 AUGUSTINI
1129 186 1315 215 EPISCOP1

373 273 390 294 »
427 251 585 295 timetis
608 251 843 295 Dominum
865 270 873 295 :
895 249 1066 294 laudate
1082 265 1203 306 eum,
1232 271 1249 292 »
1269 249 1491 295 videamus
1518 249 1551 295 si
1577 249 1639 294 illi
1661 249 1758 295 lau-

366 322 473 365 dant
497 321 756 376 Dominum,
793 330 836 364 et
857 319 1150 379 intelligamus
1172 321 1204 365 si
1232 321 1286 365 de
1307 321 1407 381 ipsis
1429 320 1554 375 dicit,
1581 330 1625 365 et
1652 321 1685 365 si
1712 322 1758 367 in

366 393 510 436 medio
528 391 730 436 Ecclesiae
744 392 935 451 ipsorum
948 391 1168 436 laudatur.
1181 391 1412 446 Quomodo
1424 390 1759 437 laudautChris-

369 472 477 517 tum,
493 462 568 522 qui
584 462 760 508 dicunt:
778 462 972 507 Perdidit
986 471 1127 507 totum
1146 464 1295 507 orbem
1313 473 1539 519 terrarum,
1557 462 1757 507 diabolus

364 532 427 576 illi
456 542 600 577 totum
622 533 827 588 abstulit,
853 542 896 578 et
918 533 963 577 in
985 543 1107 594 parte
1127 534 1216 593 ipse
1239 534 1475 579 remansit?
1499 533 1584 579 Sed
1613 533 1756 579 adhuc

364 603 602 660 videamus,
627 605 815 664 apertius
838 604 969 661 dieat,
991 606 1180 666 apertius
1202 605 1409 667 loquatur
1427 621 1541 650 :non
1563 606 1618 649 sit
1635 605 1756 666 quod

364 677 662 735 interpretari,
690 693 779 721 non
801 677 855 722 sit
876 677 997 738 quod
1025 678 1245 738 suspicari.
1276 697 1292 718 «
1318 678 1576 722 Universum
1610 692 1756 722 semen

368 766 385 787 »
421 747 557 791 Jacob
580 748 852 806 magnificate
875 763 991 792 eum.
1016 769 1032 789 »
1056 751 1186 793 Forte
1205 748 1348 793 adhuc
1369 748 1524 793 dicunt
1543 767 1550 793 :
1571 750 1658 793 Nos
1680 763 1756 792 su-

361 833 457 862 mus
480 834 627 863 semen
650 819 802 864 Jacob.
832 820 873 865 Si
895 820 981 864 sint
1002 820 1107 881 ipsi,
1133 819 1369 865 videamus.

420 893 559 935 XXV.
578 910 594 931 <‹
611 892 777 936 Timeat
790 908 892 936 eum
906 908 1036 937 omne
1047 908 1195 937 semen
1211 892 1356 937 Israel¹
1368 928 1375 936 .
1388 912 1404 933 »
1417 891 1574 936 Adhuc
1584 891 1751 936 dicant:

359 964 445 1008 Nos
463 978 611 1006 sumus
631 978 778 1007 semen
799 962 931 1007 Israel
950 983 958 1008 :
981 962 1300 1023 permittamus,
1319 962 1482 1007 dicant.
1503 982 1520 1003 «
1538 962 1756 1016 Quoniam

362 1052 381 1074 »
417 1049 507 1077 non
534 1034 696 1093 sprevit
715 1049 858 1094 neque
886 1034 1079 1094 despexit
1105 1049 1279 1094 precem
1302 1049 1560 1095 pauperum.
1587 1054 1604 1075 »
1631 1036 1753 1087 Quo-

357 1120 455 1148 rum
476 1107 752 1165 pauperum?
773 1108 871 1151 Non
898 1105 953 1150 de
978 1121 1021 1150 se
1048 1106 1421 1166 praesumentium.
1457 1104 1692 1149 Videamus
1719 1105 1754 1148 si

357 1191 568 1235 pauperes
586 1186 710 1232 sunt,
736 1177 813 1237 qui
835 1176 1015 1222 dicunt:
1041 1196 1059 1218 «
1080 1179 1166 1223 Nos
1195 1192 1345 1221 sumus
1363 1177 1489 1237 justi.
1514 1196 1531 1217 »
1556 1176 1753 1220 Christus

355 1245 533 1291 clamat:
557 1266 573 1287 «
593 1250 740 1306 Longe
755 1264 776 1292 a
791 1247 929 1292 salute
943 1264 1039 1292 mea
1052 1248 1185 1292 verba
1199 1247 1458 1292 delictorum
1470 1249 1712 1291 meoruin2.
1731 1266 1749 1288 »

357 1316 443 1361 Sed
474 1317 618 1362 adhuc
647 1317 795 1363 dicant
821 1318 944 1379 quod
975 1318 1145 1364 volunt.
1183 1337 1200 1359 «
1227 1322 1380 1379 Neque
1412 1318 1568 1362 avertit
1595 1316 1752 1362 faciem

357 1407 375 1429 »
412 1403 535 1432 suam
557 1405 580 1433 a
600 1405 691 1444 me,
717 1398 879 1434 etcum
901 1390 1133 1434 clamarem
1157 1390 1213 1434 ad
1231 1405 1348 1446 eum,
1368 1388 1589 1435 exaudivit
1601 1389 1711 1433 me3.
1729 1407 1747 1430 »

355 1460 411 1503 Ut
432 1459 540 1519 quid
563 1460 786 1505 exaudivit
804 1480 812 1506 :
840 1460 895 1505 ad
918 1477 1050 1522 quam
1068 1463 1190 1506 rem?

412 1531 576 1574 XXVI.
599 1531 763 1591 «Apud
779 1541 821 1576 te
837 1540 901 1577 est
913 1531 1007 1576 laus
1021 1533 1151 1576 mea4.
1168 1552 1186 1574 »
1202 1532 1336 1591 Apud
1347 1535 1489 1577 Deum
1502 1530 1647 1591 posuit
1659 1530 1750 1574 lau-

351 1600 452 1644 dem
470 1617 593 1646 suam
607 1637 617 1657 ‚
637 1601 789 1647 docuit
806 1619 897 1647 non
914 1603 1119 1663 praesumi
1137 1602 1182 1647 in
1204 1602 1396 1647 homine.
1422 1601 1580 1647 Adhuc
1602 1600 1750 1646 dicant

350 1670 472 1730 quod
485 1671 654 1717 volunt.
667 1676 690 1717 J
697 1689 766 1718 am
779 1673 958 1734 quidem
972 1683 1238 1734 coeperuntu
1246 1674 1296 1729 ri,
1308 1674 1443 1734 coepit
1454 1673 1749 1733 propinquare

350 1741 460 1800 ignis
476 1762 484 1789 ε
503 1762 519 1783 «
534 1746 632 1788 Non
651 1746 803 1805 estqui
819 1761 863 1789 se
877 1746 1116 1790 abscondat
1128 1762 1151 1789 a
1165 1744 1306 1790 calore
1324 1746 1449 1805 ejus&
1468 1766 1484 1787 »
1504 1743 1588 1789 Sed
1603 1743 1748 1788 adhuc

350 1812 498 1858 dicant
522 1834 530 1859 :
556 1818 613 1859 Et
635 1831 712 1860 nos
732 1815 851 1876 apud
873 1816 999 1861 illum
1022 1815 1200 1860 laudem
1223 1825 1414 1860 nostram
1435 1815 1676 1876 posuimus,
1703 1823 1747 1859 et

349 1899 426 1928 nos
450 1885 496 1928 in
515 1886 641 1930 nobis
660 1903 750 1931 non
766 1887 1089 1947 praesumimus,
1105 1886 1251 1931 dicant
1270 1886 1431 1931 adhuc.
1449 1905 1467 1926 «
1487 1888 1539 1930 In
1553 1884 1746 1930 Ecclesia

352 1974 370 1996 »
406 1970 564 2014 magna
586 1957 831 2002 confitebor
846 1957 939 2001 tibi.
965 1978 982 1999 »
1001 1960 1098 2001 ,Iam
1119 1958 1190 2002 hic
1205 1966 1334 2017 puto,
1356 1957 1458 2017 quia
1479 1956 1616 2016 coepit
1636 1956 1746 1999 inte-

347 2025 459 2070 riora
483 2036 676 2086 tangere.
698 2028 892 2073 Ecclesia
914 2044 1070 2087 magna
1092 2029 1200 2089 quid
1223 2038 1308 2084 est,
1327 2025 1745 2087 fratres?Numquid

346 2095 502 2154 exigua
528 2114 626 2157 pars
650 2099 767 2143 orbis
794 2108 1010 2144 terrarum
1033 2099 1224 2144 Ecclesia
1253 2114 1410 2156 magna
1433 2099 1524 2142 est?
1549 2096 1743 2142 Ecclesia

345 2180 501 2224 magna
525 2177 641 2213 totus
661 2169 778 2213 orbis
801 2178 879 2214 est.
906 2169 1039 2214 Modo
1053 2170 1087 2214 si
1099 2170 1194 2230 quis
1208 2167 1312 2213 velit
1329 2168 1502 2214 Christo
1525 2166 1742 2212 contradi-

343 2252 461 2282 cere:
479 2240 555 2284 Dic
571 2240 718 2285 nobis:
737 2244 803 2284 Tu
817 2241 960 2285 dixisti
982 2260 990 2286 z
1012 2260 1028 2281 «
1053 2244 1105 2284 In
1120 2239 1310 2284 Ecclesia
1323 2254 1476 2298 mag-na
1495 2239 1742 2284 confitebor

348 2328 365 2348 »
404 2308 505 2354 tibi:
533 2330 549 2351 »
566 2326 666 2371 quae
686 2311 877 2356 Ecclesia
896 2313 1080 2371 magna?
1094 2311 1163 2356 Ad
1185 2310 1374 2355 frustum
1391 2310 1551 2355 Africae
1573 2325 1740 2354 reman-

342 2377 454 2434 sisti,
481 2389 623 2425 totum
643 2381 861 2427 mundum
882 2381 1107 2442 perdidisti
1131 2402 1139 2427 :
1166 2381 1360 2426 effudisti
1380 2382 1637 2440 sanguinem
1659 2395 1739 2440 pro

390 2481 398 2497 ¹
431 2477 513 2509 Psal.
544 2488 618 2517 xxi,
642 2479 697 2511 25.
720 2496 752 2502 ·-
782 2487 795 2502 ²
820 2479 900 2511 lbid.
926 2488 958 2511 2.
981 2496 1021 2502 —
1042 2477 1054 2503 3
1077 2480 1158 2512 Ibid.
1177 2480 1232 2512 ’,ὶῦ.
1252 2497 1294 2504 --
1314 2478 1330 2510 4
1351 2480 1431 2512 Ibid.
1458 2479 1513 2511 26.
1540 2495 1582 2502 —-
1607 2477 1622 2501 ⁵
1652 2477 1732 2510 Psal.

343 2541 418 2563 xvni
430 2556 439 2570 ‚
457 2543 489 2574 7.
