1833 3284
418 277 660 308 ENARRATIO
692 281 739 307 ΙΝ
771 277 973 307 PsALMUM
1006 281 1065 306 IV.
1351 266 1433 304 137

46 344 144 396 post
171 334 505 395 poenitentiam?
525 337 634 379 Nam
662 343 705 378 et
734 334 1037 392 interpositum
1065 351 1084 375 (ι
1116 331 1429 391 Βίειρεε11η13,-»

44 422 136 451 non
168 405 355 450 absurde
387 405 575 450 fortassis
607 405 799 451 insinuat
828 405 958 448 etiam
993 403 1224 448 transitum
1257 402 1312 447 de
1344 403 1433 447 vita

43 477 201 532 veteri,
230 475 286 520 ad
306 476 439 521 vitam
471 491 628 521 novam
654 495 663 520 2
694 486 743 521 ut
776 475 967 519 extincto
998 473 1070 519 vel
1102 474 1322 518 infirmato
1355 488 1432 532 per

43 538 347 608 poenitentiam
382 556 529 592 vetere
553 546 746 601 homine,
778 545 1036 590 sacrificium
1061 544 1240 605 justitiae
1271 558 1430 589 secun-

43 617 150 662 dum
173 618 543 677 regenerationem
564 617 666 662 novi
688 617 876 662 hominis
903 617 1113 661 offeratur
1134 619 1240 670 Deo,
1264 630 1365 659 cum
1387 630 1432 659 se

43 689 174 734 offert
200 688 291 749 ipsa
308 689 460 743 >anima
485 690 575 750 jam
598 688 769 744 abluta,
801 698 844 732 et
869 688 1056 748 imponit
1080 688 1125 731 in
1149 686 1282 732 altare
1303 685 1428 741 fidei,

43 759 190 805 divino
216 761 340 819 igne,
364 759 411 804 id
432 769 516 816 est,
554 761 716 820 Spiritu
739 769 889 804 sancto
914 757 1325 818 comprehendenda
1347 777 1356 802 :
1381 766 1432 801 ut

41 831 122 876 iste
144 832 197 876 sit
219 846 389 886 sensus,
419 850 439 874 «
466 831 710 876 Sacrificate
744 831 999 875 sacrificium
1027 830 1230 890 justitiae,
1260 839 1304 873 et
1331 844 1430 888 spe-

45 919 66 943 »
100 910 192 946 rate
212 902 259 946 in
285 901 494 957 Domino,
521 920 542 943 »
574 901 620 946 id
641 911 726 957 est,
752 905 886 947 Recte
916 901 1072 955 vivite,
1098 910 1141 944 et
1161 909 1328 959 sperate
1350 898 1431 944 do·-

40 988 148 1017 num
165 973 348 1034 Spiritus
360 972 511 1029 sancti,
527 983 578 1018 ut
586 989 662 1018 vos
674 973 846 1028 veritas,
864 972 935 1017 cui
951 971 1207 1026 credidistis,
1223 970 1425 1016 illustret.

99 1047 223 1090 VIII.
252 1044 338 1090 Sed
359 1054 527 1100 tamen,
549 1064 570 1087 α
589 1047 765 1105 Sperate
785 1045 828 1089 in
850 1044 1061 1098 Domino,
1080 1061 1101 1085 »
1119 1041 1263 1087 clause
1286 1041 1430 1087 adhuc

40 1115 208 1161 dictum
238 1125 317 1160 est.
346 1119 585 1176 Sperantur
615 1127 762 1161 autem
794 1133 914 1177 quae,
937 1115 1019 1159 nisi
1041 1115 1186 1159 bona?
1211 1113 1293 1159 Sed
1326 1113 1430 1174 quia

39 1187 341 1248 unusquisque
362 1188 408 1232 id
424 1189 593 1232 honum
612 1187 709 1233 vult
725 1204 748 1232 a
764 1191 855 1233 Deo
872 1189 1106 1248 impetrare
1123 1186 1245 1247 quod
1261 1185 1426 1244 diligit,

39 1273 119 1302 nec
142 1257 268 1302 facile
285 1258 570 1309 inveniuntur
589 1259 666 1320 qui
688 1257 871 1317 diligant
893 1259 1010 1304 hona
1030 1257 1257 1307 interiora,
1277 1255 1322 1300 id
1341 1264 1425 1312 est,

39 1327 96 1373 ad
113 1329 365 1385 interiorem
398 1330 622 1374 hominem
650 1329 933 1390 pertinentia,
960 1345 1059 1390 quae
1086 1328 1175 1373 sola
1207 1326 1430 1386 diligenda

37 1408 161 1455 sunt,
188 1400 353 1444 caeteris
383 1409 531 1444 autem
562 1400 619 1444 ad
650 1401 951 1446 necessitatem
983 1400 1223 1453 utendum,
1253 1414 1344 1443 non
1374 1396 1430 1442 ad

38 1469 248 1530 gaudium
261 1469 600 1530 perfruendum:
617 1470 947 1526 admirabiliter,
964 1486 1066 1516 cum
1081 1469 1269 1524 dixisset,
1290 1488 1309 1510 «
1328 1471 1431 1528 Spe-

39 1560 60 1584 »
96 1551 188 1587 rate
203 1543 250 1586 in
263 1542 466 1598 Domino,
485 1561 505 1584 »
523 1542 721 1603 subjecit,
741 1562 761 1585 «
777 1542 909 1587 Multi
927 1543 1104 1588 dicunt:
1119 1542 1223 1595 Quis
1239 1540 1430 1586 ostendit

38 1631 60 1655 »
95 1613 220 1658 nobis
242 1613 417 1658 bonav?
441 1633 462 1655 »
488 1614 574 1667 Qui
595 1629 759 1669 sermo,
784 1623 827 1658 et
849 1630 949 1675 quae
971 1614 1252 1673 interrogatio
1281 1612 1430 1672 quoti-

37 1682 166 1729 diana
192 1694 257 1728 est
272 1682 470 1729 omnium
493 1684 729 1729 stultorum
747 1694 789 1729 et
812 1686 1085 1745 iniquorum,
1110 1685 1198 1728 sive
1216 1699 1367 1744 pacem
1387 1692 1431 1728 et
1474 1737 1480 1742 Ι

37 1755 398 1816 tranquillitatem
425 1756 526 1801 vitae
553 1755 771 1800 saecularis
799 1755 1163 1811 desiderantium,
1185 1764 1228 1799 et
1251 1764 1430 1815 propter

36 1826 362 1889 perversitatem
380 1826 549 1886 generis
561 1827 667 1870 hum
674 1827 745 1871 ani
756 1842 843 1872 non
858 1827 1190 1883 invenientium,
1206 1827 1283 1887 qui
1299 1826 1430 1870 ctiam

36 1896 141 1940 caeci
155 1911 356 1941 accusare
378 1895 543 1942 audent
559 1896 758 1942 ordinem
780 1913 943 1954 rerum,
968 1913 1070 1943 cum
1090 1896 1277 1942 involuti
1299 1896 1430 1941 meri-

0 1990 1 2006 1
36 1966 89 2011 tis
117 1967 203 2011 suis
232 1976 392 2027 putant
415 1977 611 2028 tempora
638 1983 729 2012 esse
755 1970 902 2028 pejora
930 1984 1064 2029 quam
1085 1969 1306 2028 praeterita
1330 1966 1428 2011 fue-

0 2046 1 2060 ³
35 2045 141 2081 runt
165 2055 174 2081 z
203 2037 293 2082 sive
326 2036 382 2081 de
409 2037 502 2096 ipsa
531 2036 680 2082 futura
710 2038 820 2093 vita,
846 2055 945 2099 quae
979 2039 1104 2083 nobis
1137 2038 1426 2099 promittitur,

35 2106 336 2152 dubitantium
365 2107 437 2151 vel
470 2107 817 2168 desperantium,
855 2110 932 2170 qui
965 2125 1079 2169 saepe
1113 2109 1295 2154 dicunt:
1321 2108 1428 2162 Quis

34 2178 159 2222 novit
183 2178 218 2222 si
238 2193 339 2222 vera
362 2187 485 2233 sunt,
512 2188 588 2223 aut
609 2179 706 2239 quis
727 2180 847 2224 venit
870 2180 924 2223 al)
945 2178 1110 2235 inferis,
1135 2189 1186 2223 ut
1205 2179 1285 2223 ista
1308 2194 1427 2223 nun-

36 2248 195 2292 tiaret?
216 2249 446 2307 Magnifice
466 2249 600 2308 igitur
617 2258 660 2293 et
676 2250 885 2304 breviter,
907 2250 981 2294 sed
998 2251 1258 2294 intrinsecus
1279 2250 1429 2293 viden-

35 2319 174 2374 tibus,
195 2318 385 2364 ostendit
406 2336 506 2380 quae
528 2321 643 2365 bona
661 2321 898 2381 quaerenda
920 2322 1028 2377 sint,
1047 2321 1313 2381 respondens
1330 2320 1429 2365 illo-

35 2405 134 2441 rum
165 2390 516 2448 interrogationi,
551 2391 628 2451 qui
661 2391 838 2447 dicunt,
872 2411 892 2433 «
929 2392 1034 2445 Quis
1073 2391 1266 2437 ostendit
1299 2391 1427 2436 nobis

36 2477 57 2502 »
91 2460 223 2505 bona.
244 2461 473 2519 Signatum
490 2471 576 2516 est,
593 2462 759 2522 inquit,
775 2463 821 2506 in
842 2463 969 2507 nobis
993 2462 1145 2507 lumen
1165 2465 1314 2508 vultus
1334 2464 1421 2519 tui,

39 2549 60 2572 »
95 2532 318 2577 Domine2.
346 2551 368 2574 n
405 2535 499 2578 Hoc
530 2533 681 2577 lumen
714 2543 778 2579 est
803 2543 946 2579 totum
974 2535 1161 2579 hominis
1195 2544 1239 2578 et
1269 2550 1423 2578 verum

86 2623 94 2638 ¹
113 2615 191 2649 Psal.
212 2627 258 2657 xv,
277 2615 310 2649 6.
332 2633 373 2639 —
387 2624 402 2639 ²
420 2617 503 2649 1b1d.
524 2629 555 2660 7.
1112 2641 1129 2656 ζ,
