1833 3284
370 220 456 259 282
815 230 849 256 s.
884 226 1116 256 Anevsnm
1150 228 1332 257 EPISCOPI

370 297 539 352 lorum,
568 296 670 355 quia
705 303 901 339 terrenus
930 303 1019 350 est,
1053 293 1208 354 perdes
1237 294 1293 338 de
1322 303 1450 339 terra.
1481 312 1502 337 «
1526 296 1585 340 Et
1615 310 1764 340 semen

369 387 390 410 n
426 381 576 412 eorum
599 382 623 411 a
643 365 739 410 filiis
760 366 1032 410 hominum1.
1053 383 1073 407 »
1094 368 1152 410 Et
1173 381 1301 425 opera
1324 365 1518 421 illorum,
1543 366 1612 411 vel
1629 382 1764 427 quos-

367 454 558 499 cumque
580 436 868 493 seduxerunt,
887 452 975 482 non
996 436 1228 497 deputabis
1251 438 1363 481 inter
1385 436 1498 482 filios
1515 437 1761 494 hominum,

368 525 478 571 quos
501 509 547 553 in
570 507 873 553 haereditatem
894 508 1204 568 sempiternam
1225 508 1405 554 vocasti.

424 582 529 625 XII.
548 579 802 633 «Quoniam
817 578 1149 624 declinaverunt
1168 578 1215 623 in
1236 588 1279 623 te
1301 578 1430 623 mala.
1450 595 1471 619 »
1494 580 1598 624 Haec
1618 587 1766 624 autem
1832 631 1833 646 γ

369 669 503 714 poena
525 652 792 697 retribuetur
812 651 872 696 eis
887 687 899 708 ,
919 651 1130 713 quoniam
1151 650 1264 696 mala
1286 667 1386 712 quae
1408 650 1489 695 sibi
1512 651 1763 708 imminere,
1831 653 1833 659 ⁴

368 733 411 769 te
434 732 659 783 regnante,
679 722 1022 779 arbitrabantur,
1040 723 1087 766 in
1104 732 1146 767 te
1163 721 1453 768 occidendum
1473 720 1762 767 detorserunt.

372 815 393 838 α
426 795 742 855 Cogitaverunt
753 793 1000 850 consilium,
1012 794 1133 855 quod
1147 809 1238 839 non
1250 802 1492 854 potuerunt
1506 792 1731 838 stabilirffl.
1741 811 1761 835 »

367 866 684 926 Cogitaverunt
705 865 934 911 consilium
950 900 961 922 ,
997 864 1191 910 dieentes
1221 884 1229 910 ;
1260 884 1280 907 «
1304 863 1493 924 Expedit
1520 879 1660 908 unum
1686 879 1768 924 pro

370 956 391 980 »
427 937 632 983 omnibus
655 937 827 982 mori³z
857 956 877 979 »
910 937 1032 998 quod
1053 953 1144 983 non
1165 945 1407 998 potuerunt
1438 934 1659 992 stabilire,
1689 950 1769 980 ne-

368 1010 550 1055 scientes
574 1008 683 1071 quid
699 1009 903 1054 dixerint.
1830 1004 1831 1027 ³

426 1083 553 1125 XIII.
580 1101 600 1124 «
624 1081 843 1135 Quoniam
865 1096 1000 1141 pones
1023 1096 1094 1125 eos
1118 1076 1340 1125 deorsum.
1366 1097 1386 1120 »
1409 1079 1627 1133 Quoniam
1649 1077 1769 1124 ordi·
1830 1108 1831 1137 ᾗ

366 1151 492 1196 nabis
509 1167 581 1197 eos
598 1152 644 1196 in
661 1152 743 1208 his,
766 1169 788 1196 a
807 1152 968 1212 quibus
992 1151 1238 1212 postpositis
1257 1162 1296 1195 et
1318 1150 1580 1210 contemptis
1598 1158 1768 1195 averte-

366 1223 438 1267 ris.
472 1243 493 1266 «
518 1226 570 1268 In
601 1223 793 1284 reliquiis
820 1223 905 1268 tuis
931 1223 1194 1283 praeparabis
1226 1221 1401 1267 vultum
1435 1236 1586 1267 eorum
1602 1222 1634 1266 4.
1665 1239 1684 1263 n
1711 1224 1769 1267 Et
1828 1243 1831 1274 J

366 1295 413 1338 in
430 1295 496 1339 his
513 1311 613 1356 quae
631 1294 856 1355 relinquis,
877 1294 923 1338 id
945 1304 1023 1351 est,
1046 1294 1093 1338 in
1110 1293 1426 1354 cupiditatibus
1445 1292 1569 1353 regni
1587 1293 1765 1349 terreni,
1828 1291 1831 1341 J

364 1365 631 1427 ‘praeparabis
653 1367 733 1411 tibi
757 1367 812 1412 ad
833 1367 1076 1428 passionem
1101 1366 1420 1427 impudentiam
1438 1380 1608 1411 eorum.

424 1441 543 1483 XIV.
580 1458 600 1481 «
630 1438 859 1494 Exaltare,
893 1439 1103 1494 Domine,
1148 1439 1195 1483 in
1226 1438 1388 1483 virtute
1421 1439 1543 1483 tua5.
1574 1455 1594 1479 »
1625 1439 1769 1491 Quem
1828 1476 1830 1482 ,

365 1509 578 1554 humilem
601 1526 691 1555 non
713 1519 1037 1569 cognoverunt,
1062 1509 1251 1554 exaltare
1266 1545 1277 1564 ,
1298 1509 1484 1554 Domine
1499 1545 1510 1565 ,
1539 1509 1583 1554 in
1603 1509 1767 1553 virtute
1828 1543 1829 1546 ,

365 1590 457 1631 tna,
478 1596 611 1642 quam
626 1581 926 1626 infirmitatem
948 1591 1230 1642 putaverunt.
1247 1601 1268 1624 «
1285 1581 1572 1627 Cantabimus
1590 1590 1633 1625 et
1650 1578 1769 1640 psal-

368 1668 389 1693 »
424 1651 562 1696 lemus
582 1652 764 1697 virtutes
786 1654 926 1697 tuasfi.
951 1670 971 1693 »
997 1651 1140 1698 Corde
1157 1661 1201 1698 et
1222 1668 1352 1713 opere
1375 1651 1695 1697 celebrabimus
1724 1660 1769 1696 et

365 1732 470 1768 nota
489 1723 700 1769 faciemus
716 1723 934 1768 mirabilia
956 1732 1049 1768 tua.

414 1849 422 1867 ¹
443 1843 525 1875 Psal.
547 1853 610 1886 xx,
633 1854 684 1875 11.
711 1860 752 1866 —
771 1848 784 1867 ²
804 1843 887 1877 Ibid.
916 1851 967 1876 12.
991 1860 1033 1867 --
1053 1840 1066 1867 3
1086 1844 1181 1876 Joan.
1202 1854 1257 1886 xi,
1276 1842 1329 1878 50.
1351 1860 1394 1867 -—-
1410 1841 1426 1873 4
1448 1841 1529 1876 Psal.
1548 1852 1613 1884 xx,
1647 1841 1697 1891 13.
1721 1858 1763 1864 —-

366 1897 381 1922 5
401 1899 482 1933 Ibid.
508 1898 560 1943 14.
576 1917 618 1924 -
636 1898 652 1924 6
674 1900 758 1934 nna.
