1833 3284
348 231 593 282 nizianam
625 255 657 280 11
690 254 734 281 nv
767 252 973 281 PSALMUM
1004 253 1097 280 xxl.
1323 239 1408 279 303

20 321 145 371 rum?
164 319 312 370 Africa
329 318 419 364 sola
437 318 662 378 redempta
682 319 778 363 est?
799 320 896 364 Non
923 316 1056 362 audes
1077 314 1221 361 dicere
1244 333 1254 361 2
1274 318 1408 361 Totus

20 391 136 440 orbis
169 390 420 451 redemptus
441 399 527 445 est,
559 389 635 434 sed
655 389 808 450 periit,
833 391 974 442 Quem
996 389 1241 433 invasorem
1260 401 1413 447 passus·

21 470 86 506 est
107 462 304 507 Christus
318 496 330 518 ,
355 469 408 506 ut
433 459 635 520 perderet
666 456 759 506 rem
779 461 932 504 suam?
953 477 970 499 α
992 461 1106 503 Ecce
1140 472 1411 503 commemo-

25 550 45 575 J>
79 531 316 587 rabuntur,
337 540 382 576 et
408 539 718 576 convertentur
740 529 795 575 ad
816 530 1052 575 Dominum
1083 528 1273 574 universi
1304 528 1412 573 fines

26 621 46 644 »
79 611 222 647 terrae.
243 622 261 644 »
277 602 436 648 Adhuc
459 601 584 646 satiet
601 610 659 658 te,
680 610 725 646 et
744 600 876 646 dicat.
899 600 942 646 Si
959 598 1124 645 diceret
1139 599 1247 644 fines
1264 608 1409 655 terroe,

22 681 67 717 et
86 688 177 717 non
192 672 378 729 diceret,
402 691 420 714 «
446 672 641 718 Universi
655 672 762 717 fines
783 680 935 716 terrae:
960 690 978 714 »
1004 669 1144 716 dicere
1160 669 1409 717 habebant:

20 744 136 788 Ecce
158 743 371 791 habemus
391 743 500 788 fines
523 752 650 787 terrae
671 743 718 787 in
737 741 1010 788 Mauritania.
1043 760 1064 784 «
1091 739 1286 787 Universi
1306 740 1413 785 fines

26 832 46 858 »
81 823 207 858 terrae
233 834 252 856 »
277 813 384 860 dixit
405 832 414 859 z
435 829 462 859 o
484 813 687 858 haeretice
705 848 716 869 ,
744 832 762 854 «
792 812 989 858 Universi
1015 832 1032 855 »
1058 810 1168 857 dixit
1189 831 1202 857 :1
1221 827 1308 872 qua
1330 810 1415 855 exi-

21 893 145 929 turus
167 901 211 930 es
227 920 239 941 ,
271 894 322 931 ut
343 883 498 931 evadas
519 885 841 946 quaestionem?
862 886 961 930 Non
982 883 1118 929 habes
1145 899 1234 945 qua
1257 897 1381 928 exeas
1393 917 1409 938 ,

21 955 98 1000 sed
118 956 252 1001 habes
272 972 362 1017 quo
384 956 534 1002 intres.

78 1029 243 1073 XXIX.
268 1030 393 1087 Rogo
407 1043 485 1074 vos
497 1063 509 1084 ‚
529 1025 633 1072 nolo
648 1026 752 1072 inde
771 1025 1009 1087 disputare,
1030 1041 1085 1071 ne
1103 1025 1290 1082 dicatur,
1310 1024 1415 1086 quia

21 1112 163 1147 sermo
182 1114 304 1143 meus
324 1098 491 1159 aliquid
517 1098 660 1144 valet:
685 1097 907 1143 Psalmum
932 1097 1166 1154 attendite,
1192 1095 1415 1141 Psalmum

20 1167 165 1227 legite.
191 1171 304 1215 Ecce
326 1171 524 1216 Christus
545 1185 695 1230 passus
724 1178 814 1225 est,
846 1169 1019 1228 sanguis
1041 1169 1133 1228 ejus
1169 1166 1291 1212 fusus
1320 1176 1411 1212 est:

22 1253 121 1287 ecce
137 1239 406 1302 Redemptor
420 1249 582 1296 noster,
599 1255 698 1285 ecce
718 1239 906 1300 pretium
928 1249 1140 1284 nostrum.
1158 1237 1277 1293 Quid
1289 1237 1412 1293 emit,

21 1307 192 1361 dicatur
207 1310 330 1361 mihi.
358 1311 476 1365 Quid
497 1311 846 1370 interrogamus?
861 1309 978 1364 Quid
995 1310 1030 1356 si
1050 1310 1156 1355 mihi
1173 1308 1326 1370 aliquis
1347 1307 1416 1352 di-

22 1389 118 1425 cat:
139 1382 177 1425 Ο
198 1380 352 1437 stulte,
376 1381 486 1443 quid
506 1382 774 1441 interrogas?
790 1381 999 1427 Codicem
1015 1390 1176 1441 portas,
1197 1380 1259 1425 ibi
1281 1379 1417 1424 habes

22 1449 142 1498 unde
163 1452 283 1507 emit,
307 1452 371 1496 ibi
390 1468 540 1514 quaere
560 1452 670 1512 quid
697 1453 816 1496 emit.
842 1455 956 1497 Ecce
977 1452 1038 1497 ibi
1054 1451 1190 1496 habes
1209 1471 1218 1497 ;
1244 1470 1262 1492 «
1280 1453 1415 1496 Com-

27 1541 46 1564 »
80 1523 461 1579 memorabuntur,
481 1533 525 1568 et
546 1533 857 1570 convertentur
885 1522 942 1569 ad
963 1518 1202 1568 Dominum
1225 1522 1418 1568 universi

27 1610 48 1635 1>
81 1593 189 1638 fines
211 1603 352 1640 terrae.
374 1615 392 1636 »
410 1595 538 1640 Fines
555 1595 671 1640 enim
688 1604 814 1640 terrae
831 1595 1312 1640 commemorabuntur.
1330 1593 1418 1639 Sed

0 1691 1 1711 ι
22 1663 215 1712 haeretici
237 1665 364 1711 obliti
385 1676 503 1722 sunt,
523 1676 567 1712 et
588 1666 688 1712 ideo
711 1666 897 1712 audiunt
916 1668 1034 1712 omni
1052 1682 1183 1712 anno.
1205 1670 1336 1711 Putas
1355 1665 1418 1709 ibi

21 1745 196 1795 ponunt
228 1752 374 1794 aures,
402 1739 580 1798 quando
609 1737 748 1783 lector
767 1739 964 1798 ipsorum
986 1738 1093 1783 dicit
1122 1757 1131 1783 :
1162 1757 1179 1779 «
1206 1739 1415 1783 Comme-

27 1824 46 1850 >1
81 1808 387 1864 morabuntur,
403 1817 447 1853 et
460 1818 770 1855 convertentur
782 1809 838 1854 ad
850 1810 1088 1855 Dominum
1099 1808 1289 1854 universi
1308 1808 1419 1852 fines

28 1898 47 1920 »
81 1882 238 1924 terrae?
259 1900 278 1923 »
297 1880 398 1936 Eia,
422 1878 537 1926 forte
559 1897 674 1926 unus
695 1897 842 1927 versus
864 1891 928 1926 est
949 1901 958 1927 :
980 1879 1156 1925 aliunde
1177 1879 1414 1938 cogitabas,

22 1963 125 1994 cum
149 1948 283 1995 fratre
302 1959 380 1996 tuo
400 1949 689 2007 fabulabaris,
717 1952 898 2011 quando
923 1950 1035 1995 illud
1056 1949 1166 1995 dixit
1186 1969 1196 1995 ι
1221 1949 1414 2005 attende,

23 2020 127 2080 quia
139 2021 310 2080 repetit,
330 2030 374 2066 et
394 2021 548 2066 surdos
563 2020 732 2081 pulsat:
753 2024 842 2066 «Et
855 2021 1104 2066 adorabunt
1119 2021 1164 2064 in
1176 2029 1417 2081 conspectu

29 2110 49 2132 »
82 2092 174 2151 ers
195 2091 408 2138 universae
424 2093 574 2153 patriae
596 2092 807 2151 gentium.
833 2111 851 2133 «
868 2092 1027 2137 Adhuc
1049 2091 1207 2137 surdus
1228 2101 1307 2147 est,
1327 2107 1418 2136 non

26 2161 169 2218 aud-it,
191 2162 387 2222 pulsetur
412 2164 599 2208 iterum:
630 2181 648 2203 «
675 2162 895 2216 Quoniam
917 2162 1092 2207 Domini
1120 2171 1183 2207 est
1206 2177 1414 2221 regnum,

30 2249 51 2283 »ρ
85 2240 129 2276 et
143 2232 233 2291 ipse
248 2231 547 2282 dominabitur
561 2233 754 2291 gentium
767 2235 799 2277 1.
817 2253 835 2275 »
857 2236 958 2278 Tres
972 2234 1074 2278 istos
1090 2248 1236 2278 versus
1252 2241 1413 2287 tenete,

26 2299 194 2352 fratres.
228 2302 368 2356 Hodie
390 2303 554 2348 cantati
586 2312 690 2347 sunt
720 2312 764 2347 et
797 2302 887 2358 ibi,
923 2312 999 2347 aut
1020 2302 1133 2348 forte
1160 2303 1419 2348 deleverunt

27 2388 114 2425 eos.
139 2373 320 2421 Credite
337 2374 468 2430 mihi,
495 2373 651 2419 fratres
672 2374 775 2430 mei,
799 2373 860 2418 ita
882 2383 1046 2431 aestuo,
1066 2375 1124 2420 ita
1145 2374 1236 2420 vim
1257 2374 1415 2434 patior,

28 2452 82 2496 ut
99 2445 230 2488 mirer
250 2445 394 2496 nescio
416 2461 550 2505 quarn
565 2445 823 2490 surditatem
847 2454 892 2490 et
912 2445 1120 2490 duritiam
1142 2445 1283 2491 cordis
1302 2446 1418 2506 ipso-

28 2528 128 2564 rum
142 2549 154 2571 ,
178 2524 230 2565 ut.
253 2515 490 2578 aliquando
508 2515 727 2573 dubitem,
752 2525 903 2562 utrum
926 2517 1119 2563 habeant
1139 2517 1250 2564 illud
1271 2518 1318 2563 in
1341 2533 1417 2564 co-

78 2606 88 2625 ¹
108 2598 186 2635 real.
200 2610 270 2645 xm,
286 2609 342 2645 29.
