1833 3284
359 201 702 230 ANNOTATIONUM
735 203 776 230 nv
811 195 905 241 ion,
942 204 1081 229 LissEn.
1371 192 1422 229 61

37 269 134 313 olei.
155 270 264 314 Nam
290 283 440 312 omnes
460 268 562 312 istos
584 267 794 327 spiritales
826 267 995 312 fructus
1017 266 1184 326 accepit
1206 267 1399 311 Ecclesia
1415 302 1426 323 ,

35 354 223 400 quorum
253 339 416 384 radices
448 350 574 385 terrae
610 340 843 400 implicatae
871 349 1139 385 sacramenta
1161 350 1306 396 erant,
1331 351 1431 401 quae

35 409 315 469 corporaliter
336 410 479 454 Judaei
497 410 725 456 observare
746 410 1030 470 cogebantur,
1059 410 1298 455 Sabbatum
1314 446 1324 465 ‚
1345 411 1425 454 cir-

35 479 371 536 cumcisionem,
404 490 448 526 et
475 481 691 538 victimas,
719 491 762 526 et
785 491 940 527 caetera
969 480 1224 541 hujusmodi
1257 481 1432 540 spirita-

35 548 142 594 lium
163 550 377 596 ciborum.
410 570 429 593 «
456 554 791 596 Insurrexerunt
820 567 948 612 super
965 567 1034 595 me
1056 550 1174 595 fures
1198 570 1206 595 ς
1236 570 1256 592 »
1279 552 1356 611 qui
1375 550 1430 595 ad

35 622 222 666 honores
242 622 460 667 indebitos
476 658 486 678 ‚
516 623 592 684 qui
614 624 832 684 justorum
854 632 957 669 sunt
985 622 1147 683 proprii
1164 658 1175 678 ,
1201 638 1278 682 per
1300 632 1426 666 tene-

36 691 184 737 brosas
206 691 395 738 fallacias
417 704 724 753 pervenerunt.
762 714 782 737 «
806 697 1006 747 Quorum
1027 694 1181 738 domus
1203 702 1327 738 erant
1353 708 1428 738 ca-

40 781 61 805 »
95 779 240 808 vernae
262 766 508 824 petrarum1
537 784 546 809 :
565 783 584 806 »
611 765 687 825 qui
710 764 1081 824 concupiscentias
1103 779 1200 808 suas
1223 763 1432 808 defende-

38 834 166 890 bant,
204 845 247 879 ct
274 835 480 893 tegebant
510 835 772 896 quibusdam
806 835 1146 880 obscuritatibus
1182 835 1430 879 divinorum

36 905 264 951 librorum.
289 925 309 948 «
328 909 384 951 Et
404 907 518 951 inter
539 907 713 952 arbores
732 907 993 952 clamabant.
1015 924 1036 946 )›
1059 905 1288 951 Manifesta
1307 915 1432 950 erant

36 985 212 1036 peccata
250 992 426 1032 eorum,
467 978 663 1037 quamvis
702 993 750 1022 ea
785 978 1105 1037 Scripturarum
1140 975 1425 1031 obscuritate,

37 1046 160 1107 quasi
193 1046 357 1091 umbris
384 1048 617 1104 arborum,
658 1057 801 1106 tegere
842 1056 1119 1092 conarentur.
1166 1047 1278 1091 Hinc
1317 1055 1380 1090 est
1417 1065 1426 1090 ε

44 1136 62 1158 «
100 1117 275 1162 Clamor
308 1117 596 1163 Sodomorum
627 1118 820 1163 ascendit
848 1116 903 1162 a'd
924 1133 994 1161 mc
1012 1121 1044 1160 Ἴ.
1076 1136 1095 1158 »
1122 1120 1180 1161 Et
1214 1116 1433 1177 plerisque

39 1187 143 1232 locis
159 1202 277 1248 {pro
300 1188 539 1233 manifestis
564 1190 749 1249 peccatis
771 1189 1005 1233 clamorem
1027 1188 1152 1248 ponit
1177 1187 1398 1247 Scriptura
1421 1207 1429 1231 ε

39 1267 89 1303 ut
118 1259 305 1303 verbum
336 1259 390 1303 sit
421 1259 637 1321 quidquid
664 1259 794 1304 corde
817 1259 1090 1319 concipitur3
1124 1258 1301 1313 clamor,
1333 1274 1433 1302 cum

38 1328 236 1389 procedit
249 1329 295 1372 in
314 1328 493 1374 factum.
518 1349 537 1372 «
553 1330 637 1384 Qui
653 1331 735 1374 sub
754 1330 959 1390 stirpibus
980 1339 1103 1373 terrzic
1118 1330 1441 1386 manebantss.»

39 1403 137 1448 Non
159 1400 308 1445 saltem
343 1401 389 1445 in
411 1402 640 1461 stirpibus,
665 1401 737 1446 sed
763 1402 892 1446 ctiam
914 1400 1093 1445 inferius
1116 1401 1323 1460 stirpibus
1347 1416 1436 1444 ma-

40 1487 143 1515 nere
165 1481 346 1531 possunt
366 1471 576 1531 intelligi,
602 1473 678 1532 qui
701 1471 770 1516 vel
792 1471 1022 1516 carnaliter
1045 1480 1260 1531 praecepta
1283 1479 1432 1514 eusto-

40 1541 183 1586 diunt.
214 1543 374 1602 Stirpes
397 1542 512 1586 enim
546 1551 647 1586 sunt
675 1558 764 1586 non
779 1544 869 1603 jam
892 1543 971 1602 ipsi
995 1542 1162 1586 fructus
1179 1577 1189 1596 ‚
1215 1540 1291 1584 sed
1316 1540 1434 1584 unde

40 1622 225 1671 surgunt
243 1622 385 1673 partes
407 1612 660 1669 frtictiferae,
682 1612 747 1658 vel
774 1613 996 1667 arborum,
1013 1612 1082 1656 vel
1106 1612 1342 1655 herbarum
1364 1631 1373 1655 ε
1399 1611 1435 1654 si

41 1693 187 1729 tamen
211 1682 484 1728 fructiferum
507 1700 642 1743 genus
665 1693 743 1739 est,
770 1684 878 1744 quia*
895 1693 938 1728 et
960 1700 1048 1728 non
1072 1682 1284 1727 fructiferi
1309 1698 1436 1741 genc-

42 1755 98 1800 ris
121 1755 272 1815 stirpes
301 1754 523 1800 dicuntur.
555 1775 574 1797 «
598 1754 697 1799 Filii
725 1755 958 1799 stultorum
982 1764 1025 1799 et
1048 1753 1309 1814 ignobilium
1327 1756 1342 1778 4
1372 1773 1379 1797 :
1410 1771 1431 1794 »

26 1825 320 1883 *Judaeorum3
343 1842 445 1870 nam
467 1827 545 1870 hos
559 1825 668 1870 dixit
688 1826 885 1885 superius
908 1835 1107 1885 parentes
1126 1841 1276 1869 eorum
1298 1839 1433 1884 prop-

46 1906 108 1942 ter
131 1897 415 1941 imitationem
430 1933 441 1953 ‚
467 1898 568 1958 quia
603 1907 646 1941 et
675 1897 744 1941 isti
776 1897 857 1941 sub
880 1896 958 1941 Dei
981 1895 1157 1940 nomine
1180 1894 1406 1939 ambulant
1421 1929 1432 1950 ‚

43 1983 175 2028 quem
191 1983 280 2011 non
302 1967 467 2011 colunt.
486 1967 649 2012 Stultos
667 1977 812 2012 autem
826 1976 870 2010 et
886 1966 1099 2026 ignobiles
1115 1965 1220 2010 dicit
1240 1965 1433 2020 judaeos,

43 2040 119 2100 qui
142 2034 165 2082 e
187 2039 428 2094 contrario,
454 2055 544 2083 non
566 2038 707 2083 solum
729 2055 772 2082 se
791 2039 1071 2083 confidebant
1089 2053 1177 2082 esse
1200 2038 1333 2082 duces
1355 2053 1437 2081 cze-

45 2126 225 2166 corum,
256 2110 331 2154 sed
364 2110 494 2154 etiam
516 2109 626 2153 filios
654 2125 742 2153 esse
773 2109 983 2164 Abrahae,
1015 2125 1103 2169 quo
1127 2118 1248 2168 patre
1283 2124 1326 2151 se
1348 2123 1438 2151 esse

41 2181 264 2242 jactabant
287 2179 469 2225 nobiles.
499 2180 580 2225 Sed
605 2196 705 2224 cum
724 2179 938 2224 audiunt:
970 2198 989 2220 α
1010 2179 1124 2224 Caeci
1149 2187 1278 2235 sunt,
1304 2177 1437 2222 duces

49 2270 69 2293 »
105 2253 352 2296 caecorum⁵
380 2270 389 2295 z
416 2272 433 2292 »
461 2250 581 2294 stulti
611 2251 980 2294 demonstrantur.
1007 2253 1184 2293 Etcum
1207 2249 1392 2293 audiunt
1425 2268 1435 2293 :

51 2343 70 2365 «
108 2323 150 2367 Si
174 2322 250 2366 filii
272 2322 460 2366 Abrahae
483 2322 582 2366 estis
600 2357 611 2377 ‚
636 2321 749 2366 facta
772 2322 960 2365 Abrahae
985 2320 1142 2365 facite⁶
1168 2340 1175 2365 ;
1200 2339 1219 2361 >)
1247 2321 1439 2379 degene-

48 2391 184 2437 rando
198 2392 552 2437 demonstrantur
573 2391 802 2451 ignobiles.
827 2394 1032 2437 «Nomen
1055 2400 1098 2435 et
1118 2391 1259 2435 honor
1280 2391 1441 2435 extinc-

96 2496 104 2512 ¹
128 2489 202 2521 Job.
235 2500 317 2529 xxx,
342 2490 374 2522 6.
396 2507 438 2512 —-
464 2496 477 2511 ²
497 2491 574 2521 Gen.
596 2500 696 2531 xvm,
716 2498 770 2521 20.
795 2506 833 2511 -
858 2486 870 2510 3
888 2487 961 2519 Job.
984 2498 1066 2529 xxx,
1096 2498 1126 2530 ς.
1148 2505 1189 2510 —-
1208 2486 1222 2517 s»
1244 2487 1326 2525 Ibitl„
1348 2487 1380 2519 8.
1402 2504 1443 2509 —-

49 2544 63 2568 5
83 2546 201 2578 Matth.
222 2557 277 2587 xv,
300 2543 349 2587 14.
371 2542 441 2566 -5
459 2547 550 2576 Joan.
574 2555 639 2586 vni,
663 2545 716 2586 39.
