1833 3284
398 269 640 301 ENARRATIO
673 275 719 301 nv
753 272 956 303 PSALMUM
989 276 1066 302 vn.
1339 265 1421 303 177

34 337 181 394 corde,
198 347 242 383 et
257 338 386 384 bonae
398 339 444 384 in
458 348 577 384 recto
591 339 722 384 corde
739 359 747 385 :
765 339 1073 385 delectationes
1087 349 1233 385 autem
1247 356 1336 386 non
1350 342 1426 386 bo-

35 424 105 453 nae
124 409 180 454 ad
197 424 319 454 renes
335 409 570 470 pertinent,
588 411 689 471 quia
705 409 927 455 inferiores
947 421 1078 472 atque
1095 421 1277 456 terrenae
1295 422 1424 471 sunt3

35 479 165 524 bonae
174 496 278 525 vero
289 496 379 526 non
390 480 444 525 ad
458 496 595 537 reneS,
608 481 683 526 sed
697 481 906 542 adipsum
917 498 1004 527 cor.
1022 486 1253 543 Propterea
1267 500 1356 528 non
1367 484 1426 528 ita

35 551 121 596 dici
143 561 326 612 possunt
343 552 449 598 recti
467 553 664 608 renibus,
685 554 797 598 sicut
815 553 1022 599 dicuntur
1041 555 1145 599 recti
1161 555 1307 610 corde,
1324 571 1426 600 cum

31 622 121 682 jam
136 622 214 666 ubi
227 622 456 682 cogitatio,
471 620 534 666 ibi
556 633 600 667 et
617 623 849 669 delectatio
867 634 930 669 est
948 645 957 669 2
978 624 1099 685 quod
1120 625 1213 669 fieri
1236 641 1326 669 non
1343 642 1426 685 po—

35 700 135 746 test,
147 692 228 736 nisi
240 708 340 737 cum
359 692 505 738 divina
520 702 651 754 atque
668 703 830 739 aeterna
845 695 1107 752 cogitantur.
1131 715 1150 738 «
1166 694 1345 751 Dedisti,
1357 696 1427 740 in-

39 780 61 804 »
82 763 198 823 quit,
215 762 411 808 laetitiam
429 764 474 808 in
494 764 625 809 corde
649 781 746 810 meo
760 801 771 821 ,
797 786 814 807 »
832 765 1118 811 cumdixisset
1132 802 1142 821 ,
1162 786 1181 808 «
1200 767 1422 824 Signatum

39 851 61 875 »
82 842 145 878 est
160 849 289 894 super
300 850 378 879 nos
390 834 542 878 lumen
555 835 703 879 vultus
722 836 802 889 tui,
815 835 998 880 Domine
1010 838 1039 879 ².
1056 854 1076 876 »
1095 839 1203 881 Nam
1218 838 1426 896 phantas-

38 914 152 949 mata
166 920 311 950 rerum
325 905 646 966 temporalium,
665 922 764 967 quae
780 906 861 950 sibi
880 907 1050 950 animus
1070 908 1211 966 fingit,
1233 924 1333 952 cum
1351 925 1425 968 spe

35 990 148 1020 vana
162 976 424 1037 mortalique
431 978 638 1037 jactatur,
658 977 856 1037 quamvis
877 977 1078 1021 inanibus
1098 977 1425 1035 imaginationi-

35 1046 119 1091 bus
132 1047 317 1092 afferant
330 1063 443 1108 saepe
460 1046 641 1092 deliram
653 1048 936 1108 insanamque
946 1047 1159 1102 laetitiam,
1176 1064 1265 1093 non
1279 1059 1426 1094 tamen

36 1116 158 1161 cordi
179 1118 274 1162 haec
296 1117 542 1173 delectatio,
563 1117 640 1161 sed
660 1118 837 1162 renibus
859 1117 1092 1161 tribuenda
1114 1127 1176 1162 est
1194 1138 1202 1162 :
1221 1120 1322 1179 quia
1341 1119 1426 1164 illae

36 1203 186 1231 omnes
208 1188 539 1247 imaginationes
558 1188 612 1232 de
631 1187 924 1243 inferioribus,
942 1189 1025 1233 hoc
1044 1198 1121 1243 est,
1141 1191 1320 1234 terrenis
1337 1207 1427 1234 car-

39 1256 302 1318 nalibusque
323 1258 453 1302 rebus
471 1267 663 1302 attractae
684 1267 800 1302 sunt.
827 1261 891 1302 Ita
915 1260 979 1313 fit,
1006 1269 1056 1303 ut
1078 1269 1273 1303 scrutans
1295 1261 1428 1305 corda

34 1337 79 1372 et
95 1343 219 1371 renes
238 1331 374 1383 Deus,
405 1337 448 1371 et
468 1328 730 1388 perspiciens
749 1329 794 1372 in
817 1329 947 1372 corde
969 1338 1104 1373 rectas
1122 1331 1422 1389 cogitationes,

34 1398 80 1441 in
102 1397 282 1442 renibus
303 1397 446 1442 nullas
469 1396 792 1453 delectationes,
812 1399 979 1458 justum
1002 1399 1211 1444 auxilium
1234 1403 1427 1460 praebeat

33 1468 159 1513 rectis
182 1468 336 1523 corde,
359 1468 436 1512 ubi
459 1468 634 1512 mundis
655 1469 989 1526 cogitationibus
1015 1486 1213 1529 supernae
1235 1471 1425 1518 delecta-

34 1539 174 1585 tiones
207 1540 440 1585 sociantur.
466 1542 524 1583 Et
554 1539 653 1584 ideo
686 1540 732 1583 in
765 1539 849 1584 alio
884 1539 1055 1585 Psalmo
1088 1557 1189 1585 cum
1222 1541 1393 1588 dixisset
1411 1564 1420 1589 z

36 1630 57 1653 «
92 1614 275 1671 Insuper
308 1620 352 1655 et
381 1626 520 1671 usque
550 1610 606 1654 ad
636 1620 807 1655 noctem
839 1611 1174 1671 increpaverunt
1202 1629 1272 1657 me
1302 1630 1424 1659 renos

34 1699 56 1723 2»
90 1682 204 1740 mei3
227 1701 247 1723 »
273 1682 460 1743 subjecit
486 1680 541 1725 de
567 1681 750 1737 auxilio,
769 1682 915 1727 dicens
936 1701 944 1726 z
971 1701 990 1723 «
1018 1682 1306 1728 Providebam
1331 1689 1421 1731 Do-

34 1770 55 1793 »
90 1752 260 1796 minum
291 1753 337 1796 in
365 1761 602 1812 conspectu
637 1767 736 1796 meo
771 1768 961 1812 semper,
987 1754 1195 1813 quoniam
1218 1771 1241 1798 a
1263 1755 1422 1801 dextris

33 1839 56 1863 »
91 1831 155 1866 est
176 1822 304 1877 mihi,
336 1838 391 1866 ne
419 1826 738 1867 commovear2.
767 1841 785 1863 n
814 1823 899 1867 Ubi
922 1823 1110 1868 ostendit
1128 1826 1420 1883 suggestiones

32 1900 205 1936 tantum
234 1908 278 1936 se
307 1910 329 1938 a
360 1893 538 1936 renibus
570 1908 767 1952 passum,
800 1909 890 1936 non
924 1893 1054 1936 etiam
1085 1893 1418 1941 delectationes:

31 1978 138 2022 quas
171 1964 205 2006 si
237 1971 480 2022 pateretur,
513 1963 666 2022 utique
700 1972 1062 2007 commoveretur.
1095 1964 1208 2008 Dixit
1242 1977 1389 2010 autem
1407 1988 1415 2011 :

35 2052 56 2075 «
93 2036 129 2076 Α
150 2031 310 2077 dextris
330 2042 393 2077 est
414 2033 523 2076 mihi
550 2033 782 2087 Dominus,
802 2048 858 2076 ne
889 2049 1166 2078 commovear
1186 2054 1194 2079 ε
1218 2054 1237 2076 »
1260 2035 1419 2082 deinde

31 2102 272 2163 subjungit,
294 2107 512 2162 «Propter
535 2104 617 2147 hoc
640 2102 902 2147 delectatum
925 2113 987 2148 cst
1008 2121 1082 2149 cor
1103 2109 1274 2150 meum3
1296 2127 1304 2152 :
1330 2126 1349 2148 »
1368 2118 1418 2153 ut

29 2189 155 2218 ‘renes
177 2189 276 2218 eum
297 2173 519 2234 increpare
541 2174 785 2233 potuerint,
804 2190 893 2218 non
911 2173 1140 2220 delectare.
1158 2180 1256 2222 Non
1270 2177 1416 2239 itaque

31 2244 78 2288 in
99 2244 295 2299 renibus,
323 2243 399 2289 sed
420 2244 482 2288 ibi
506 2243 620 2289 facta
642 2253 704 2288 est
737 2243 986 2299 delectatio,
1017 2246 1095 2289 ubi
1118 2246 1321 2292 adversus
1344 2266 1415 2293 re—

30 2329 140 2359 num
171 2314 515 2374 increpationem
541 2314 738 2375 provisus
767 2324 831 2358 est
862 2318 976 2359 Deus
1000 2332 1024 2360 a
1046 2315 1205 2361 dextris
1238 2334 1349 2376 esse,
1370 2320 1416 2365 id

30 2394 115 2440 est,
138 2385 185 2429 in
205 2384 351 2430 corde.

89 2458 192 2500 XII.
218 2475 237 2498 «
260 2459 375 2501 Deus
392 2455 528 2517 judex
541 2457 704 2517 justus,
729 2457 852 2501 fortis
874 2466 917 2501 et
937 2456 1234 2516 longanimis4.
1263 2479 1283 2501 »
1309 2464 1415 2516 Quis

79 2564 248 2603 'Psal.1v,
265 2574 295 2606 7.
320 2581 355 2587 -—
378 2572 391 2588 ²
416 2565 463 2596 Id.
492 2575 546 2606 xv,
566 2576 598 2607 7,
618 2565 648 2597 8.
671 2582 712 2588 —
730 2564 743 2588 3
762 2565 842 2598 Ibid.
869 2577 901 2608 9.
923 2564 997 2595 ——4
1020 2567 1066 2598 Id.
1083 2578 1136 2609 vn,
1159 2578 1209 2601 12.

192 2628 314 2658 cxiv.
1184 2625 1231 2661 12
