1833 3284
397 227 479 266 190
829 237 861 262 s.
899 234 1128 262 AUGUSTINI
1160 235 1339 263 1³1>1scol>1

395 301 519 356 fides,
538 298 913 360 quemadmodum
936 299 981 342 in
995 313 1090 342 eam
1108 298 1441 353 conscendatur,
1462 298 1646 357 ignorat.
1671 298 1784 342 Hinc

393 388 497 431 ergo
520 370 757 415 destruitur
782 370 1034 415 temerarius
1057 377 1099 412 et
1123 384 1263 415 caecus
1284 369 1546 430 pollicitator
1565 368 1754 413 veritatis
1770 403 1781 424 ,

394 443 472 503 qui
489 452 553 486 est
574 442 775 486 inimicus
797 451 840 485 et
862 439 1080 494 defensor,
1103 455 1204 485 cum
1221 440 1426 485 videntur
1443 439 1545 485 coeli
1564 454 1694 500 opera
1716 438 1785 483 di-

396 513 587 573 gitorum
619 513 718 568 Dei,
756 512 801 556 id
830 521 919 567 est,
960 511 1265 570 intelliguntur
1300 512 1534 572 Scripturae
1562 510 1786 571 perductae

393 600 532 645 usque
555 583 611 628 ad
638 582 873 628 infantium
902 581 1176 638 tarditatem,
1209 592 1253 628 et
1279 599 1350 628 eos
1384 599 1461 644 per
1492 582 1786 627 humilitatem

394 655 610 700 historicae
633 653 756 708 fidei,
781 669 880 713 quae
903 651 1198 713 temporaliter
1221 664 1338 713 gesta
1361 663 1440 709 est,
1467 652 1522 698 ad
1543 652 1788 700 sublimita-

396 736 485 771 tem
514 725 815 784 intelligentise
844 740 988 769 rerum
1011 734 1275 770 aeternarum
1306 727 1418 771 benc
1441 726 1627 771 nutritos
1649 734 1689 769 et
1714 739 1787 769 ro-

394 798 570 843 boratos
588 797 763 856 erigunt
779 797 823 841 in
847 813 896 842 ea
914 813 1013 857 quae
1037 798 1312 843 confirmant.
1334 798 1407 843 lsti
1430 797 1591 859 quippe
1605 795 1722 852 coeli,
1743 796 1789 841 id

396 878 486 924 est,
519 869 588 913 isti
608 867 731 923 libri,
767 884 897 928 opera
920 877 1022 912 sunt
1051 867 1288 927 digitorum
1320 869 1412 913 Dei.
1442 871 1601 914 Sancto
1624 867 1788 912 etenim

399 940 639 1002 Spiritui-,in
664 939 819 984 sanctis
840 948 1047 999 operante
1063 974 1074 995 ,
1107 940 1295 985 confecti
1317 949 1434 985 sunt.
1460 942 1570 986 Nam
1593 939 1670 999 qui
1693 938 1787 998 glo-

397 1013 506 1056 riam
529 1026 651 1061 summ
674 1010 819 1071 potius
850 1027 983 1071 quam
1010 1010 1193 1056 salutem
1221 1011 1450 1056 hominum
1483 1010 1787 1066 attenderunt,

397 1083 490 1127 sine
514 1082 677 1142 Spiritu
698 1091 848 1128 sancto
877 1081 1014 1127 locuti
1034 1091 1137 1127 sunt
1152 1118 1163 1139 ,
1183 1083 1229 1131 in
1250 1098 1339 1143 quo
1360 1090 1464 1127 sunt
1483 1081 1791 1133 viscerabmise-

389 1153 594 1201 ‚ricordiae
612 1154 703 1198 Dei.

459 1228 536 1271 IX.
560 1225 814 1279 «Quoniam
834 1224 996 1271 videbo
1013 1224 1164 1281 coelos,
1183 1241 1313 1285 opera
1331 1224 1568 1284 digitorum
1593 1233 1787 1279 tuorum,

401 1316 421 1339 υ
458 1297 609 1342 lunam
632 1306 673 1341 et
696 1295 840 1341 stellas
868 1312 975 1357 quas
998 1306 1045 1340 tu
1068 1295 1301 1341 fundasti1.
1333 1315 1352 1338 »
1380 1300 1504 1341 Luna
1526 1305 1570 1340 et
1591 1294 1727 1340 stellae
1746 1295 1792 1339 in

398 1367 521 1412 coelis
538 1377 640 1412 sunt
662 1367 856 1412 fundatae
875 1386 883 1411 :
908 1367 1011 1428 quia
1031 1377 1073 1412 et
1095 1367 1346 1412 universalis
1369 1367 1585 1422 Ecclesia,
1606 1367 1651 1410 in
1668 1367 1792 1427 cujus

399 1455 514 1499 saepe
536 1438 852 1498 significatione
874 1438 978 1483 luna
1002 1440 1196 1498 ponitur,
1221 1448 1265 1483 et
1286 1438 1577 1499 particulatim
1599 1454 1677 1498 per
1697 1437 1792 1483 loca

400 1509 569 1567 singula
590 1509 795 1554 Ecclesiae
811 1545 821 1565 ,
849 1525 956 1570 quas
974 1509 1151 1554 nomine
1174 1509 1397 1562 stellarum
1419 1509 1657 1554 insinuatas
1676 1508 1793 1552 arbi-

399 1590 507 1635 tror,
528 1581 575 1624 in
603 1579 765 1625 eisdem
795 1581 1025 1640 Scripturis
1053 1579 1276 1625 collocatae
1297 1590 1424 1636 sunt,
1450 1596 1557 1641 quas
1577 1578 1793 1625 coelorum

399 1653 617 1697 vocabulo
635 1652 793 1712 positas
811 1651 1042 1697 credimus.
1064 1654 1154 1698 Cur
1167 1662 1312 1697 autem
1329 1652 1433 1697 luna
1447 1661 1562 1697 recte
1581 1651 1794 1710 significet

399 1723 653 1779 Ecclesiam,
677 1724 966 1784 opportunius
982 1724 1028 1768 in
1045 1724 1128 1768 alio
1148 1724 1319 1769 Psalmo
1337 1723 1700 1778 considerabitur,
1716 1721 1792 1767 ubi

399 1794 566 1840 dictum
589 1804 676 1840 est:
708 1814 728 1837 κ
756 1798 1006 1840 Peccatores
1024 1794 1310 1841 intenderunt
1328 1811 1498 1851 arcum,
1520 1804 1570 1840 ut
1591 1795 1794 1854 sagittent

403 1884 424 1908 »
459 1867 505 1910 in
526 1867 711 1912 obscura
734 1866 839 1912 luna
862 1876 1002 1911 rectos
1024 1866 1197 1912 eorde2.
1228 1886 1247 1909 »

459 1940 515 1982 X.
554 1957 573 1979 ι(
598 1936 716 1991 Quid
744 1947 807 1982 est
840 1938 996 1992 homo,
1031 1938 1136 1998 quia
1164 1953 1332 1983 memor
1357 1954 1401 1983 es
1430 1940 1547 1999 ejus,
1581 1947 1657 1982 aut
1678 1937 1792 1988 filius
1828 1962 1830 1990 ς

1828 1919 1831 1958 Ι

404 2026 424 2049 »
449 2008 654 2063 hominis,
669 2008 878 2068 quoniam
896 2017 945 2052 tu
957 2008 1102 2053 visitas
1120 2010 1267 2053 eum³P
1282 2028 1301 2050 »
1315 2009 1430 2062 Quid
1442 2009 1555 2053 inter
1568 2008 1793 2053 hominem
1826 2014 1828 2046 ἵ

401 2087 445 2122 et
467 2077 607 2123 filium
634 2078 822 2123 hominis
845 2077 995 2133 distet,
1022 2079 1160 2140 quaeri
1183 2088 1340 2138 potest.
1370 2079 1413 2124 Si
1435 2079 1550 2123 enim
1574 2079 1684 2123 nihil
1703 2078 1792 2123 dis-

401 2159 538 2204 taret,
567 2166 656 2195 non
684 2150 744 2195 ita
770 2159 1029 2210 poneretur,
1059 2169 1080 2193 «
1106 2153 1248 2195 Homo
1265 2185 1275 2205 ,
1303 2159 1378 2194 aut
1400 2150 1515 2195 filius
1536 2150 1745 2206 hominis,
1769 2167 1789 2191 »

401 2237 478 2281 per
500 2220 853 2281 disjunctionem.
880 2224 989 2267 Nam
1009 2221 1043 2266 si
1065 2221 1123 2266 ita
1140 2221 1349 2281 scriptum
1377 2230 1488 2266 esset
1508 2240 1516 2266 :
1547 2241 1567 2263 «
1592 2220 1710 2275 Quid
1731 2229 1794 2266 est

400 2293 535 2337 homo
558 2293 660 2353 quia
683 2308 851 2337 memor
873 2308 916 2338 es
939 2293 1030 2352 ejus
1044 2327 1055 2348 ,
1087 2301 1131 2336 et
1150 2291 1263 2337 filius
1285 2292 1472 2337 hominis
1494 2292 1703 2353 quoniam
1725 2291 1793 2337 vi-

401 2363 500 2408 sitas
546 2379 646 2408 eum
680 2383 689 2409 :
732 2382 752 2406 n
789 2363 1021 2424 repetitum
1064 2362 1286 2409 videretur
1330 2363 1451 2425 quod
1497 2362 1665 2408 dictum
1701 2372 1809 2419 est„

404 2453 425 2477 »
462 2438 620 2480 Homo.
640 2454 660 2477 >1
683 2438 810 2480 Nunc
837 2450 941 2480 vero
962 2450 1063 2479 cum
1081 2444 1227 2491 sonat,
1253 2454 1273 2477 «
1294 2439 1453 2492 Homo,
1480 2445 1556 2480 aut
1571 2435 1686 2480 filius
1709 2435 1807 2479 ho·-

402 2524 422 2549 »
458 2507 586 2552 minis
601 2542 611 2560 ,
636 2526 655 2548 »
676 2506 945 2552 manifestior
967 2506 1213 2551 insinuatur
1236 2507 1456 2552 distantia.
1485 2508 1580 2553 Hoc
1601 2522 1704 2552 sane
1721 2521 1805 2551 re·-

449 2591 695 2635 'Psal.v1n,l3.
726 2609 766 2614 -
785 2599 796 2615 2
819 2592 900 2624 psal.
922 2603 953 2633 x,
970 2594 1001 2623 3.
1019 2609 1059 2614 —-
1080 2589 1092 2614 3
1112 2591 1158 2624 ld.
1178 2602 1244 2632 vm,
1260 2591 1291 2624 5.

1822 2150 1833 2197 ³4

1827 2378 1833 2437 'i
