1833 3284
411 263 466 302 60
848 273 881 298 s.
918 269 1150 297 Anous'rmr
1182 268 1363 296 EPISCOPI

409 338 532 383 clesia
557 336 662 381 tales
679 372 689 391 ,
710 346 753 380 et
776 352 864 380 non
886 334 1121 395 proficiunt
1142 333 1395 393 plurimum.
1432 351 1452 374 «
1478 334 1660 377 Monent
1680 346 1750 375 me
1775 349 1795 372 »

410 418 558 453 autem
583 408 711 463 dixit,
737 408 837 468 quia
864 423 940 467 per
960 407 1147 450 honores
1165 404 1470 449 ecclesiasticos
1489 403 1708 463 accipiunt
1724 418 1799 462 po-

411 489 607 524 testatem
628 477 894 538 praedieandi
913 475 1094 537 populo,
1116 492 1214 536 quse
1234 476 1311 535 ipsi
1333 491 1421 520 non
1439 475 1621 520 faciunt.
1648 476 1800 527 «Quo-

412 570 432 592 »
468 566 563 594 rum
584 550 838 609 spernebam
859 557 1072 608 parentes.
1095 566 1114 588 »
1144 550 1346 591 Parentes
1369 562 1520 591 eorum
1537 545 1660 600 dixit,
1687 560 1800 605 quo-

410 637 506 664 rum
537 620 777 663 imitatione
807 618 883 662 filii
912 627 1039 671 sunt,
1071 617 1232 677 quibus
1266 626 1371 661 tune
1401 616 1644 670 dicebatur,
1685 635 1705 658 «
1724 617 1800 659 Vae

412 710 431 731 »
468 691 590 735 vobis
624 691 775 733 sci-ihm
819 698 862 732 et
904 689 1103 748 pharisaei
1136 688 1419 747 liypoeritae¹.
1459 690 1516 731 Et
1552 687 1688 731 virtus
1717 701 1802 729 ma-

413 781 432 802 »
469 777 606 805 nuum
630 776 782 805 eorum
803 761 925 821 qnasi
948 759 1134 803 nihilum
1158 759 1263 803 mihi
1287 768 1403 804 erat:
1424 777 1443 800 »
1469 768 1701 819 parentum
1724 772 1803 817 po-

411 842 561 887 testas,
587 833 663 892 qui
687 841 792 876 tune
822 847 959 892 usque
981 830 1090 875 adeo
1111 830 1352 890 plurimum
1374 838 1598 890 poterant,
1624 838 1802 892 uteru·

408 903 633 961 cifigerent
662 902 912 947 Dominum.
950 921 968 942 «
990 906 1040 946 'ln
1064 917 1114 946 eo
1138 901 1307 961 peribat
1330 901 1469 945 omnis
1491 901 1578 944 vita
1609 920 1616 944 :
1654 918 1673 941 »
1702 899 1804 959 quia

411 989 499 1017 non
523 989 566 1016 se
585 972 648 1016 vel
675 973 718 1016 in
744 974 831 1016 fine
858 981 1153 1017 correxerunt.
1181 991 1200 1013 «
1217 975 1419 1031 Egestate
1444 980 1488 1015 et
1520 970 1636 1014 fame
1667 970 1803 1013 insta-

413 1062 432 1084 »
471 1043 576 1087 biles
605 1064 613 1088 ;
638 1063 656 1084 »
684 1061 707 1087 a
728 1043 854 1087 variis
887 1042 1108 1087 desideriis
1138 1042 1469 1086 insatiabilibus.
1501 1062 1519 1084 «
1546 1041 1631 1094 Qui
1662 1039 1803 1098 fugie-

411 1132 432 1155 »
471 1114 575 1158 bant
597 1115 641 1158 in
659 1113 878 1158 desertum
901 1115 992 1157 heri
1010 1118 1027 1140 ‘²
1049 1134 1056 1159 :
1090 1136 1105 1156 »
1130 1113 1399 1158 conferendo
1425 1128 1468 1156 se
1492 1111 1546 1156 ad
1570 1111 1806 1156 excusatio-

409 1200 509 1228 nem
541 1185 666 1243 Legis
682 1220 692 1239 ,
720 1201 853 1245 quam
878 1201 966 1229 non
990 1185 1241 1244 simpliciter
1262 1183 1566 1243 intelligebant
1597 1203 1607 1228 2
1638 1192 1682 1226 et
1702 1183 1804 1243 quia

409 1255 453 1298 in
488 1255 659 1299 deserto
694 1265 976 1315 acceperant,
1017 1256 1293 1314 «Fugientes
1327 1255 1372 1298 in
1399 1254 1620 1298 desertum
1643 1254 1751 1297 heri.
1781 1271 1801 1294 »

410 1327 531 1371 Sicut
568 1328 681 1370 enim
715 1327 846 1371 hodie
875 1328 1063 1387 pertinet
1088 1328 1142 1372 ad
1170 1331 1341 1373 Novum
1367 1329 1714 1380 Testamentum,
1746 1325 1806 1370 sic

412 1397 466 1440 ad
485 1400 620 1442 Vetus
645 1399 736 1442 heri
764 1419 772 1444 ι
799 1398 853 1442 de
876 1402 999 1443 Novo
1023 1399 1137 1442 enim
1160 1398 1327 1442 dietum
1351 1407 1437 1455 est,
1465 1417 1485 1439 «
1508 1396 1646 1441 Hodie
1669 1397 1702 1440 si
1724 1412 1804 1441 vo-

410 1486 430 1507 »
466 1483 560 1511 cem
591 1470 680 1527 ejus
713 1467 954 1523 audieritis,
993 1468 1128 1512 nolite
1158 1468 1375 1512 obdurare
1399 1467 1529 1511 eorda
1551 1469 1716 1511 vestra3
1744 1486 1752 1512 :
1782 1485 1802 1508 »

407 1547 474 1592 et,
517 1558 535 1579 «
563 1538 696 1582 Filius
720 1555 841 1583 meus
863 1556 905 1583 es
930 1549 1001 1594 tu,
1023 1555 1103 1598 ego
1126 1539 1258 1583 hodie
1281 1539 1410 1597 genui
1434 1541 1518 1582 te⁴.
1563 1539 1645 1592 Qui
1672 1537 1801 1582 rode-

412 1626 431 1649 »
470 1609 577 1652 bant
606 1611 788 1653 cortices
816 1611 1024 1654 arborum
1062 1630 1070 1655 :
1098 1629 1118 1652 »
1148 1611 1250 1670 quia
1285 1611 1444 1669 figuras
1468 1610 1615 1668 Legis,
1643 1610 1804 1670 quibus

409 1681 507 1724 vina
526 1682 803 1739 tegebantur,
829 1698 907 1742 pro
935 1683 1034 1726 cibo
1052 1682 1290 1726 habebant.
1315 1701 1335 1724 «
1353 1685 1552 1735 Quorum
1569 1691 1662 1725 erat
1683 1681 1806 1725 cibus

412 1769 431 1791 »
467 1751 587 1795 radix
607 1753 867 1796 herbarum⁵
892 1774 899 1798 :
922 1772 940 1794 »
968 1763 1235 1797 sacramenta
1251 1789 1262 1809 ,
1288 1769 1387 1813 quae
1406 1752 1806 1813 corporaliterjussi

409 1833 534 1866 erant
548 1824 784 1879 celebrare,
813 1834 1021 1885 tanquam
1042 1834 1166 1869 terrae
1184 1825 1467 1882 inhaerentia,
1492 1825 1718 1885 exquibus
1741 1835 1806 1869 ta-

407 1910 508 1937 men
532 1896 609 1939 sim
619 1895 736 1954 plicis
756 1896 1052 1954 intelligentia}
1075 1897 1245 1941 fruetus
1268 1907 1478 1956 surgeret,
1506 1906 1549 1940 et
1569 1912 1697 1956 supra
1717 1906 1806 1940 ter-

407 1981 498 2008 ram
518 1966 562 2008 in
580 1965 826 2010 libertatem
841 1966 1044 2022 ferretur,
1062 1984 1151 2028 quo
1164 1967 1225 2011 illi
1241 1969 1464 2027 pervenire
1479 1984 1567 2012 non
1586 1976 1803 2028 poterant.

412 2056 432 2078 «
471 2036 745 2091 Inhonorati,
771 2046 813 2081 et
833 2038 1015 2098 abjecti,
1036 2048 1079 2082 et
1097 2047 1270 2096 egentes
1289 2039 1408 2083 omni
1431 2040 1548 2083 bono
1571 2058 1580 2083 2
1604 2057 1623 2080 »
1651 2039 1806 2082 amisso

410 2107 620 2165 primatus
639 2107 826 2162 honore,
849 2108 903 2150 ab
927 2124 1001 2167 spe
1024 2109 1345 2167 promissionis,
1376 2110 1476 2169 quia
1499 2119 1542 2153 et
1558 2110 1701 2169 ipsum
1718 2118 1805 2152 ter-

409 2193 563 2221 renum
587 2177 755 2221 donum
778 2194 856 2238 pro
880 2180 1040 2222 meritis
1062 2180 1148 2223 suis
1168 2180 1425 2235 amiserant,
1451 2189 1495 2224 et
1516 2195 1700 2238 regnum
1718 2196 1806 2224 coe·

410 2248 550 2292 lorum
572 2264 661 2292 non
684 2258 850 2293 tenent.
881 2269 900 2291 «
926 2250 1010 2303 Qui
1036 2250 1200 2294 radices
1217 2250 1437 2308 lignorum
1459 2250 1804 2307 manducabant,

412 2338 431 2360 »
468 2330 644 2379 propter
668 2336 868 2379 magnam
900 2320 1101 2365 famcmfi.
1126 2341 1145 2363 »
1174 2322 1303 2375 Quod
1329 2322 1383 2366 de
1402 2322 1619 2367 radicibus
1644 2323 1804 2367 herba-

409 2406 504 2434 rum
529 2391 693 2435 dietum
714 2401 797 2445 est,
827 2401 1002 2451 propter
1032 2391 1225 2436 fructum
1249 2392 1479 2448 frumenti,
1506 2394 1589 2438 hoc
1612 2394 1666 2437 de
1689 2393 1806 2438 radi-

407 2461 531 2505 cibus
550 2461 766 2519 lignorum
785 2462 1117 2522 intelligendum
1137 2473 1214 2519 est,
1237 2474 1414 2524 propter
1437 2463 1632 2508 fructum
1655 2465 1728 2507 vin
1744 2465 1755 2507 i
1773 2465 1833 2519 et,

1832 2522 1833 2538 l

460 2553 466 2567 ¹
486 2546 598 2577 Manli.
622 2558 719 2588 xxm,
746 2548 795 2579 13.
819 2565 861 2570 —
889 2555 901 2569 ²
920 2548 994 2580 Job.
1014 2559 1090 2590 xxx,
1119 2557 1153 2589 9,,
1178 2549 1209 2579 3.
1227 2546 1554 2590 —3Psat.xc1v,8.
1578 2566 1618 2571 —-
1640 2548 1721 2580 4111.
1742 2559 1816 2590 ¹¹5·

429 2620 468 2625 ·-
491 2602 504 2624 5
528 2603 601 2635 Jol».
631 2604 754 2645 xxx,4.
784 2622 823 2626 —
844 2603 954 2636 ὕ111111.
