1833 3284
346 286 429 326 524
786 297 819 326 s.
856 298 1088 328 Anousnm
1120 300 1304 329 Emscom

343 374 432 419 est,
463 373 553 409 esto
583 374 851 410 mansuetus.
886 367 1016 411 Sedet
1042 366 1116 411 ille
1139 382 1269 427 super
1290 377 1362 424 te,
1393 367 1484 428 ipse
1516 367 1626 427 regit
1656 374 1729 411 te:

343 434 433 480 noli
458 435 610 479 timere
626 451 682 480 ne
701 435 921 491 offendas,
947 447 990 481 et
1011 452 1080 481 eas
1102 436 1146 481 in
1159 453 1365 498 praeceps.
1382 438 1614 483 Infirmitas
1631 436 1734 498 qui-

343 505 442 549 dem
461 515 535 550 tua
554 516 640 561 est,
666 506 741 551 sed
764 506 941 552 attende
963 508 1060 568 quis
1086 508 1165 552 tibi
1184 508 1430 568 praesideat.
1457 507 1607 553 Pullus
1629 506 1735 551 asini

343 592 408 632 es,
434 576 510 621 sed
532 577 755 622 Christum
778 587 938 638 portas.
964 581 1075 624 Nam
1097 588 1140 623 et
1161 579 1251 639 ipse
1270 579 1315 623 in
1343 579 1466 640 pullo
1489 579 1595 623 asini
1617 578 1736 623 venit

343 646 399 692 ad
414 648 656 704 civitatem,
683 659 727 694 et
747 649 832 694 fuit
862 648 973 693 illud
990 650 1243 709 jumentum
1270 660 1562 695 mansuetum.
1593 651 1736 695 Num-

342 719 450 780 quid
476 720 740 765 laudabatur
757 722 1008 781 jumentum
1038 720 1174 765 illud?
1201 722 1426 783 Numquid
1448 724 1650 783 jumento
1673 719 1738 764 di-

341 790 544 845 cebatur,
585 810 605 832 «
642 794 867 847 Hosanna,
892 792 954 835 fili
976 790 1134 847 David,
1169 791 1425 837 benedictus
1448 793 1523 853 qui
1550 791 1737 835 venitin

344 879 364 902 »
389 862 565 905 nomine
588 862 814 907 Domini¹P
839 881 859 903 η
888 862 1057 907 Asellus
1080 863 1284 922 portabat
1306 883 1315 908 2
1340 863 1416 908 sed
1440 863 1513 907 ille
1536 863 1611 923 qui
1633 878 1737 922 por-

342 932 540 987 tabatur,
567 950 588 977 a
611 933 960 992 praecedentibus
985 942 1028 977 et
1052 935 1421 994 consequentibus
1454 933 1732 978 laudabatur.

340 1006 398 1048 Et
415 1003 586 1048 dicebat
603 1004 715 1049 forte
727 1006 978 1064 jumentum
995 1021 1002 1047 :
1017 1025 1036 1047 «
1059 1009 1111 1050 In
1133 1005 1582 1050 Dominolaudabitur
1596 1005 1738 1048 anima

342 1094 362 1117 »
390 1090 509 1132 mea3
536 1075 715 1119 audiant
739 1077 952 1120 mansueti
969 1113 979 1132 ,
1005 1085 1048 1120 et
1069 1076 1289 1121 laetentur.
1322 1096 1342 1118 »
1368 1079 1603 1137 Nunquam
1626 1075 1738 1119 illud

341 1145 449 1190 dixit
486 1145 557 1190 ille
586 1147 728 1190 asinus
743 1182 753 1202 ,
792 1146 945 1191 fratres
972 1167 981 1192 :
1017 1146 1093 1191 sed
1129 1147 1245 1191 dicat
1278 1146 1390 1191 illud
1431 1146 1620 1207 populus
1661 1147 1739 1206 qui

341 1217 536 1261 imitatur
551 1218 801 1277 jumentum
824 1217 958 1273 illud,
982 1220 1015 1263 si
1027 1218 1124 1263 vult
1136 1228 1311 1278 portare
1331 1219 1565 1263 Dominum
1590 1233 1735 1262 suum.

342 1288 548 1332 Irascitur
582 1288 695 1334 forte
724 1288 940 1349 populus,
972 1291 1075 1351 quia
1103 1299 1378 1350 comparatur
1405 1289 1536 1334 asello
1572 1290 1618 1333 in
1649 1305 1738 1350 quo

342 1359 453 1402 sedit
475 1360 685 1404 Dominus
712 1360 938 1405 :etdicent
949 1362 1056 1404 mihi
1069 1360 1203 1421 aliqui
1217 1361 1393 1420 superbi
1411 1370 1454 1405 et
1477 1361 1600 1415 elati,
1623 1363 1738 1405 Ecce

342 1429 482 1474 asinos
505 1446 582 1474 nos
600 1429 718 1475 fecit.
747 1431 810 1476 Sit
835 1431 977 1475 asinus
1006 1431 1179 1475 Domini
1212 1431 1406 1492 quisquis
1428 1432 1512 1475 hoc
1532 1430 1661 1488 dicit,
1682 1446 1738 1475 ne

342 1500 397 1543 sit
419 1516 558 1560 equus
575 1510 617 1545 et
632 1500 776 1546 mulus
788 1537 798 1557 ,
819 1502 980 1562 quibus
997 1517 1087 1546 non
1100 1511 1165 1546 est
1186 1500 1449 1546 intellectus.
1466 1501 1608 1547 Nostis
1621 1501 1738 1545 enim

343 1571 563 1616 Psalmum
586 1572 664 1616 ubi
687 1572 846 1618 dieitur
860 1609 871 1629 ,
899 1593 919 1615 ι(
939 1573 1082 1618 Nolite
1104 1589 1192 1617 esse
1210 1573 1321 1617 sieut
1337 1589 1475 1634 equus
1503 1582 1546 1617 et
1566 1572 1734 1628 mulus,

346 1643 548 1703 »quibus
580 1660 670 1689 non
698 1653 762 1688 est
797 1643 1094 1689 intellectus2.
1120 1664 1139 1686 »
1174 1648 1328 1704 Equus
1371 1646 1487 1688 enim
1518 1653 1562 1688 et
1591 1644 1738 1688 mulus

343 1714 516 1773 erigunt
540 1716 750 1760 cervicem
769 1714 1027 1776 aliquando,
1047 1725 1090 1759 et
1117 1732 1193 1760 sua
1224 1715 1448 1760 ferocitate
1471 1716 1697 1760 excutiunt
1713 1731 1738 1759 a

341 1800 385 1829 se
402 1790 875 1831 sessorem.Domantur
889 1785 1037 1842 frenis,
1056 1803 1196 1842 camo,
1212 1787 1483 1842 verberibus,
1500 1786 1640 1831 donec
1654 1786 1738 1830 dis-

341 1866 442 1901 cant
464 1857 660 1911 subesse,
696 1866 739 1900 et
760 1866 934 1916 portare
957 1856 1187 1901 dominum
1220 1873 1363 1902 suum.
1398 1860 1463 1901 Tu
1486 1867 1631 1901 autem
1656 1873 1737 1901 an-

342 1936 519 1987 tequam
543 1926 666 1971 freno
689 1928 930 1972 tundantur
945 1944 1019 1972 ora
1033 1937 1108 1971 tua
1121 1963 1131 1982 ,
1147 1937 1238 1972 esto
1255 1937 1508 1972 mansuetus
1524 1964 1535 1983 ,
1552 1937 1594 1972 et
1613 1937 1738 1988 porta

342 2000 578 2042 Dominum
613 2008 739 2043 tuum
765 2018 774 2043 :
800 1997 891 2043 noli
918 1999 964 2042 in
998 2008 1041 2042 te
1070 1997 1182 2043 velle
1203 1998 1401 2054 laudari,
1433 1999 1510 2043 sed
1531 1998 1738 2043 laudetur

343 2069 415 2113 ille
437 2070 513 2131 qui
536 2086 665 2129 super
687 2079 729 2114 te
749 2069 870 2114 sedet
886 2105 896 2125 ,
922 2079 965 2114 et
982 2070 1120 2126 dices,
1151 2089 1170 2112 «
1199 2073 1251 2114 In
1270 2070 1456 2115 Domino
1483 2069 1738 2114 laudabitur

345 2159 365 2182 »
392 2141 536 2185 anima
578 2157 695 2196 mea,
742 2140 921 2185 audiant
952 2141 1189 2196 mansueti,
1235 2150 1278 2185 et
1318 2140 1539 2185 laetentur.
1581 2159 1601 2182 >›
1626 2144 1737 2187 Nam

343 2212 523 2273 quando
545 2213 732 2256 audiunt
755 2228 844 2257 non
872 2212 1112 2267 mansueti,
1145 2228 1234 2256 non
1262 2210 1492 2268 laetantur,
1528 2211 1604 2256 sed
1627 2212 1737 2256 iras-

342 2293 502 2328 cuntur
521 2303 530 2328 z
557 2293 601 2328 et
623 2283 703 2343 ipsi
719 2293 822 2327 sunt
842 2284 917 2344 qui
931 2282 1083 2327 dicunt
1099 2283 1220 2343 quod
1232 2284 1371 2328 asinos
1394 2300 1466 2328 eos
1488 2282 1734 2328 fecerimus.

341 2355 427 2408 Qui
446 2364 592 2399 autem
618 2355 835 2399 mansueti
856 2362 980 2410 sunt,
1007 2354 1242 2412 dignentur
1256 2354 1406 2398 audire
1428 2364 1471 2400 et
1498 2371 1588 2400 esse
1615 2354 1738 2416 quod

344 2425 544 2470 audiunt.

402 2499 477 2540 VI.
498 2496 718 2556 Sequitur,
729 2515 748 2537 «
762 2498 831 2541 Ma
839 2497 1039 2555 gnificate
1055 2496 1289 2540 Dominum
1307 2497 1658 2550 me0111n3.»Quis
1673 2506 1736 2542 est

342 2568 436 2622 iste,
458 2567 533 2626 qui
549 2567 823 2622 exhortatur,
839 2576 889 2611 ut
908 2566 1235 2626 magnificemus
1252 2583 1354 2612 cum
1367 2566 1443 2613 illo
1466 2568 1732 2615 Dominum?

395 2660 402 2676 ¹
425 2652 539 2685 Mauh.
562 2663 738 2695 xx1.9.—·
760 2660 772 2674 ⁹
794 2652 876 2684 Psal.
896 2664 982 2695 xxxi,
997 2663 1029 2695 9.
1054 2670 1095 2675 -
1113 2651 1125 2674 3
1145 2654 1191 2684 Id.
1210 2664 1323 2695 xxxin,
1346 2652 1378 2694 4
