1833 3284
302 191 545 222 murmano
578 195 623 222 m
655 192 860 222 PsALMUM
893 195 1061 234 xxxm,
1096 193 1223 223 serm.
1260 198 1290 223 1.
1401 187 1484 225 509

91 272 137 301 se
164 256 372 314 haberet,
401 257 478 318 qui
505 273 710 317 magnam
737 257 918 317 gloriam
939 259 1103 305 habere
1124 270 1316 321 coeperat
1337 261 1383 305 in
1405 277 1486 322 po-

89 325 197 387 pulo
217 328 496 384 Judaeorum,
518 337 561 372 et
586 328 754 373 dictum
776 339 840 374 est
860 330 923 374 illi
941 350 950 374 :
987 349 1008 373 «
1026 333 1181 377 Nonne
1202 331 1281 376 iste
1310 341 1374 376 est
1395 334 1483 377 Da-

91 417 118 460 ''.
146 397 243 455 vid,
267 399 340 444 cui
355 400 540 445 chorum
559 400 761 445 fecerunt
777 401 980 446 mulieres
1003 402 1232 459 Israelitae‚
1258 401 1479 450 dicentes:

91 486 113 511 »
149 468 253 514 Saiil
274 471 484 529 percussit
497 470 545 514 in
555 470 766 527 millibus,
782 480 826 515 et
842 471 981 516 David
1001 472 1047 516 in
1064 472 1187 517 denis
1200 472 1395 519 millibus
1407 476 1446 519 ¹?
1458 493 1478 516 »

90 538 136 591 Si
156 548 304 584 autem
326 549 504 601 propter
519 541 633 585 hanc
648 540 828 600 gloriam
843 542 1038 587 invidere
1057 541 1121 586 illi
1141 553 1337 603 coeperat
1353 544 1480 590 Saiil:

87 625 235 673 nonne
256 611 547 656 metuendum
574 621 667 656 erat
687 611 849 667 David,
881 627 937 656 ne
964 622 1007 657 et
1038 611 1112 656 ille
1146 628 1242 669 rex,
1266 614 1320 658 ad
1351 630 1483 675 quem

85 679 359 743 confugerat,
383 681 518 727 vellet
539 683 783 742 opprimere
802 697 920 738 eum,
945 698 1077 743 quem
1099 692 1245 743 posset
1262 682 1317 728 de
1338 683 1482 730 vicino

85 752 258 805 hostem
278 752 466 809 habere,
495 752 532 797 si
552 752 722 798 salvum
747 755 964 798 servaret?
991 773 1011 795 «
1039 753 1227 810 Timuit,
1258 763 1302 798 et
1326 753 1452 799 illum
1467 790 1479 810 ‚

87 841 110 887 '.'
143 831 188 867 et
216 822 329 869 sicut
364 824 576 884 scriptum
610 833 707 869 est:
737 823 926 869 Mutavit
955 823 1130 868 vultum
1168 839 1297 869 suum
1333 840 1482 870 coram

87 912 109 936 v»
142 893 244 955 ipsis
260 930 271 951 ,
299 904 343 939 et
364 895 599 940 affectabat
624 904 669 939 et
693 894 1022 955 tympanizabat
1048 895 1104 939 ad
1135 895 1243 940 ostia
1266 896 1476 952 civitatis,

86 958 188 1009 »et
213 963 437 1010 ferebatur
468 965 514 1009 in
544 965 747 1010 manibus
778 965 886 1020 suis,
917 974 960 1009 et
991 964 1247 1025 procidebat
1281 965 1337 1010 ad
1370 967 1479 1011 ostia

85 1053 107 1077 »
141 1044 306 1095 portae,
345 1045 389 1080 et
422 1034 566 1081 salivae
594 1035 887 1081 decurrebant
919 1051 1049 1096 super
1076 1036 1260 1080 barbam
1297 1038 1430 1097 ejus‘2.
1454 1055 1474 1078 »

82 1105 205 1150 Vidit
231 1122 333 1151 eum
355 1122 429 1151 rex
449 1106 522 1151 ille
544 1106 662 1167 apud
687 1123 819 1167 quem
848 1105 1038 1162 latebat,
1075 1116 1118 1151 et
1140 1106 1200 1151 ait
1226 1107 1313 1151 suis
1334 1127 1344 1152 2
1375 1126 1394 1149 «
1424 1110 1478 1152 Ut

85 1195 105 1218 >›
140 1176 249 1237 quid
274 1177 381 1222 mihi
402 1178 677 1238 arreptitium
706 1178 838 1222 istum
866 1176 1133 1221 adduxistis?
1150 1177 1474 1238 numquidnam

84 1266 105 1289 »
140 1248 380 1293 intraturus
394 1258 459 1293 est
475 1249 522 1292 in
544 1248 728 1293 domum
744 1250 939 1293 meamss?
960 1267 980 1290 »
1005 1251 1063 1293 Et
1086 1248 1145 1293 sic
1167 1248 1292 1293 illum
1314 1248 1478 1294 dimisit

79 1320 309 1380 projiciens
321 1319 470 1364 illum:
488 1328 532 1363 et
545 1320 714 1364 recessit
732 1318 833 1363 inde
851 1318 989 1364 David
1011 1319 1241 1364 incolumis
1256 1336 1332 1380 per
1350 1321 1476 1364 istam

79 1391 385 1449 figurationem
397 1389 572 1435 furoris.
589 1389 774 1434 Videtur
789 1390 844 1434 ad
865 1390 1002 1450 ipsam
1016 1390 1240 1435 historiam
1258 1391 1476 1450 pertinere

79 1460 200 1522 quod
233 1461 304 1505 hic
336 1461 544 1521 seriptum
575 1470 671 1505 est:
700 1480 721 1502 «
749 1460 944 1505 Psalmus
976 1460 1136 1516 David,
1169 1477 1269 1505 cum
1290 1461 1476 1506 mutavit

82 1549 103 1573 υ
138 1530 312 1577 vultum
339 1547 468 1576 suum
500 1546 649 1576 coram
679 1529 963 1587 Abimelech⁷
1000 1540 1042 1574 et
1075 1531 1240 1575 dimisit
1274 1547 1394 1587 eum,
1431 1540 1475 1576 et

82 1620 103 1643 >›
138 1601 260 1646 abiit.
290 1621 310 1644 »
338 1602 423 1647 Sed
444 1601 516 1645 ille
538 1601 668 1646 Achis
701 1611 793 1645 erat
810 1637 820 1656 ,
848 1617 938 1646 non
968 1601 1271 1645 Abimelech4.
1303 1604 1474 1646 Nomen

78 1673 196 1717 enim
215 1672 357 1717 solum
380 1688 471 1716 non
498 1671 670 1716 videtur
687 1672 920 1716 convenire
945 1691 952 1716 :
984 1688 1085 1715 nam
1108 1688 1172 1716 res
1197 1681 1313 1731 gesta
1337 1688 1473 1732 prope

77 1744 178 1804 ipsis
200 1744 341 1788 verbis
358 1743 518 1803 pariter
540 1743 763 1801 designata
786 1752 847 1787 est
865 1743 910 1786 in
926 1743 1120 1798 Psalmis,
1136 1744 1296 1804 quibus
1314 1744 1472 1803 scripta

78 1824 144 1867 est
169 1815 216 1859 in
237 1818 490 1873 Regnorum
510 1813 639 1858 libro.
667 1813 772 1858 Ideo
796 1814 927 1872 magis
954 1830 1128 1859 movere
1152 1830 1230 1858 nos
1263 1813 1394 1858 debet
1415 1813 1472 1858 ad

78 1885 367 1947 quaerendum
382 1895 716 1940 sacramentum,
737 1886 838 1945 quia
851 1900 1012 1929 nomen
1026 1894 1246 1929 mutatum
1260 1894 1337 1929 est.
1360 1887 1420 1930 Na
1427 1901 1470 1928 m

78 1973 222 2018 neque
250 1955 363 2001 illud
384 1957 476 2001 sine
506 1972 634 2001 causa
664 1956 832 2000 factum
862 1965 946 2011 est,
979 1956 1177 2016 quamvis
1201 1956 1256 2000 sit
1278 1955 1467 2014 factum3

77 2025 155 2073 sed
168 2027 270 2089 quia
283 2026 448 2089 aliquid
466 2027 685 2086 figurabat
706 2046 715 2071 2
735 2042 878 2087 neque
899 2027 983 2070 hoc
1001 2026 1092 2070 sine
1112 2042 1238 2070 causa
1260 2026 1472 2086 scriptum

79 2109 145 2144 est
159 2134 170 2155 ‚
191 2108 235 2143 et
255 2114 433 2143 nomme
454 2106 741 2143 commutato.

84 2164 89 2168 ’
120 2171 222 2218 ,ΙΙΙ.
249 2168 413 2214 Videtis
431 2178 572 2224 certe,
593 2166 769 2224 fratres,
800 2166 1142 2228 profunditatem
1174 2177 1471 2213 sacramento-

78 2255 192 2293 rum.
220 2239 264 2285 Si
279 2255 370 2284 non
386 2249 451 2284 est
470 2240 516 2284 in
537 2238 744 2297 mysterio
758 2273 769 2295 ,
795 2238 916 2298 quod
934 2255 957 2282 a
981 2254 1118 2298 puero
1141 2237 1285 2283 Golias
1308 2238 1472 2283 occisus

80 2321 145 2373 est
158 2313 190 2367 ἓ,
220 2326 311 2355 non
331 2319 394 2355 est
414 2310 462 2355 in
477 2309 686 2369 mysterio
702 2345 712 2365 ,
739 2309 842 2370 quia
863 2310 1111 2355 immutavit
1126 2309 1301 2355 vultum
1319 2325 1466 2365 suum,

78 2393 123 2429 et
139 2381 375 2429 affectabat
386 2417 401 2438 ,
426 2391 470 2426 et
488 2381 815 2442 tympanizabat
829 2382 861 2435 ὓ,
887 2389 930 2424 et
949 2380 1133 2425 cadebat
1157 2380 1212 2426 ad
1234 2381 1342 2426 ostia
1364 2380 1469 2426 civi-

128 2488 136 2504 ¹
163 2492 176 2512 1
195 2482 271 2522 Reg.
293 2489 358 2519 xxi,
381 2488 490 2509 11‚-—
509 2476 696 2509 ²1bid.13.
714 2494 755 2499 -—
779 2475 891 2509 31bid.
913 2489 924 2508 1
940 2475 963 2517 i,
988 2476 1040 2509 15,
1066 2493 1105 2498 —-
1124 2475 1370 2509 filbid.12.-
1392 2475 1466 2508 fild.

80 2548 157 2578 xvii,
175 2537 226 2568 δυ.
242 2553 283 2559 —-
308 2533 323 2557 (3
343 2534 388 2567 la'.
414 2545 501 2566 aviii.
