1833 3284
4 0 13 178 ·-————--

0 362 5 494 ¹

375 250 616 280 umanum
650 255 682 280 11
715 254 760 281 m
792 252 994 282 PsALMUM
1027 253 1139 282 xxxi.
1378 241 1456 280 461

75 316 128 372 si,
139 314 338 364 adhibito
346 315 487 373 freno,
499 327 742 379 sequuntur
753 319 939 379 flagella.
957 319 1228 364 Indomitum
1242 319 1356 362 enim
1375 319 1463 362 ani-

76 386 164 431 mal
185 402 276 432 esse
303 388 528 447 cupiebat,
551 388 755 434 domatur
775 389 900 435 freno
924 400 968 435 et
989 389 1162 449 flagello
1189 408 1198 434 2
1219 398 1350 450 atque
1371 389 1461 433 uti-

74 474 177 502 nam
199 459 508 518 perdometur!
539 461 792 506 Verendum
819 471 883 506 est
905 462 1021 505 enim
1049 477 1105 505 ne
1133 461 1318 505 nimium
1340 461 1462 505 resis-

75 529 224 585 tendo,
249 528 513 575 indomitum
527 531 715 593 relinqui
727 542 945 577 mereatur
963 542 1006 577 et
1017 533 1079 576 ire
1102 532 1147 575 in
1169 547 1291 576 suam
1309 547 1462 590 vagam

73 599 294 645 licentiam
309 635 321 657 ,
345 609 397 645 ut
417 601 587 647 dicatur
608 602 662 647 de
682 602 780 658 illo,
811 623 827 643 «
842 602 1019 648 Prodiet
1036 612 1247 662 tanquam
1268 618 1319 645 ex
1336 601 1462 662 adipe

77 689 99 713 »
131 670 338 731 iniquitas
363 674 538 716 eorum1
569 692 578 718 ε
607 692 627 715 »
663 673 774 718 sicut
800 672 855 717 de
876 672 976 728 illis,
1001 673 1162 733 quibus
1193 670 1327 716 modo
1360 681 1464 728 sufut

71 741 288 802 impunita
308 752 499 802 peccata.
526 746 642 802 Ergo
665 759 767 788 cum
794 743 1056 802 flagellatur,
1087 743 1344 801 corrigatur,
1376 741 1459 787 do-

72 822 240 871 metur,
263 813 366 874 quia
388 823 433 858 et
452 813 533 858 iste
554 815 613 859 sic
633 830 678 858 se
694 813 800 858 dixit
823 814 1082 858 edomitum.
1104 816 1283 873 Equum
1297 822 1341 857 et
1362 829 1463 857 mu-

72 881 164 927 lum
195 899 239 927 se
262 883 428 929 dixerat
443 920 455 940 ,
478 884 686 945 quoniam
707 884 845 929 tacuit
871 904 880 929 ;
905 885 980 928 sed
1008 882 1126 928 unde
1157 882 1346 927 domitus
1367 885 1462 927 est?

72 957 106 998 F
109 953 290 1013 lagellis.
321 957 601 1000 «Conversus
623 971 735 1011 sum,
761 956 921 1015 inquit,
939 955 985 999 in
1007 969 1201 998 aerumna
1222 970 1333 1008 mea,
1352 953 1460 998 dum

69 1044 90 1067 »
125 1027 417 1085 configeretur
439 1027 575 1087 spina.
603 1046 621 1069 »
650 1027 746 1072 Sive
774 1026 944 1086 flagella
975 1026 1117 1081 dicas,
1151 1026 1239 1070 sive
1262 1025 1460 1070 stimulos

65 1096 199 1153 dicas,
211 1096 360 1143 domat
375 1101 490 1143 Deus
499 1099 751 1159 jumentum
769 1099 839 1143 cui
852 1097 1012 1142 insidet
1028 1117 1036 1142 :
1056 1098 1156 1158 quia
1167 1099 1370 1157 jumento
1384 1113 1460 1140 ex·-

65 1169 512 1229 peditutinsideatur.
529 1172 627 1215 Non
646 1171 763 1214 enim
775 1168 1037 1227 defatigatus
1055 1171 1172 1212 Deus
1190 1167 1459 1213 ambulando

64 1240 268 1301 pedibus,
293 1240 454 1286 insidet
469 1242 688 1302 jumento.
715 1243 805 1284 Aut
824 1255 928 1284 vero
948 1255 1038 1283 non
1059 1238 1240 1298 plenum
1263 1239 1459 1296 mysterii

65 1320 152 1366 est,
171 1311 293 1372 quod
314 1310 470 1356 asellus
489 1310 703 1356 adductus
726 1320 790 1354 est
810 1309 1038 1354 Domin02.
1064 1308 1258 1368 Populus
1278 1309 1393 1352 mitis
1417 1318 1461 1353 ct

64 1391 316 1427 mansuetus
344 1391 520 1442 portans
543 1382 655 1426 bene
673 1382 932 1436 Dominum,
958 1380 1114 1425 asellus
1137 1389 1225 1435 est,
1253 1389 1295 1424 et
1319 1379 1460 1428 tendit

63 1454 110 1498 in
139 1453 395 1498 Jerusalem.
429 1454 624 1512 «Diriget
653 1453 770 1498 enim
791 1454 915 1498 mites
936 1453 982 1496 in
1002 1452 1168 1513 judicio
1183 1487 1194 1506 ,
1220 1452 1331 1496 sicut
1353 1451 1459 1496 dicit

69 1544 88 1566 »
124 1523 232 1568 alius
262 1524 480 1580 Psalmus,
513 1524 690 1568 docebit
720 1532 968 1568 mansuetos
997 1522 1086 1567 vias
1116 1524 1251 1566 suas3.
1283 1544 1300 1564 »
1339 1525 1458 1575 Quos

64 1598 342 1641 mansuetos?
369 1599 468 1641 Non
489 1596 705 1656 erigentes
728 1596 939 1640 cervicem
962 1594 1165 1639 adversus
1195 1593 1457 1639 domitorem

63 1682 191 1711 suum
208 1701 218 1722 ,
238 1666 452 1726 patientes
474 1665 644 1724 flagella
664 1675 707 1710 et
728 1665 903 1710 frenum
928 1685 935 1709 :
961 1675 1109 1725 postea
1128 1666 1186 1710 sic
1201 1665 1380 1720 domiti,
1406 1674 1457 1709 ut

63 1737 155 1782 sine
179 1736 353 1797 flagello
376 1736 630 1792 ambulent,
665 1747 708 1782 et
737 1737 828 1780 sine
849 1737 975 1781 freno
1008 1746 1052 1780 et
1082 1752 1206 1780 camo
1237 1736 1349 1780 viam
1390 1746 1456 1780 te-

63 1816 211 1852 neant.
235 1807 279 1852 Si
300 1807 488 1852 carueris
510 1807 591 1851 isto
611 1822 787 1862 sessore,
814 1815 863 1850 tu
884 1806 1026 1862 cades,
1051 1823 1141 1851 non
1162 1805 1249 1850 ille.
1276 1826 1292 1846 «
1316 1805 1456 1851 Multa

67 1896 87 1919 »
123 1876 294 1937 flagella
315 1878 553 1938 peccatoris
580 1898 588 1922 :
620 1886 865 1938 sperantem
883 1887 1030 1921 autem
1053 1878 1097 1920 in
1119 1877 1305 1921 Domino
1328 1877 1456 1921 mise-

66 1966 88 1990 »
123 1948 308 1993 ricordia
330 1947 634 1993 circumdabit.
665 1968 683 1989 »
710 1947 942 2000 Quomodo
961 1957 1025 1992 est
1042 1946 1261 2006 refugium
1289 1964 1310 1991 a
1331 1963 1453 2007 pres-

62 2020 192 2064 sura?
211 2021 352 2072 Quem
374 2019 516 2079 primo
538 2017 778 2062 circumdat
799 2033 1012 2077 pressura,
1038 2027 1186 2077 postea
1212 2018 1455 2062 circumdat

62 2089 357 2135 misericordia
390 2108 400 2134 ;
425 2089 633 2150 quoniam
664 2087 1003 2132 misericordiam
1035 2087 1184 2143 dabit,
1212 2089 1288 2149 qui
1308 2088 1453 2147 legem

63 2161 245 2217 dedit&
267 2161 407 2220 legem
424 2160 472 2205 in
489 2160 692 2219 flagellis,
716 2160 1054 2204 misericordiam
1077 2160 1123 2204 in
1145 2160 1454 2205 consolationi-

63 2233 162 2279 bus,
188 2253 210 2276 α
233 2236 488 2293 Sperantem
505 2241 652 2276 autem
670 2232 717 2275 in
742 2231 928 2276 Domino
950 2231 1243 2276 misericordia
1264 2232 1452 2276 circum-

69 2324 88 2347 »
122 2303 259 2348 dabit.
289 2323 308 2345 ))

121 2377 283 2420 XXIV.
319 2377 436 2434 Ergo
456 2373 565 2435 quid
575 2372 884 2419 concluditur?
906 2392 922 2413 «
938 2371 1222 2417 Laetaniiniin
1244 2373 1447 2430 Domino,

67 2465 90 2489 »
123 2455 168 2491 et
180 2444 369 2490 exultate
379 2446 526 2505 justi5.
548 2465 566 2486 ›>
586 2446 624 2489 Ο
645 2445 722 2505 qui
742 2444 951 2488 laetamini
968 2444 1014 2487 in
1035 2443 1182 2488 vobis!
1209 2460 1234 2489 o
1251 2444 1398 2504 impii,
1424 2460 1450 2489 o

110 2551 122 2568 ¹
143 2543 225 2576 Psal.
241 2554 340 2584 mxu,
359 2551 391 2585 7.
410 2547 477 2566 —2
495 2526 608 2574 Matth.
634 2552 702 2583 xxi,
723 2551 754 2584 7.
771 2558 812 2564 -—
827 2539 840 2565 3
864 2540 945 2574 Psal.
962 2552 1049 2584 xxiv,
1067 2553 1101 2585 9.
1115 2559 1158 2564 —
1175 2540 1190 2572 4
1206 2542 1253 2574 Id.
1272 2552 1400 2583 mxxxiii,
1414 2543 1447 2574 8.

64 2618 105 2624 -
124 2598 140 2623 ⁵
156 2599 203 2632 Id.
229 2609 317 2638 xxxi,
339 2610 390 2630 11.
