1833 3284
365 260 608 292 munim-1⁸10
639 265 686 292 us
717 263 922 293 PsALmJM
951 263 1013 292 v1.
1300 254 1383 294 155

0 330 112 375 Dicit
136 329 269 374 etiam
297 329 532 390 Apostolus
561 330 669 374 iram
695 330 863 391 judiciii
891 350 899 375 ε
934 350 952 371 «
981 331 1260 381 Thesaurizas
1280 332 1407 388 tihi,⁴

0 417 22 442 n
56 400 222 460 inquit,
252 400 362 444 iram
387 400 434 444 in
461 399 532 444 die
562 400 639 445 irae
663 403 769 462 justi
786 399 941 462 judicii
964 401 1081 445 Deil.
1113 420 1134 442 »
1161 404 1213 446 In
1233 419 1321 463 qua
1341 419 1386 447 se

0 486 88 519 non
105 470 202 518 vult
218 471 358 530 argui,
372 470 569 532 quisquis
586 473 630 516 in
646 474 727 518 hae
744 473 832 518 vita
849 472 990 517 sanari
1007 471 1238 518 desiderat.
1263 492 1280 514 «
1297 477 1386 519 Nee

0 558 20 588 n
55 541 104 586 in
123 539 270 586 furore
292 551 370 588 tuo
391 542 596 602 corripias
613 558 698 588 me.
721 542 958 602 Corripias‚
983 560 1003 583 »
1021 542 1171 587 mitius
1185 543 1384 589 videtur:

0 610 53 657 ad
74 611 422 661 emendationem
450 613 567 656 enim
588 613 721 658 valet.
748 616 859 662 Nam
879 613 957 673 qui
985 613 1204 671 arguitur,
1229 613 1275 658 id
1296 624 1382 669 est,

0 691 244 738 accusatur,
259 682 548 729 metuendum
562 693 627 728 est
643 699 698 728 ne
715 685 848 728 finem
860 683 1025 731 habeat
1041 683 1382 733 damnationem.

0 753 82 800 Sed
101 755 310 815 quoniam
327 754 449 799 furor
469 754 568 815 plus
590 755 762 800 videtur
779 770 870 800 esse
886 770 1019 815 quam
1035 755 1113 809 ira,
1134 765 1276 815 potest
1291 771 1387 801 mo-

0 839 96 870 vere
116 841 195 870 cur
214 824 326 870 illud
348 825 470 886 quod
490 834 555 869 est
577 826 724 870 mitius
738 862 749 881 ‚
768 825 815 871 id
835 835 921 880 θεῖ,
942 827 1160 885 correptio
1168 862 1183 882 ,
1210 842 1311 871 cum
1334 842 1386 872 eo

0 895 186 956 positum
204 905 268 940 est
290 894 413 956 quod
434 904 499 939 est
519 895 692 950 durius,
714 895 760 940 id
782 905 866 951 est,
885 911 987 940 cum
1008 895 1172 941 furore.
1201 896 1287 947 Sed
1308 912 1386 955 ego

0 976 104 1026 puto
119 981 254 1010 unam
269 978 362 1011 rem
377 964 551 1010 duobus
564 967 705 1011 verbis
723 967 1021 1025 significatam.
1041 969 1150 1012 Nam
1174 968 1222 1011 in
1246 983 1387 1026 graeco

0 1043 87 1087 θυμός
109 1035 237 1097 'quod
267 1045 332 1081 est
362 1037 408 1081 in
439 1037 580 1097 primo
611 1052 738 1082 versu
756 1072 768 1092 ,
794 1037 878 1081 hoc
906 1037 1120 1096 signifieat
1141 1037 1263 1098 quod
1291 1046 1385 1091 ὀργή,

0 1105 115 1165 quod
136 1115 200 1151 est
221 1106 268 1150 in
290 1107 484 1152 secundo
504 1123 646 1151 versu.
675 1106 760 1153 Sed
782 1123 883 1158 eum
906 1108 1049 1151 Latini
1071 1107 1233 1152 vellent
1256 1108 1385 1153 etiam

0 1174 76 1235 ipsi
103 1174 192 1221 duo
215 1176 348 1221 verba
375 1192 559 1236 ponere,
579 1178 814 1238 quaesitum
836 1186 900 1221 est
926 1177 1036 1237 quid
1063 1187 1173 1222 esset
1194 1179 1386 1224 vicinum

0 1246 90 1302 trae,
112 1256 156 1292 et
174 1248 366 1308 positum
387 1257 451 1292 est
473 1247 609 1293 furor.
629 1248 735 1293 Ideo
754 1249 871 1293 varie
893 1248 1063 1293 codices
1081 1249 1270 1307 habent3
1287 1265 1389 1294 nam

0 1318 41 1362 in
60 1317 154 1363 aliis
183 1319 303 1378 prius
332 1319 555 1364 invenitur
586 1320 671 1375 ira,
697 1319 858 1364 deinde
890 1320 1041 1366 furor:
1066 1321 1110 1364 in
1146 1319 1238 1364 aliis
1269 1321 1389 1380 prius

0 1387 139 1444 furor,
164 1388 323 1434 deinde
341 1390 403 1434 ira
423 1410 432 1435 :
452 1390 499 1434 in
525 1390 617 1435 aliis
637 1407 718 1450 pro
749 1390 897 1435 surore
919 1391 1164 1450 indignatio
1184 1392 1386 1451 ponitur,

0 1468 73 1504 aut
92 1459 208 1505 bilis.
242 1460 326 1505 Sed
344 1454 567 1521 'quidquid
590 1461 703 1506 illud
725 1472 790 1506 est
806 1497 817 1516 ‚
837 1471 982 1506 motus
1000 1471 1064 1506 est
1085 1462 1217 1506 animi
1235 1478 1392 1522 provo-

0 1545 97 1575 cans
115 1529 169 1574 ad
191 1546 370 1590 poenam
390 1530 678 1576 inferendam.
705 1533 792 1585 Qui
815 1542 963 1576 tamen
983 1542 1151 1587 motus,
1174 1549 1265 1577 non
1287 1542 1387 1577 tan—

0 1617 127 1663 quam
148 1602 305 1646 animae
323 1605 414 1647 Deo
431 1603 692 1647 tribuendus
709 1613 788 1658 est,
809 1603 864 1647 de
882 1619 970 1663 quo
988 1604 1154 1648 dietum
1172 1614 1235 1648 est
1252 1624 1261 1648 ε
1283 1624 1303 1646 «
1322 1607 1387 1648 Tu

0 1691 19 1714 ιι
55 1681 218 1727 autem,
233 1673 419 1717 Domine
434 1673 666 1729 virtutum,
684 1689 786 1742 eum
805 1673 1123 1735 tranquillitate
1135 1675 1345 1735 judicas?
1361 1693 1382 1716 »

0 1743 127 1797 Quod
150 1752 297 1787 autem
319 1743 607 1804 tranquillum
636 1754 720 1801 est,
746 1761 835 1789 non
857 1756 921 1790 est
939 1746 1261 1805 perturbatum.
1288 1749 1387 1791 Non

0 1830 98 1873 ergo
114 1815 230 1859 cadit
245 1816 291 1860 in
308 1819 449 1860 Deum
464 1816 658 1876 judicem
679 1817 952 1876 perturbatio
973 1837 980 1861 :
1002 1817 1078 1862 sed
1095 1817 1215 1878 quod
1232 1818 1278 1861 in
1296 1819 1387 1878 ejus

0 1886 202 1930 ministris
225 1886 296 1941 fit,
325 1887 428 1946 quia
459 1902 538 1946 per
558 1886 675 1946 leges
705 1889 795 1947 ejus
820 1888 893 1942 fit,
922 1888 983 1931 ira
1012 1890 1104 1948 ejus
1129 1888 1305 1933 dicitur.
1338 1892 1390 1932 In

0 1972 84 2017 qua
106 1957 192 2012 ira,
217 1973 307 2002 non
328 1957 471 2002 solum
504 1958 625 2015 argui
653 1974 697 2002 se
719 1974 809 2002 non
843 1958 940 2002 vult
971 1959 1114 2003 anima
1145 1975 1244 2019 quae
1271 1975 1391 2003 nune

0 2038 120 2087 orat3
147 2029 224 2074 sed
249 2045 330 2074 nee
352 2030 533 2089 corripi,
554 2029 599 2073 id
627 2039 704 2085 est,
731 2029 954 2073 emendari
976 2028 1045 2073 vel
1073 2030 1253 2073 erudiri.
1282 2033 1392 2075 Nam

0 2100 45 2158 in
79 2114 219 2158 graeco
240 2104 415 2151 παιδεύσῃς
443 2100 636 2160 positum
662 2110 747 2155 est,
780 2099 826 2143 id
849 2109 933 2155 est,
960 2099 1146 2144 erudias.
1184 2104 1393 2160 Arguun—

1 2179 72 2233 tnr
93 2180 242 2215 autem
274 2171 321 2215 in
352 2171 422 2216 die
446 2172 600 2231 judieii
622 2187 772 2216 omnes
796 2171 873 2231 qui
906 2187 996 2215 non
1029 2171 1195 2215 habent
1227 2170 1392 2215 sunda-

0 2250 199 2287 mentum
221 2241 343 2301 quod
372 2250 436 2285 est
458 2242 671 2286 Christus.
704 2241 1008 2287 Emendantur
1041 2251 1210 2296 autem,
1231 2241 1278 2285 id
1305 2251 1390 2297 est,

0 2322 263 2372 purgantur,
286 2312 364 2373 qui
389 2313 492 2358 huie
514 2312 805 2358 fundamento
827 2313 1178 2373 superaedificant
1197 2312 1367 2371 lignum
1381 2349 1391 2368 ‚

0 2383 192 2438 foenum,
210 2382 430 2443 stipulam.
454 2384 775 2429 Detrimentum
797 2385 913 2428 enim
931 2384 1174 2443 patientur,
1195 2384 1271 2428 sed
1288 2383 1391 2428 salvi

2 2463 133 2498 erunt
157 2463 365 2514 tanquam
386 2470 463 2514 per
483 2455 670 2513 ignemss.
699 2454 816 2508 Quid
842 2470 945 2513 ergo
966 2454 1046 2498 iste
1068 2464 1184 2509 orat,
1205 2455 1281 2515 qui
1303 2469 1393 2499 non

3 2523 99 2571 vult
121 2524 167 2567 in
192 2525 254 2568 ira
276 2525 448 2569 Domini
475 2523 545 2569 vel
568 2525 690 2584 argui
723 2524 793 2569 vel
815 2525 1065 2569 emendari?
1085 2524 1214 2585 quid,
1240 2524 1322 2568 nisi
1343 2533 1393 2568 ut

53 2615 62 2630 ¹
83 2611 174 2640 Rom.
192 2620 226 2649 11,
243 2608 274 2642 5.
295 2627 336 2632 -—-
362 2617 375 2632 ²
395 2611 469 2651 Sap.
485 2621 542 2649 xn,
563 2612 615 2642 18.
637 2627 677 2632 -—
699 2608 712 2633 3
738 2622 748 2641 1
767 2612 840 2642 Cor.
864 2621 910 2649 111,
934 2621 990 2642 11.
