1833 3284
349 214 433 253 472
782 225 814 255 s.
852 227 1081 255 Avensa-11³1
1114 227 1295 255 Eprscom

347 301 526 335 cantant
542 295 655 347 Deo,
685 291 866 336 laudant
886 295 1047 337 Deum:
1078 307 1166 336 non
1186 301 1286 336 sunt
1310 291 1611 350 improbandi,
1650 291 1738 335 imo

347 360 629 420 gaudendum
654 371 717 405 cst
740 362 822 406 illis
839 397 849 417 ,
885 362 988 422 quia
1014 361 1141 405 multi
1168 377 1248 406 nce
1288 371 1408 406 tunc.
1449 360 1534 406 Sed
1570 361 1639 405 isti
1662 362 1740 421 qui

339 433 428 491 jam
447 435 583 476 Deum
596 431 775 476 laudare
788 448 837 476 ex
852 432 1146 492 prosperitatis
1160 442 1281 492 parte
1293 441 1540 493 coeperunt,
1556 430 1741 477 docendi

344 512 448 547 sunt
478 512 646 562 patrem
678 518 908 561 agnoscere
937 513 980 547 et
1014 502 1328 562 flagellantem,
1361 519 1440 548 nec
1469 517 1741 547 murmurare

345 573 551 618 adversus
573 574 828 633 corrigentis
851 589 1054 628 manum,
1072 589 1127 617 ne
1150 589 1322 633 semper
1334 575 1456 634 pravi
1470 582 1742 617 remanentes

344 645 609 689 exiiseredari
624 654 874 689 mereantur
889 680 900 700 ,
917 654 968 689 ut
980 644 1083 689 facti
1099 646 1191 705 jam
1211 645 1315 689 recti
1330 680 1341 700 ,
1359 647 1375 703 (
1392 644 1509 699 Quid
1522 653 1585 689 est
1607 644 1743 688 recti?

344 726 394 760 ut
418 715 527 760 nihil
560 715 643 760 illis
675 716 901 776 displiceat
928 715 1049 777 quod
1075 714 1226 762 feeerit
1251 719 1413 775 Deus.)
1441 716 1608 776 possint
1630 724 1674 759 et
1695 717 1743 758 in

345 787 534 832 adversis
552 790 691 831 Deum
712 786 909 843 laudare,
935 797 979 843 et
999 786 1169 843 dicere,
1199 807 1221 830 «
1253 789 1462 833 Dominus
1490 786 1633 842 dedit,
1650 790 1743 831 Do-

346 876 368 899 »
393 858 538 902 minus
561 857 764 916 abstulit,
789 858 902 903 sicut
932 858 1120 903 Domino
1144 858 1333 919 placuit,
1364 859 1426 903 ita
1453 858 1620 903 factum
1643 867 1707 902 est
1731 876 1741 903 2

347 947 368 970 n
394 930 450 973 sit
474 944 636 973 nomen
664 929 840 974 Domini
873 929 1179 975 benedictum¹
1207 950 1217 977 :
1245 949 1264 972 n
1293 930 1416 975 Tales
1448 939 1586 974 rectos
1619 927 1745 973 decet

345 999 540 1045 laudatio
555 1036 566 1055 ‚
588 1016 678 1045 non
703 1002 841 1060 primo
862 1000 1140 1056 laudaturos,
1167 1011 1211 1046 et
1233 1011 1382 1061 postea
1402 1001 1739 1061 vituperaturos,

408 1074 484 1116 lV.
501 1074 618 1131 Ergo
626 1072 732 1132 justi
756 1071 884 1128 recti,
907 1071 1098 1117 exultate
1114 1072 1161 1116 in
1179 1073 1366 1117 Domino
1382 1093 1393 1130 3
1412 1073 1515 1133 quia
1527 1086 1603 1116 vos
1620 1070 1746 1116 decet

345 1141 556 1187 laudatio.
586 1145 725 1187 Nemo
747 1141 864 1188 dieat
883 1163 891 1188 :
913 1144 1019 1196 Quis
1049 1159 1131 1202 ego
1149 1145 1292 1205 justus
1310 1179 1321 1199 ,
1354 1153 1428 1188 aut
1462 1141 1641 1204 quando
1664 1156 1745 1200 ego

342 1215 513 1273 justus?
535 1213 679 1258 Nolite
696 1230 772 1258 vos
794 1215 979 1274 abjicere
1002 1224 1044 1259 et
1062 1214 1291 1274 desperare
1304 1214 1359 1259 de
1374 1214 1514 1259 vobis.
1537 1214 1745 1258 Homines

347 1284 447 1328 estis
465 1319 476 1339 ,
499 1283 554 1328 ad
573 1285 808 1343 imaginem
827 1285 903 1329 Dei
925 1284 1028 1330 facti
1050 1286 1173 1330 estis²
1189 1306 1198 1330 :
1215 1286 1290 1346 qui
1305 1301 1382 1330 vos
1397 1285 1596 1329 homines
1610 1284 1715 1329 fecit
1730 1319 1742 1340 ,

347 1369 428 1414 pro
448 1354 571 1399 vobis
590 1364 633 1398 et
653 1355 786 1400 homo
800 1354 942 1400 faetus
958 1365 1022 1400 est
1043 1376 1051 1400 :
1071 1366 1120 1400 ut
1134 1356 1261 1400 multi
1279 1356 1356 1400 filii
1375 1356 1430 1400 ad
1443 1355 1746 1400 haereditatem

347 1426 657 1485 sempiternam
676 1425 1011 1486 adoptaremini,
1028 1427 1200 1485 sanguis
1217 1428 1338 1472 Unici
1352 1443 1432 1487 pro
1444 1427 1569 1473 vobis
1583 1427 1748 1471 effusus

347 1506 427 1541 est.
456 1497 498 1541 Si
521 1513 597 1541 vos
617 1496 742 1541 vobis
768 1506 936 1542 terrena
955 1497 1189 1558 fragilitate
1205 1497 1405 1554 viluistis,
1427 1515 1479 1543 ex
1499 1498 1641 1558 pretio
1656 1512 1748 1543 ves-

350 1577 418 1612 tro
448 1583 524 1612 vos
554 1567 789 1628 appendite
816 1588 825 1614 :
851 1568 960 1630 quid
987 1569 1285 1625 manducetis,
1310 1569 1419 1631 quid
1446 1570 1632 1625 bibatis,
1657 1584 1748 1630 quo

348 1640 599 1684 suscribatis
620 1643 783 1695 Amen,
813 1639 946 1699 digne
968 1641 1170 1699 cogitate.
1198 1640 1425 1702 Numquid
1448 1642 1532 1686 hoc
1554 1656 1630 1685 vos
1652 1655 1748 1685 mo-

348 1726 523 1766 nemus,
550 1720 601 1755 ut
623 1711 800 1770 superbi
832 1711 920 1755 sitis
937 1747 948 1767 ,
984 1721 1029 1756 et
1054 1711 1180 1756 vobis
1207 1711 1399 1772 aliquam
1431 1711 1747 1772 perfectionem

349 1782 544 1826 audeatis
574 1783 800 1841 arrogare?
824 1783 910 1826 Sed
941 1797 1032 1826 non
1059 1782 1218 1826 iterum
1250 1782 1306 1826 ab
1335 1783 1455 1827 omni
1477 1782 1644 1843 justitia
1670 1797 1748 1827 vos

349 1863 505 1914 putare
524 1853 693 1898 debetis
720 1853 867 1898 exules
897 1854 1005 1897 fieri.
1031 1853 1142 1899 Nolo
1165 1854 1281 1898 enim
1303 1869 1379 1899 vos
1404 1854 1670 1912 interrogare
1692 1853 1749 1898 de

343 1925 513 1985 justitia
540 1933 704 1982 vestra3
727 1922 917 1969 fortassis
946 1924 1065 1968 enim
1082 1939 1213 1969 nemo
1234 1934 1428 1969 vestrum
1458 1925 1564 1968 mihi
1590 1923 1750 1969 audeat

348 1995 612 2056 respondere
626 2032 637 2052 ,
663 1999 687 2041 J
694 2005 813 2042 ustus
829 2011 925 2041 sum
950 2016 959 2041 :
985 1996 1062 2041 sed
1080 1997 1302 2056 interrogo
1324 2012 1400 2042 vos
1413 1995 1468 2041 de
1479 1996 1567 2041 fide
1588 2005 1744 2042 vestra.

352 2068 474 2112 Sicut
495 2083 625 2114 nemo
647 2078 841 2113 vestrum
863 2068 997 2113 audet
1019 2069 1162 2113 dicere
1176 2105 1186 2124 ,
1210 2071 1360 2113 Justus
1379 2084 1476 2113 sum
1501 2088 1510 2113 ι
1534 2068 1593 2113 sie
1617 2083 1750 2112 nemo

350 2138 483 2183 audet
505 2140 648 2184 dicere
665 2175 676 2196 ,
704 2139 864 2184 Fidelis
886 2156 976 2184 non
1003 2156 1114 2184 sum.
1141 2139 1349 2185 Nondum
1377 2155 1528 2200 quaero
1550 2138 1658 2200 quid
1679 2139 1750 2184 vi-

349 2225 423 2254 vas
438 2246 448 2266 ,
469 2209 545 2254 sed
567 2226 717 2271 quaero
734 2211 844 2271 quid
861 2211 1025 2256 eredas.
1054 2215 1358 2271 Responsurus
1374 2226 1417 2255 es
1445 2210 1621 2255 credere
1644 2220 1686 2254 te
1702 2210 1749 2254 in

350 2282 589 2326 Christum.
607 2285 703 2327 Non
717 2281 875 2327 audisti
892 2283 1169 2343 Apostolum,
1190 2302 1210 2325 «
1232 2285 1256 2326 J
1262 2292 1382 2327 ustus
1395 2297 1447 2326 ex
1464 2281 1551 2326 fide
1564 2282 1690 2327 vivit3
1700 2283 1745 2326 P»

352 2352 480 2397 Fides
504 2362 599 2407 tua,
627 2353 795 2413 justitia
824 2362 900 2398 tua
927 2373 937 2398 :
967 2354 1069 2414 quia
1095 2353 1249 2414 utique
1277 2354 1311 2397 si
1339 2352 1499 2408 credis,
1536 2368 1688 2410 caves,
1713 2352 1748 2396 si

351 2432 498 2467 autem
522 2440 646 2468 caves
667 2459 677 2479 ,
699 2425 897 2482 conaris,
929 2434 974 2469 et
994 2433 1202 2469 conatum
1230 2434 1358 2468 tuum
1386 2424 1506 2468 novit
1536 2426 1673 2479 Deus,
1704 2432 1750 2468 et

351 2493 621 2538 voluntatem
638 2504 759 2539 tuam
774 2496 970 2555 inspicit,
990 2505 1034 2540 et
1046 2495 1210 2539 luctam
1223 2511 1324 2540 eum
1338 2510 1468 2540 carne
1480 2493 1744 2549 considerat,

403 2586 410 2600 ¹
431 2579 684 2617 Jol›.1,11.—
706 2587 719 2602 ²
738 2583 817 2612 Gen.
837 2592 860 2617 l,
879 2589 933 2622 27*
954 2598 995 2603 —-
1016 2579 1029 2603 3
1050 2583 1139 2613 Rom.
1163 2592 1189 2620 1,
1208 2591 1258 2622 ¹7.
