1833 3284
373 207 457 245 366
807 214 840 241 S.
879 215 1112 243 Aueusnm
1145 218 1327 244 EPISCOPI

370 284 494 327 orat?
524 280 590 326 Ad
624 295 757 341 quem
786 282 907 324 orat?
939 283 1083 334 Quare
1118 285 1245 326 orat?
1277 283 1384 326 Orat
1412 282 1552 325 Deus?
1573 282 1679 325 Orat
1710 279 1766 325 ad

368 351 615 413 zeqiialem?
643 353 827 396 Causam
861 360 1007 394 autem
1039 351 1193 395 orandi
1237 367 1370 413 quam
1402 351 1561 405 habet,
1592 366 1763 410 semper

366 425 520 467 beatus
538 458 548 478 ‚
595 438 764 482 semper
807 423 1082 482 omnipotens
1100 459 1111 478 ‚
1154 439 1324 484 semper
1367 422 1758 478 incommutabilis,

366 503 581 547 {etei-nus,
618 502 661 536 et
695 493 808 536 Patri
842 496 1116 537 coaeternus?
1146 497 1372 538 Intuentes
1400 508 1504 552 ergo
1537 491 1658 552 quod
1685 507 1763 552 per

364 568 594 619 Joannem⁷
616 564 738 625 qnasi
759 579 835 623 per
852 564 1087 624 quamdam
1104 569 1264 609 nubem
1284 581 1421 620 suam,
1442 565 1532 625 ipse
1550 564 1757 620 intonuit,

364 635 533 681 dicens:
560 656 579 677 «
603 639 652 679 ln
674 635 886 695 principio
907 647 999 680 erat
1025 636 1232 691 Verbum,
1261 647 1303 680 et
1320 637 1516 680 Verbum
1534 647 1625 680 erat
1643 635 1762 696 apud

364 726 384 748 »
424 711 576 761 Deum⁷
593 716 636 750 et
656 709 767 750 Deus
783 716 874 750 erat
893 707 1104 763 Verbum,
1122 708 1204 752 hoe
1227 717 1319 751 erat
1342 708 1386 751 in
1410 705 1762 767 principio-apud

422 781 558 822 Deum
579 777 749 821 :omnia
771 793 848 836 per
865 777 1009 837 ipsum
1031 778 1144 822 faeta
1167 787 1284 833 sunt,
1311 788 1355 822 et
1376 779 1466 822 sine
1484 778 1578 838 ipso
1596 776 1761 826 factum

365 869 385 891 »
422 859 485 893 est
508 848 617 893 nibil
647 865 654 889 :
682 848 804 909 quod
826 848 992 893 factum
1015 859 1079 894 est
1102 851 1146 893 in
1169 849 1244 894 illo
1268 850 1355 894 vita
1384 859 1469 905 est,
1493 859 1537 894 et
1558 850 1645 894 vita
1669 858 1761 894 erat

361 940 383 963 »
417 921 492 966 lux
514 921 766 976 hominum,
792 931 835 965 et
851 920 926 965 lux
949 922 994 965 in
1018 922 1208 967 tenebris
1230 922 1364 978 lueet,
1390 932 1433 966 et
1451 923 1644 966 tenebrae
1663 938 1759 966 eam

362 1010 383 1034 ³)
419 1009 509 1037 non
544 992 1022 1053 eomprelienderuntl.
1054 1002 1072 1035 '»
1103 997 1199 1038 Huc
1234 1010 1372 1054 usque
1407 992 1626 1049 dieentes7
1669 1009 1761 1038 non

296 1103 304 1114 ,
358 1065 603 1109 invenimus
642 1065 881 1109 orationem
901 1101 911 1120 ‚
951 1081 1031 1110 nec
1064 1081 1239 1110 causam
1276 1064 1459 1121 orandi,
1498 1081 1577 1110 nec
1611 1065 1760 1110 locum

360 1135 536 1190 orandi,
558 1152 637 1180 nec
654 1136 863 1180 affectum
886 1135 1054 1180 orandi.
1083 1137 1167 1182 Sed
1185 1137 1393 1198 quoniam
1416 1136 1547 1196 paulo
1574 1146 1671 1198 post
1691 1136 1760 1181 di-

358 1207 441 1252 cit:
466 1227 485 1248 «
504 1210 559 1250 Et
576 1207 771 1250 Verbum
793 1223 893 1251 earo
912 1206 1076 1251 factum
1094 1217 1173 1263 est,
1195 1219 1238 1252 et
1255 1208 1469 1253 habitavit
1485 1209 1530 1252 in
1544 1208 1695 1253 nobis2
1710 1228 1718 1253 ;
1733 1227 1753 1251 »

358 1278 493 1322 habes
510 1279 777 1338 majestatem
796 1278 852 1322 ad
875 1294 1009 1339 quam
1025 1295 1119 1323 ores
1135 1315 1146 1334 ,
1166 1279 1301 1324 habes
1320 1280 1636 1324 humanitatem
1658 1296 1758 1340 quae

357 1365 436 1410 pro
453 1360 496 1394 te
514 1359 622 1394 oret.
649 1353 759 1394 Nam
785 1350 1060 1394 hoc-dietum
1077 1361 1141 1395 est
1162 1351 1217 1394 ab
1240 1351 1450 1410 Apostolo
1467 1387 1478 1406 ‚
1504 1351 1633 1395 etiam
1660 1361 1759 1412 post

357 1420 721 1466 resurrectionem
746 1421 918 1465 Domini
942 1421 1076 1466 nostri
1098 1424 1201 1466 Jesu
1224 1423 1385 1467 Christi
1411 1441 1421 1467 ι
1452 1442 1470 1465 «
1498 1423 1585 1476 Qui
1603 1422 1726 1467 sedet
1742 1458 1753 1479 ‚

359 1512 379 1535 »
415 1493 561 1554 inquit
589 1492 645 1537 ad
666 1492 885 1537 dexteram
909 1494 1008 1549 Dei,
1045 1494 1120 1554 qui
1144 1495 1273 1538 etiam
1302 1493 1551 1554 interpellat
1572 1510 1651 1554 pro
1672 1510 1756 1540 no-

358 1583 379 1607 »
416 1565 481 1609 bis
496 1566 510 1590 3
547 1567 730 1618 »Quare
752 1564 1001 1625 interpellat
1023 1581 1102 1625 pro
1124 1566 1282 1611 nobis?
1303 1567 1414 1620 Quia
1436 1566 1650 1611 mediator
1666 1582 1756 1612 esse

356 1636 561 1695 dignatus
574 1645 652 1679 est.
669 1635 784 1689 Quid
800 1646 863 1680 est
877 1636 1161 1681 mediatorem
1176 1653 1265 1681 esse
1278 1638 1391 1682 inter
1402 1641 1540 1682 Deum
1553 1647 1596 1682 et
1611 1638 1756 1682 homi-

354 1709 463 1750 nes?
486 1709 582 1751 Non
613 1707 727 1751 inter
750 1710 921 1751 Patrem
957 1716 1001 1751 et
1032 1708 1256 1763 homines⁷
1289 1708 1366 1753 sed
1395 1709 1507 1753 inter
1541 1711 1680 1753 Deum
1711 1719 1755 1754 et

355 1778 596 1822 homines&
622 1778 739 1831 Quid
758 1780 897 1822 Deus?
921 1782 1048 1823 Pater
1067 1788 1110 1822 et
1132 1777 1267 1823 Filius
1290 1789 1333 1823 et
1358 1780 1540 1839 Spiritus
1558 1789 1749 1825 sanctus.

365 798 374 818 )

1818 1208 1821 1235 1

356 1851 474 1903 Quid
503 1858 605 1893 sunt
627 1850 855 1894 homines?
889 1854 1167 1907 Peccatores,
1204 1851 1352 1912 impii,
1385 1851 1604 1897 mortales.
1634 1856 1754 1897 Inter
1814 1868 1815 1873 ¹

354 1921 474 1966 illam
495 1921 750 1965 Trinitatem
771 1932 814 1966 et
830 1922 1059 1966 hominum
1080 1923 1377 1968 infirmitatem
1392 1933 1436 1968 et
1456 1924 1749 1985 iniquitatem,

353 1992 570 2038 mediator
592 1993 733 2038 factus
754 2003 817 2037 est
840 1994 996 2048 homo,
1019 2006 1108 2038 non
1127 1994 1326 2055 iniquus,
1360 1993 1434 2039 sed
1457 2004 1603 2039 tamen
1625 1995 1751 2039 infir-

354 2080 474 2121 mus3
495 2074 544 2108 ut
567 2080 619 2108 ex
637 2080 689 2108 eo
707 2064 828 2124 quod
853 2080 943 2109 non
965 2065 1140 2125 iniquus
1155 2101 1166 2121 ,
1183 2067 1388 2126 jungeret
1415 2076 1458 2110 te
1482 2070 1572 2111 Deo
1587 2102 1598 2120 ,
1624 2082 1677 2110 ex
1698 2082 1751 2112 eo

355 2135 475 2197 quod
493 2136 714 2191 infirmus7
741 2137 1178 2196 propinquarettibi:
1205 2147 1337 2197 atque
1364 2138 1446 2193 ita,
1464 2147 1515 2181 ut
1536 2137 1750 2183 interho-

353 2209 515 2251 minem
540 2217 582 2251 et
607 2211 745 2252 Deum
769 2207 982 2265 mediator
1004 2208 1225 2264 existeret,
1248 2209 1442 2252 Verbum
1468 2224 1567 2253 caro
1584 2208 1750 2254 factum

353 2289 438 2335 est,
459 2279 504 2323 id
525 2289 603 2334 est,
621 2280 814 2324 Verbum
830 2281 962 2324 homo
980 2279 1143 2324 factum
1167 2289 1244 2324 est.
1263 2280 1447 2324 Nomine
1469 2281 1584 2324 enim
1608 2280 1749 2326 carnis

353 2351 559 2411 appellati
581 2361 683 2396 sunt
698 2352 912 2396 homines.
938 2350 1045 2395 Inde
1066 2360 1154 2396 est:
1181 2371 1200 2393 «
1226 2354 1282 2396 Et
1302 2351 1471 2396 videbit
1492 2352 1632 2396 omnis
1647 2368 1747 2397 caro

355 2439 376 2463 »
412 2422 600 2468 salutare
618 2424 736 2468 Dei5.
756 2442 776 2465 »
792 2422 943 2467 Omnis
956 2438 1056 2467 caro
1073 2422 1241 2468 dietum
1261 2432 1340 2478 est,
1356 2438 1506 2469 omnes
1529 2423 1742 2471 homines,

400 2527 409 2542 ¹
432 2523 522 2553 Joan.
544 2532 575 2561 1,
598 2520 671 2553 1-5.
699 2538 740 2544 —
761 2521 875 2554 ²1bid.
903 2520 953 2563 14.
975 2537 1017 2543 -
1037 2518 1051 2544 3
1068 2523 1162 2554 Rom.
1181 2532 1262 2563 vui,
1282 2519 1336 2563 34.
1357 2537 1400 2544 --
1418 2519 1435 2551 4
1455 2532 1468 2553 1
1485 2521 1565 2554 Tim.
1585 2531 1633 2563 11,
1653 2520 1685 2554 5.
1701 2537 1744 2544 ·-

348 2575 364 2600 ⁵
377 2579 455 2610 Luc.
480 2588 528 2619 ιιι,
547 2576 580 2610 6.
