1833 3284
239 224 480 253 ENARRATIO
512 227 545 252 11
577 227 623 253 m·
655 226 855 254 PsAmeM
891 228 1002 265 xxx,
1039 226 1164 255 semi.
1200 230 1247 255 11.
1349 217 1432 258 415

51 307 74 332 »
107 290 327 350 perditum
342 293 373 334 ¹.
395 309 415 333 »
442 291 559 344 Quid
581 302 645 336 est
666 293 771 347 hoc,
803 295 994 337 «Factus
1011 309 1106 338 sum
1129 302 1338 354 tanquam
1361 311 1434 339 vas

50 377 73 402 »
105 361 360 421 perditum?
379 379 398 403 »
415 362 662 407 Laborabat
677 363 757 407 iste
772 398 783 418 ,
803 373 846 407 et
869 363 978 407 nulli
1000 364 1204 423 proderat
1229 384 1237 409 :
1264 364 1374 409 vidit
1391 380 1434 409 se

41 445 120 476 vas
148 446 238 477 esse
254 467 266 488 ,
302 441 347 476 et
368 431 479 476 nulli
500 432 726 492 prodesse,
751 443 795 477 et
818 449 862 477 se
886 443 1092 495 tanquam
1119 451 1193 479 vas
1213 434 1434 495 perditum

47 500 166 547 dicit.

103 574 183 617 XI.
223 591 244 615 «
266 573 484 626 Quoniam
497 573 644 618 audivi
659 574 1026 633 vituperationem
1045 574 1287 619 multorum
1308 592 1435 621 acco-

36 633 70 684 s»
102 642 288 692 lentium
309 643 353 687 in
372 644 557 689 circuitu
571 649 602 688 ².
625 663 645 687 n
672 644 800 690 Multi
824 644 1028 690 accolunt
1043 646 1088 690 in
1110 646 1298 690 circuitu
1317 663 1430 703 meo,

28 722 89 758 ⁴et
110 715 437 774 reprehendunt
453 731 524 760 me
545 715 756 776 quotidie.
775 718 949 769 Quanta
971 715 1086 760 mala
1107 716 1262 761 dicunt
1280 718 1324 761 in
1343 733 1436 762 ma-

42 783 399 841 losChristianos,
416 801 516 846 quae
531 786 762 831 maledicta
775 787 1033 846 perveniunt
1050 786 1105 831 ad
1119 803 1270 832 omnes
1287 789 1434 833 Chris-

42 856 208 901 tianos!
233 857 458 917 Numquid
480 857 596 901 enim
630 856 761 911 dicit,
793 856 867 917 qui
895 856 1118 901 maledicit
1134 893 1144 912 ,
1165 868 1241 902 aut
1263 858 1339 919 qui
1363 874 1433 903 re-

41 926 275 986 prehendit
311 927 578 972 Christianos
625 946 635 971 :
681 930 794 972 Ecce
836 943 937 987 quae
977 926 1147 973 faciunt
1186 944 1276 974 non
1326 929 1432 974 boni

27 997 306 1042 Christiani?
322 996 423 1052 Sed,
444 1000 558 1042 Ecce
571 1014 672 1058 quae
687 997 852 1041 faciunt
873 998 1107 1042 Christiani
1121 1019 1128 1043 :
1142 1014 1231 1043 non
1244 1010 1428 1059 separat,

40 1079 132 1113 non
153 1067 373 1113 discernit.
409 1068 478 1113 Illi
501 1078 646 1112 tamen
664 1069 744 1113 ista
765 1067 941 1126 dicunt,
966 1069 1042 1128 qui
1065 1069 1269 1114 accolunt
1283 1070 1328 1113 in
1349 1071 1433 1125 cir-

38 1139 191 1195 cuitu,
233 1139 279 1184 id
310 1149 398 1195 est,
433 1139 733 1193 circumeunt,
766 1149 809 1183 et
847 1155 937 1183 non
969 1139 1149 1184 intrant.
1180 1143 1322 1193 Quare
1349 1141 1434 1185 cir-

27 1219 271 1267 icumeunt,
303 1220 348 1256 et
378 1226 468 1255 non
495 1210 691 1255 intrant?
722 1211 834 1263 Quia
865 1219 1005 1254 rotam
1034 1211 1241 1270 temporis
1266 1221 1427 1257 amant.

29 1283 137 1327 Non
159 1282 325 1326 intrant
343 1282 397 1326 ad
420 1282 648 1327 veritatem
665 1317 676 1336 ,
702 1281 803 1342 quia
825 1296 916 1325 non
937 1290 1085 1324 amant
1108 1282 1397 1326 aeternitatem
1421 1303 1428 1326 z

26 1353 354 1413 temporali-bus
377 1352 513 1397 dediti
536 1363 746 1413 tauquam
774 1362 881 1396 rotae
913 1352 1157 1407 constricti,
1188 1352 1242 1397 de
1272 1353 1432 1413 quibus

6 1423 144 1468 *alibi
177 1424 337 1468 dicitur
367 1443 376 1468 ε
414 1428 570 1469 «Pone
597 1423 813 1484 principes
842 1439 993 1467 eorum
1024 1433 1074 1467 ut
1103 1426 1270 1468 rotam3
1296 1444 1305 1469 :
1333 1443 1353 1465 n
1389 1434 1433 1469 et

30 1493 164 1549 alibi,
188 1515 208 1537 «
228 1498 276 1539 In
297 1495 485 1539 circuitu
498 1494 626 1554 >impii
643 1493 912 1538 ambulans&
931 1498 1043 1539 Dum
1063 1505 1432 1554 congregarentur

27 1583 65 1608 .»
101 1565 180 1625 ipsi
202 1565 331 1610 simul
366 1566 596 1610 adversum
617 1580 709 1619 me,
740 1575 790 1609 ut
813 1565 1057 1624 acciperent
1079 1565 1266 1610 animam
1291 1582 1432 1610 meam

31 1655 67 1679 .»
94 1636 315 1681 consiliati
343 1646 446 1681 sunt
461 1639 491 1680 5.
522 1655 541 1677 »
576 1635 694 1690 Quid
726 1645 812 1691 est,
851 1655 869 1678 «
886 1639 943 1680 Ut
969 1637 1213 1696 acciperent
1241 1637 1431 1681 animam

28 1725 68 1749 1»
91 1723 242 1752 meam
270 1707 483 1752 consiliati
511 1708 642 1751 sunt?
669 1725 688 1747 n
730 1709 786 1751 Ut
814 1707 1103 1752 consentirem
1146 1708 1431 1767 pravitatibus

18 1795 210 1838 scorti-m.
237 1779 327 1824 Illis
344 1780 461 1824 enim
482 1779 559 1840 qui
575 1778 870 1833 maledicunt,
897 1788 940 1822 et
961 1795 1051 1823 non
1067 1780 1255 1834 intrant,
1278 1795 1430 1839 parum

33 1861 110 1897 est
129 1852 231 1913 quia
253 1867 342 1896 non
364 1852 554 1909 intrant,
578 1861 622 1895 et
644 1852 796 1911 ejicere
820 1851 922 1895 hinc
944 1850 1099 1895 volunt
1124 1851 1427 1911 vituperando.

28 1923 89 1969 ·Si
110 1925 332 1984 ejecerunt
350 1932 392 1966 te
414 1922 468 1966 de
487 1920 699 1976 Ecclesia,
725 1931 989 1980 acceperunt
1006 1922 1195 1966 animam
1219 1932 1339 1966 tuam
1356 1958 1366 1977 ,
1389 1922 1434 1966 id

44 2003 110 2038 est
125 2029 136 2049 ,
157 2002 404 2041 *tenuerunt
435 2007 762 2037 consenslonem
787 2001 931 2049 tuam,
963 2001 1007 2036 et
1033 2008 1113 2036 eris
1138 2009 1185 2036 in
1215 2003 1404 2037 eircultu
1419 2029 1429 2049 ,

41 2078 136 2110 -non
157 2065 203 2108 in
226 2064 462 2108 mansione.

29 2156 35 2159 ·
82 2137 209 2183 :le
244 2137 340 2193 Ego
374 2142 520 2178 autem
535 2169 546 2189 ,
589 2134 702 2178 inter
743 2133 838 2177 haec
879 2132 1111 2192 opprobria
1134 2168 1146 2188 ,
1183 2133 1298 2178 inter
1341 2135 1434 2179 haec

31 2206 266 2262 scandala,
281 2207 397 2250 inter
413 2206 508 2250 haec
523 2204 653 2260 mala,
672 2205 786 2248 inter
797 2205 897 2248 istas
915 2204 1190 2249 seductiones
1201 2241 1212 2261 ,
1231 2205 1333 2250 foris
1348 2206 1434 2250 ini-

31 2277 237 2339 quitates
251 2312 262 2333 ,
279 2286 322 2321 et
341 2277 643 2337 perversitates
665 2276 804 2330 intus,
832 2291 932 2320 cum
953 2275 1219 2320 attenderem
1238 2277 1437 2321 homines

31 2342 199 2410 justos,
219 2358 264 2393 et
279 2362 535 2408 quaerer-em,
559 2356 603 2391 et
620 2346 817 2391 deessent
833 2362 944 2407 quos
963 2346 1170 2401 imitarer,
1195 2346 1304 2406 quid
1324 2346 1438 2392 feci?

30 2419 172 2482 *quod
199 2418 430 2464 consilium
455 2418 632 2463 inveni?
664 2436 684 2460 «
708 2420 803 2476 Ego
825 2427 972 2461 autem
993 2418 1036 2461 in
1060 2426 1103 2461 te
1123 2418 1312 2477 speravi,
1350 2421 1438 2463 Do-

102 2524 109 2540 ¹
142 2517 222 2549 Psal.
243 2527 309 2548 xxx
324 2541 333 2557 ,
366 2515 416 2548 13.
447 2532 488 2538 —
509 2521 522 2537 ²
547 2514 627 2546 lbid.
652 2514 704 2556 14.
726 2531 766 2536 —
791 2511 804 2536 3
823 2515 870 2547 Id.
891 2524 1022 2555 Lxxxu,
1044 2514 1096 2546 15.
1118 2512 1188 2543 -’-’-4
1206 2515 1254 2547 ld.
1272 2525 1322 2558 11,
1344 2526 1376 2558 9.
1397 2532 1438 2539 -—

54 2570 70 2596 5
87 2573 133 2605 Id.
157 2583 233 2614 xxx,
258 2571 308 2615 14.
970 2577 974 2581 ’
