1833 3284
223 208 463 240 ENARRATm
497 214 527 240 11
561 215 605 241 m
639 212 841 241 PsALMUM
874 217 1044 253 xxxin,
1079 214 1205 243 Smyr.
1243 218 1289 243 Π.
1371 206 1456 245 519

73 275 280 335 tegebant
301 277 506 322 virtutem
528 278 674 337 ipsius.
698 279 845 324 Virtus
874 281 990 325 enim
1019 281 1062 324 in
1086 281 1221 325 barba
1245 281 1454 341 intelligi-

72 358 160 394 tur.
200 349 353 396 Salivae
379 350 510 407 igitur
531 349 808 396 decurrentes
837 367 965 410 super
988 352 1168 396 barbam
1197 354 1314 412 ejus,
1349 351 1457 414 quid

70 429 196 474 sunt,
219 421 301 465 nisi
322 421 454 465 verba
475 420 645 465 infirma
662 421 868 466 virtutem
886 423 976 482 ejus
988 423 1202 481 tegentia?
1219 422 1452 480 Intellexit,

69 499 120 534 ut
142 490 342 545 arbitror,
363 491 576 535 Sanctitas
598 494 750 535 Vestra
771 491 949 536 titulum
972 491 1130 536 Psalmi
1147 493 1292 553 hujus
1312 494 1355 539 Si
1377 509 1456 540 ve-

67 559 197 605 limus
212 561 303 620 jam
326 559 545 605 psalmum
574 577 811 621 exponere,
836 562 1080 608 timendum
1103 572 1166 607 est
1182 579 1238 607 ne
1261 562 1334 608 illa
1356 581 1455 624 quae

69 631 268 687 audistis,
303 630 507 676 labantur
543 631 598 676 de
627 632 832 677 cordibus
865 633 1030 677 vestris.
1068 632 1260 678 Titulum
1297 635 1456 680 Psalmi

67 702 200 762 hujus
214 703 537 762 exposuerimus
550 703 596 747 in
614 703 790 748 nomine
806 704 976 748 Domini
997 704 1133 748 nostri
1146 707 1170 749 J
1175 720 1250 749 esu
1264 706 1424 754 Christi
1441 726 1450 752 :

67 773 275 834 quoniam
310 774 521 818 crastinus
550 774 639 818 dies
660 773 904 819 dominicus
926 784 1010 831 est,
1041 784 1084 819 et
1105 774 1315 820 debemus
1332 777 1456 822 vobis

67 858 332 899 sermonem,
373 843 627 892 differamus
669 845 715 893 in
746 845 1011 902 crastinum,
1040 848 1100 890 ‘ut
1139 847 1269 892 etiam
1297 846 1455 892 Psalmi

66 923 236 959 textum
251 913 439 960 libenter
460 915 660 960 audiatis.

512 1202 906 1253 ENARRATIO
942 1205 987 1249 II

357 1345 407 1384 IN
452 1345 662 1384 EUMDEM
698 1344 938 1386 PSALMUM
980 1345 1154 1384 XXXIII.

620 1475 791 1514 SERMO
822 1476 860 1512 Π
878 1488 903 1510 ¹.

623 1602 685 1643 De
717 1597 903 1644 Psalmo.

122 1747 157 1788 Ι.
192 1746 279 1801 Qm
296 1744 500 1789 hesterno
522 1743 592 1787 die
621 1744 803 1788 affuistis
819 1780 829 1799 ,
858 1760 947 1788 non
976 1744 1132 1789 dubito
1154 1744 1275 1806 quod
1296 1745 1452 1789 memi-

61 1816 208 1860 neritis
242 1815 566 1876 pollicitationis
609 1825 782 1860 nostrae.
823 1819 1010 1876 Tempus
1041 1817 1156 1860 enim
1182 1818 1289 1877 jamx
1307 1825 1371 1860 est
1406 1817 1452 1860 in

61 1887 238 1931 nomine
256 1887 430 1930 Domini
443 1886 641 1930 debitum
661 1886 842 1930 solvere.
862 1890 958 1946 Ipse
971 1887 1195 1946 inspiravit
1213 1897 1261 1931 ut
1274 1887 1454 1946 promit-

60 1966 250 2001 teremus
266 1992 277 2008 ‚
301 1957 392 2016 ipse
410 1956 532 2001 dabit
550 1966 600 2000 ut
621 1956 858 2012 solvamus,
885 1972 1053 2016 semper
1076 1957 1303 2001 existentes
1325 1957 1452 2003 debi-

59 2038 173 2073 tores
201 2027 437 2073 charitatis.
464 2031 563 2088 Ipsa
595 2037 659 2071 est
692 2028 807 2071 enim
837 2044 936 2088 quae
965 2043 1135 2088 semper
1162 2027 1376 2083 redditur,
1408 2038 1453 2073 et

59 2114 229 2158 semper
261 2097 465 2154 debetur,
508 2098 620 2142 sicut
647 2098 752 2143 dicit
779 2097 1014 2158 Apostolus
1041 2117 1050 2142 ε
1081 2118 1100 2139 «
1124 2098 1295 2143 Nemini
1318 2098 1451 2159 quid-

65 2187 87 2211 »
122 2185 255 2230 quam
276 2168 495 2224 debeatis,
519 2169 601 2212 nisi
613 2178 663 2213 ut
684 2168 870 2213 invicem
887 2185 962 2213 vos
985 2168 1172 2228 diligatis
1184 2172 1216 2212 ².
1247 2187 1267 2210 »
1294 2168 1452 2214 Psalmi

58 2241 190 2301 hujus
214 2239 392 2284 titulum
412 2240 505 2284 heri
530 2241 828 2300 exposuimus,
863 2241 984 2301 cujus
1006 2241 1214 2300 expositio
1242 2256 1343 2285 cum
1372 2256 1451 2285 nos

60 2309 224 2355 diutius
238 2312 458 2367 retineret,
476 2311 666 2373 ejusdem
685 2311 842 2356 Psalmi
856 2321 1022 2355 textum
1042 2311 1349 2372 exponendum
1361 2312 1450 2356 dis-

60 2380 254 2427 tulimus.
281 2382 521 2426 Audiamus
543 2398 646 2442 ergo
664 2381 771 2444 quid
796 2382 977 2443 Spiritus
994 2392 1166 2427 sanctus
1189 2398 1266 2443 per
1283 2399 1329 2427 os
1341 2386 1450 2427 Pro-

61 2453 205 2513 phetae
226 2453 362 2498 sancti
383 2453 449 2497 sui
470 2452 586 2498 dicat
606 2453 652 2496 in
671 2453 752 2498 isto
775 2468 970 2497 sermone
993 2453 1172 2508 Psalmi,
1197 2452 1318 2514 quod
1340 2469 1449 2498 con-

110 2567 119 2582 ¹
147 2562 256 2593 Sermo
279 2571 346 2601 xxi,
371 2561 412 2593 de
432 2561 553 2593 Psalmo
567 2572 669 2593 xxxin
683 2587 690 2601 ‚
709 2561 836 2593 habitus
850 2561 901 2594 die
916 2561 1091 2594 Dominico.
1114 2579 1155 2586 ι·-
1182 2568 1194 2585 ²
1220 2563 1311 2595 Rom.
1328 2573 1397 2603 1111,
1413 2562 1446 2594 8.
