1833 3284
4 31 17 78 „³-.
4 0 6 3 ,

8 102 18 173 aar&
6 79 15 98 »—

8 205 12 218 1

10 666 16 701 ἱ,

0 241 15 415 ἕ

0 415 13 513 i

266 280 268 283 y
391 237 630 268 ENARRATIO
663 243 694 268 11
727 242 771 268 lN
803 238 1006 269 PSALMUM
1038 242 1164 268 xviii.
1387 230 1471 268 269

79 303 414 364 indignitatem,
451 305 496 350 id
533 314 621 362 est,
659 322 746 367 qua
781 306 901 366 digni
938 322 1026 351 non
1055 305 1241 362 fuimus,
1278 303 1473 365 agnoseit

78 375 193 421 filius
216 377 357 422 minor
376 386 564 435 egestate
587 378 844 422 constrictus
867 397 875 422 :
894 378 1101 435 agnoseit,
1128 378 1332 438 inquam,
1357 377 1471 422 hanc

79 447 381 506 indignitatem
409 447 523 492 filius
544 449 700 507 'Aminor
723 465 746 493 a
775 458 896 510 patre
926 448 1054 507 longe
1077 449 1354 509 peregrinus,
1380 448 1472 492 dae-

77 534 261 564 monum
281 518 439 575 cultor,
460 529 671 580 tanquam
693 535 924 580 porcorum
953 529 1100 579 pastor
1119 541 1129 577 3
1155 520 1352 578 agnoscit
1374 519 1469 577 glo-

79 590 188 634 riam
210 590 288 635 Dei
306 626 316 647 ,
338 589 414 635 sed
436 600 624 650 egestate
645 593 915 636 constrictus.
937 593 994 635 Et
1015 590 1117 651 quia
1138 589 1211 634 illa
1235 590 1369 649 gloria
1392 591 1467 634 Dei

77 660 182 706 facti
199 677 348 707 sumus
360 661 481 723 quod
498 661 621 722 digni
638 679 726 707 non
744 660 921 718 fuimus,
943 661 1050 706 dicit
1064 662 1119 706 ad
1132 670 1301 722 patrem
1318 676 1465 706 suuni:

82 749 103 775 «
121 735 219 778 Non
241 748 336 777 sum
356 731 511 791 dignus
527 733 672 778 vocari
693 733 807 777 filius
822 742 923 777 tuus
940 735 970 777 1.
982 752 991 767 ³
1003 753 1020 774 >›
1049 732 1204 776 Infelix
1221 747 1298 792 per
1318 732 1469 776 humi-

75 802 244 848 litatem
275 804 481 864 impetrat
507 803 785 862 felicitatem3
815 814 859 849 et
891 819 942 848 eo
970 819 1013 847 se
1041 802 1232 848 ostendit
1258 802 1464 862 dignum,

75 891 164 935 quo
187 875 422 919 confitetur
441 875 688 934 indignum.
715 877 838 920 Hane
858 894 878 917 «
903 874 1095 919 Gloriam
1117 875 1195 918 Dei
1217 874 1318 918 coeli
1341 890 1466 918 enar-

77 963 98 987 »
125 955 238 1001 rant,
264 955 307 990 et
329 961 459 1006 opera
471 961 681 990 manuum
704 947 794 1007 ejus
812 947 1043 990 annuntiat
1060 946 1385 989 firmamentum
1400 949 1462 988 ².»

75 1016 248 1061 Coelum
272 1017 612 1072 firmamentum,
631 1017 805 1060 firmum
824 1033 912 1073 eor,
935 1033 1023 1061 11011
1041 1014 1244 1060 timidum
1263 1031 1351 1059 cor.
1374 1018 1466 1059 An-

75 1088 276 1132 nuntiata
299 1088 414 1132 6111111
436 1097 538 1132 sunt
558 1088 637 1132 ista
660 1087 774 1149 inter
795 1088 971 1148 impios,
988 1088 1102 1131 inter
1125 1087 1325 1131 adversos
1344 1090 1434 1131 Deo
1451 1121 1462 1141 ,

73 1159 188 1203 inter
222 1169 432 1203 amatores
460 1158 615 1203 mundi
643 1168 1027 1220 persecutoresque
1054 1159 1273 1219 justorum
1310 1177 1318 1202 :
1352 1157 1467 1201 inter

73 1230 324 1275 saevientem
361 1230 576 1274 mundum
617 1231 874 1275 annuntiata
909 1240 1011 1274 sunt
1036 1230 1130 1274 ista.
1166 1228 1251 1274 Sed
1289 1228 1466 1273 saeviens

73 1300 266 1346 mundus
289 1300 399 1362 quid
419 1310 589 1361 poterat
621 1300 787 1358 facere,
818 1300 994 1362 quando
1024 1302 1351 1345 firmamentum
1386 1300 1466 1343 ista

73 1372 388 1418 annuntiabat?
412 1372 687 1417 «Annuntiat
710 1374 1048 1416 firmamentum.
1072 1392 1088 1413 »
1115 1371 1262 1425 Quid?
1290 1372 1467 1429 «Opera

77 1463 95 1485 »
120 1459 331 1487 manuum
355 1443 460 1504 ejus.
489 1465 505 1486 »
531 1444 641 1495 Quae
663 1452 766 1487 sunt
788 1459 917 1503 opera
945 1457 1156 1486 manuum
1178 1442 1299 1500 ejus?
1321 1439 1468 1484 Gloria

72 1514 150 1559 Dei
172 1513 267 1570 illa,
293 1530 379 1575 qua
403 1514 508 1560 salvi
530 1514 633 1559 faeti
663 1530 812 1558 sumus
827 1550 837 1569 ,
863 1529 948 1574 qua
977 1513 1109 1557 creati
1132 1513 1176 1556 111
1200 1512 1325 1556 bonis
1359 1528 1466 1572 ope-

71 1584 192 1629 ribus
223 1601 387 1629 sumus.
434 1586 572 1646 Ipsius
609 1585 724 1629 enim
753 1601 901 1629 sumus
932 1585 1215 1642 figmentum,
1253 1583 1384 1627 creati
1421 1582 1467 1626 in

71 1656 245 1718 Christo
268 1659 393 1712 Jesu,
431 1656 477 1701 in
512 1657 716 1716 operibus
747 1655 918 1700 11011153.
960 1674 978 1696 «
1004 1658 1101 1700 Non
1133 1653 1274 1698 solum
1304 1653 1467 1713 quippe

74 1744 95 1769 ³)
120 1727 340 1783 homines,
363 1726 440 1772 sed
456 1728 585 1772 etiam
597 1728 735 1788 justos
751 1762 761 1781 ‚
791 1745 810 1768 »
837 1727 906 1785 (si
929 1735 1075 1770 tamen
1098 1740 1246 1769 sumus
1264 1726 1302 1782 a)
1325 1744 1344 1766 ι(
1370 1727 1468 1783 lpse

74 1815 94 1839 »
121 1795 224 1842 feeit
244 1814 349 1854 nos,
371 1807 414 1842 et
435 1813 525 1843 non
546 1798 627 1858 ipsi
645 1798 764 1842 nos·'‘.
793 1815 813 1837 >›

129 1871 206 1913 IV.
231 1888 251 1912 «
276 1869 373 1914 Dies
388 1868 474 1914 diei
495 1878 664 1914 eructat
689 1868 875 1914 verbum
889 1904 900 1924 ⁷
921 1877 965 1912 et
985 1883 1073 1912 nox
1094 1867 1213 1912 110611
1236 1866 1469 1910 annuntiat

73 1958 94 1982 ³>
130 1940 356 1985 scientiam
370 1943 401 1985 ⁵.
431 1959 451 1982 n
479 1941 595 1994 Quid
616 1942 709 1985 est?
727 1944 857 1984 Forte
879 1939 1062 1999 planum
1085 1947 1128 1982 et
1152 1947 1351 1998 apertum
1375 1946 1437 1981 est
1456 1956 1464 1981 ;

76 2029 96 2053 «
121 2011 218 2055 Dies
242 2010 328 2055 diei
349 2019 519 2056 eructat
549 2011 757 2066 verbum,
789 2029 809 2052 »
841 2019 1039 2070 apertum
1064 2018 1107 2053 et
1134 2008 1312 2068 planum
1328 2043 1338 2063 ,
1366 2017 1468 2052 tan-

72 2096 204 2142 quam
225 2082 450 2141 peitdiem.
471 2082 601 2136 Quod
618 2091 764 2127 autem
790 2101 810 2124 «
835 2084 928 2127 Nox
946 2081 1064 2126 110611
1080 2080 1312 2126 annuntiat
1334 2079 1470 2123 seien-

74 2169 96 2193 »
132 2152 266 2208 tiam,
301 2170 322 2194 »
358 2152 594 2197 obscurum
626 2161 715 2208 est,
748 2161 959 2213 tanquam
991 2167 1068 2211 per
1094 2160 1284 2195 noctem.
1322 2168 1342 2191 «
1369 2149 1468 2194 Dies

74 2240 95 2264 »
132 2220 244 2278 diei,
271 2241 292 2265 »
318 2225 453 2268 saneti
476 2224 661 2280 sanetis,
687 2223 885 2283 Apostoli
902 2221 1133 2277 fidelibus,
1152 2222 1242 2281 ipse
1269 2220 1467 2265 Christus

71 2293 312 2353 Apostolis‚
348 2295 509 2355 quibus
548 2294 686 2339 dixit:
718 2314 739 2337 «
769 2297 856 2339 Vos
894 2294 991 2338 estis
1023 2293 1176 2338 lumen
1208 2291 1409 2354 mundiss.
1443 2310 1463 2333 n

73 2366 288 2423 Apertum
313 2366 398 2410 hoe
420 2365 594 2410 videtur
615 2375 659 2410 et
686 2366 864 2424 cognitu
892 2364 1032 2409 facile.
1063 2362 1297 2418 Quomodo
1321 2371 1468 2407 autem

77 2453 98 2476 «
131 2437 225 2481 Nox
251 2436 370 2480 nocti
397 2437 629 2480 annuntiat
653 2436 902 2481 scientiam?
925 2454 945 2477 »
976 2434 1186 2481 Nonnulli
1209 2435 1303 2478 haee
1335 2433 1468 2478 verba

124 2540 133 2556 ¹
155 2534 233 2565 Luc.
254 2543 310 2576 xv,
331 2543 383 2566 21.
404 2551 447 2556 —-
465 2540 479 2556 2
498 2533 578 2565 Psal.
598 2543 687 2573 xviii,
709 2543 741 2566 2.
762 2551 804 2557 —-
823 2531 837 2557 3
856 2532 958 2576 Ephes
990 2543 1036 2574 11,
1056 2543 1103 2564 10.
1125 2549 1166 2555 —-
1184 2529 1201 2562 4
1219 2530 1300 2563 psal.
1327 2541 1411 2571 xcix,
1432 2530 1463 2562 3.

75 2608 116 2612 —
135 2588 321 2631 ⁵1&va
343 2589 372 2622 3.
398 2607 438 2613 --
459 2588 473 2613 6
493 2589 607 2622 Manli.
629 2601 662 2630 v,
692 2590 740 2632 ¹si-
