1833 3284
384 254 467 293 492
810 266 843 293 s.
883 266 1113 295 Aucus'rmt
1145 268 1324 296 EPISCOPI

382 332 488 376 mihi
516 332 682 393 aliquid
712 331 839 377 saciet
854 369 864 389 ‚
889 334 986 394 quis
1009 349 1166 379 nocere
1185 333 1395 379 audebit?
1412 335 1556 380 Nescis
1574 336 1674 395 quia
1698 350 1779 395 po-

380 403 467 446 suit
488 402 560 447 ille
583 403 627 447 in
658 404 868 449 thesauris
891 405 1092 463 abyssos,
1129 405 1266 450 nescis
1294 405 1413 450 unde
1440 404 1633 466 proferat
1656 405 1779 467 quod

381 489 491 533 opus
529 483 593 519 est
624 474 678 519 ad
708 475 1020 535 flagellandum
1044 487 1087 522 te
1111 486 1232 537 pater
1254 480 1380 523 tuus?
1402 478 1487 531 Qui
1515 477 1695 538 quidem
1732 478 1780 522 in

381 545 658 607 disciplinam
687 548 822 592 habet
845 548 986 607 abyssi
1010 550 1254 605 thesauros,
1282 550 1443 610 quibus
1466 559 1509 594 te
1531 549 1702 594 erudiat
1723 549 1780 594 ad

380 617 606 662 thesauros
628 618 859 663 coelorum.
886 622 1001 678 Ergo
1026 621 1118 664 redi
1142 619 1198 664 ad
1220 621 1449 677 timorem,
1476 620 1551 681 qui
1568 621 1659 681 jam
1686 620 1778 664 ibas

380 688 423 731 in
457 689 748 733 securitatem.
786 690 963 735 Exultct
997 700 1133 746 terra,
1167 690 1244 735 sed
1269 700 1312 734 et
1346 691 1510 735 timeat.
1553 689 1730 735 Exultet
1766 711 1775 736 :

379 763 541 820 quare?
563 761 664 821 quia
687 762 979 807 misericordia
1004 763 1177 808 Domini
1196 762 1326 823 plena
1349 772 1413 807 est
1428 772 1557 807 terra.
1581 764 1774 807 Timeat:

379 833 545 892 quare?
568 832 678 886 Quia
698 832 757 877 sic
774 835 1053 893 congregavit
1073 834 1119 878 in
1142 844 1285 879 utrem
1308 850 1441 895 aquas
1463 834 1591 879 maris
1605 871 1616 889 ,
1634 834 1684 878 ut
1699 849 1779 895 po-

380 913 506 948 neret
530 904 576 948 in
593 905 806 949 thesauris
822 906 1014 964 abyssos.
1037 906 1109 951 Fit
1131 923 1233 966 ergo
1256 907 1301 950 in
1323 906 1396 951 illa
1418 906 1540 967 quod
1561 905 1665 950 alibi
1686 906 1779 950 bre-

378 975 488 1019 viter
517 985 756 1037 utrumque
780 977 940 1021 dicitur
967 997 975 1022 z
1011 997 1032 1021 «
1052 978 1218 1023 Servite
1240 978 1428 1024 Domino
1448 978 1493 1023 in
1520 978 1676 1023 timore
1693 1013 1704 1033 ,
1736 987 1779 1021 et

384 1068 400 1087 »
437 1047 630 1092 exultate
649 1049 686 1092 ei
709 1065 811 1094 cum
834 1059 1022 1095 tremore
1039 1052 1070 1094 ¹.
1095 1069 1115 1092 >›

437 1120 541 1161 XII.
583 1138 602 1160 «
630 1120 797 1164 Timeat
820 1120 1056 1165 Dominum
1088 1121 1229 1166 omnis
1259 1129 1371 1165 terra
1401 1140 1409 1165 :
1439 1121 1494 1164 ab
1516 1121 1608 1181 ipso
1631 1129 1779 1164 autem

383 1209 400 1229 »
437 1200 795 1235 commoveantur
828 1196 978 1236 omii'es
1008 1193 1084 1252 qui
1110 1192 1360 1237 inhabitant
1394 1191 1546 1236 orbem
1584 1200 1725 1235 terrae.
1757 1212 1774 1232 »

376 1262 475 1305 Νοη
505 1262 689 1306 timeant
712 1261 899 1307 alterum
922 1279 1001 1323 pro
1023 1263 1100 1309 illo
1126 1284 1134 1309 ε
1165 1283 1182 1302 «
1199 1265 1266 1309 Ab
1294 1264 1388 1324 ipso
1419 1272 1780 1308 commoveantur

381 1348 402 1371 n
438 1347 588 1377 omnes
607 1334 683 1394 qui
698 1334 947 1379 inhabitant
964 1335 1113 1379 orbem
1135 1344 1275 1380 terrae.
1294 1353 1314 1376 »
1342 1338 1452 1379 Fera
1472 1335 1620 1379 saevit?
1638 1338 1779 1379 Deum

376 1403 496 1447 time.
520 1406 703 1464 Serpens
721 1405 980 1450 insidiatur?
995 1409 1136 1450 Deum
1149 1406 1267 1450 time.
1287 1408 1431 1450 Homo
1447 1415 1489 1449 te
1499 1405 1618 1450 odit?
1636 1408 1777 1450 Deum

376 1475 494 1519 time.
518 1476 728 1521 Diabolus
751 1487 794 1521 te
816 1478 1073 1538 impugnat?
1090 1481 1231 1523 Deum
1249 1478 1367 1523 time.
1393 1480 1499 1522 Tota
1516 1478 1631 1522 enim
1654 1493 1777 1522 crea-

379 1556 472 1590 tura
507 1547 589 1591 sub
628 1547 704 1593 illo
734 1559 824 1605 est,
862 1566 995 1610 quem
1020 1550 1187 1610 juberis
1213 1550 1379 1594 timere.
1411 1545 1664 1603 «Quoniam
1686 1548 1778 1608 ipsc

378 1636 398 1658 »
435 1617 542 1662 dixit
560 1655 570 1674 ,
597 1629 640 1663 et
662 1619 776 1665 facta
799 1631 926 1672 sunt3
951 1622 1042 1681 ipse
1073 1620 1318 1676 mandavit,
1344 1630 1387 1664 et
1410 1629 1552 1665 creata
1573 1622 1723 1666 sunt2.
1754 1637 1774 1661 n

376 1691 469 1733 Hoc
503 1690 548 1733 in
579 1690 751 1735 Psalmo
779 1692 991 1752 sequitur.
1030 1694 1141 1737 Cum
1173 1692 1287 1736 enim
1314 1691 1487 1736 dixisset
1517 1711 1525 1736 ;
1555 1690 1660 1735 «Ab
1684 1690 1778 1750 ipso

378 1778 397 1800 υ
433 1772 794 1806 commoveantur
812 1779 961 1807 omnes
979 1763 1054 1823 qui
1071 1762 1323 1806 inhabitant
1340 1762 1491 1806 orbem
1507 1771 1632 1806 terrae
1650 1777 1657 1802 z
1682 1782 1699 1802 »
1721 1776 1777 1805 no

373 1841 648 1877 converteret
671 1849 714 1877 se
737 1835 870 1878 homo
893 1833 949 1878 ad
967 1832 1211 1877 timendum
1234 1833 1401 1894 aliquid
1415 1831 1535 1877 aliud
1553 1868 1563 1888 ‚
1590 1842 1633 1876 et
1654 1848 1776 1877 aver—

373 1917 443 1946 sus
470 1918 493 1945 a
517 1903 672 1948 timore
696 1905 773 1948 Dei
791 1941 802 1959 ‚
830 1905 1003 1948 timeret
1025 1921 1104 1965 pro
1126 1904 1202 1948 illo
1223 1903 1413 1965 aliquam
1443 1914 1705 1958 creaturam,
1733 1913 1776 1947 et

374 1973 575 2018 adoraret
597 1974 717 2035 quod
742 1975 909 2020 factum
926 1985 1012 2031 est,
1038 1975 1215 2020 dimisso
1237 1976 1314 2036 qui
1338 1974 1467 2032 fecit3
1501 1975 1777 2021 confirmavit

372 2060 449 2088 nos
466 2045 511 2088 in
534 2046 690 2090 timore
706 2047 783 2090 Dei
799 2056 1009 2107 tanquam
1025 2047 1173 2091 dicens
1193 2048 1336 2103 nobis,
1359 2057 1403 2091 et
1420 2046 1649 2108 alloquens
1665 2063 1742 2091 nos
1762 2067 1770 2091 :

371 2115 488 2168 Quid
511 2115 827 2162 formidaturus
851 2134 893 2162 es
921 2118 1087 2179 aliquid
1106 2121 1161 2163 de
1182 2118 1296 2163 coelo
1315 2155 1325 2174 ,
1360 2118 1527 2180 aliquid
1550 2119 1605 2162 de
1627 2128 1739 2162 terra
1759 2154 1770 2174 ,

369 2185 533 2247 aliquid
559 2187 613 2232 de
637 2189 776 2233 mari?
803 2209 819 2230 «
840 2192 936 2249 Ipse
958 2189 1090 2245 dixit,
1117 2199 1160 2233 et
1175 2189 1289 2234 facta
1305 2199 1435 2247 sunt3
1462 2189 1708 2245 mandavit,
1731 2199 1774 2234 et

372 2276 391 2298 n
429 2268 572 2303 creata
615 2270 731 2304 sunt.
761 2278 781 2301 υ
829 2262 912 2314 Qui
947 2261 1056 2304 dixit
1090 2271 1132 2305 et
1164 2262 1279 2306 facta
1307 2271 1440 2317 sunt,
1472 2260 1697 2305 mandavit
1729 2270 1773 2305 et

368 2339 511 2374 creata
531 2341 658 2387 sunt⁷
693 2347 793 2376 cum
812 2332 941 2393 jubet
966 2341 1213 2387 moventur,
1243 2348 1345 2376 eum
1370 2332 1499 2393 jubet
1520 2332 1766 2392 quiescunt.

367 2404 424 2445 Et
453 2402 617 2447 malitia
650 2405 880 2448 hominum
913 2404 1200 2465 cupiditatem
1231 2404 1419 2449 nocendi
1443 2413 1585 2464 potest
1608 2405 1770 2448 habere

367 2474 588 2532 propriam
616 2494 624 2519 z
645 2485 907 2534 potestatem
929 2485 1077 2520 autem
1100 2476 1133 2520 si
1160 2475 1234 2520 ille
1257 2492 1348 2521 non
1371 2476 1468 2531 dat⁷
1501 2476 1590 2520 non
1614 2476 1764 2520 habet.

370 2562 391 2585 «
425 2546 523 2589 Non
544 2555 609 2589 est
631 2547 746 2590 enim
764 2556 952 2607 potestas
970 2547 1051 2592 nisi
1073 2563 1097 2591 a
1114 2549 1230 2592 Deo³
1260 2567 1269 2593 :
1296 2568 1314 2590 »
1340 2547 1563 2593 definitiva
1586 2556 1765 2592 senten-

416 2636 422 2650 ¹
453 2630 532 2661 mal.
553 2641 597 2669 xi,
618 2643 667 2664 11.
699 2649 739 2654 -
764 2639 775 2649 ⁶
796 2633 842 2665 td.
863 2644 963 2673 xxm,
981 2645 1014 2675 ς).
1035 2631 1100 2657 -3
1121 2635 1213 2666 Rom.
1234 2644 1301 2673 xm,
1326 2644 1351 2665 1.
