1833 3284
244 237 486 268 ENAiinATio
519 242 533 267 1
565 242 610 268 ιΝ
643 238 845 269 PsALMUM
879 244 1044 281 xxxin,
1079 242 1206 270 ειῑιιιι.
1243 246 1271 269 ι.
1374 234 1457 271 513

74 311 140 347 ret
154 337 165 359 ‚
186 312 230 348 et
251 303 308 349 ad
329 304 530 364 parvulos
551 307 809 365 perveniret.
838 307 962 352 Unde
985 317 1131 352 autem
1152 309 1202 352 fit
1223 309 1344 353 cibus
1365 309 1461 353 lac?

62 374 192 437 *unde
209 370 333 421 cibus
350 376 394 421 in
412 375 478 421 lae
496 378 780 433 convertitur,
801 379 880 421 nisi
898 394 974 437 per
995 394 1168 423 carnem
1191 379 1462 439 trajiciatur?

71 447 180 490 Nam
206 455 344 491 mater
373 447 457 491 hoe
490 446 608 492 facit.
636 449 765 502 Quod
786 448 1024 493 manducat
1052 460 1205 505 mater,
1232 451 1315 495 hoc
1338 467 1460 496 man-

71 514 204 561 dUcat
226 515 394 562 infans:
415 518 491 562 sed
504 519 605 578 quia
621 519 765 563 minus
786 518 970 568 idoneus
991 527 1054 564 est
1070 520 1230 576 infans,
1251 522 1327 581 qui
1349 538 1462 581 pane

69 597 284 643 vescatur,
309 589 452 648 ipsum
480 604 636 649 panem
660 599 798 633 mater
819 590 1039 646 incarnat,
1071 599 1113 634 et
1135 607 1213 650 per
1235 592 1460 637 humilita-

70 665 160 701 tem
181 658 434 703 mammillae
459 668 503 703 et
529 659 652 704 lactis
682 676 860 704 succum
879 696 889 715 ,
916 661 970 704 de
991 661 1084 720 ipso
1106 677 1218 720 pane
1239 663 1376 721 pascit
1398 664 1463 707 in-

68 727 250 773 fantem.
278 729 511 783 Quomodo
544 746 645 789 ergo
667 730 722 775 de
743 732 836 791 ipso
858 747 970 791 pane
992 733 1110 791 pavit
1138 748 1216 776 nos
1243 734 1462 793 Sapientia

7 847 10 852 ,
68 799 178 843 Dei?
199 818 219 842 «
243 799 357 853 Quia
378 800 575 844 Verbum
597 817 697 845 earo
719 799 884 845 factum
903 811 988 856 est,
1018 811 1062 845 et
1082 802 1294 848 habitavit
1310 804 1356 847 in
1378 821 1461 849 no-

71 886 91 910 »
127 869 193 914 his
209 871 239 919 ἒ.
267 888 288 912 »
313 869 469 914 Videte
490 886 593 930 ergo
615 870 911 915 humilitatem
934 891 942 916 ε
969 873 1070 932 quia
1092 888 1251 932 panem
1267 875 1461 933 Angelo-

67 955 168 984 rum.
200 939 483 986 manducavit
511 942 644 986 homo
662 977 673 997 ⁷
710 950 762 985 ut
788 941 998 1001 scriptum
1029 951 1092 986 est
1118 963 1126 987 ε
1160 947 1324 988 Panem
1360 945 1463 989 coeli

61 1002 91 1054 ὅ)
126 1010 248 1057 dedit
270 1012 330 1056 eis
347 1047 358 1067 ,
384 1028 543 1072 panem
559 1011 828 1072 Angelorum
850 1013 1133 1058 manducavit
1153 1015 1313 1060 homo2
1336 1035 1345 1061 ε
1372 1034 1393 1057 »
1417 1016 1464 1061 id

68 1092 157 1139 est,
183 1084 382 1128 Verbum
402 1083 513 1129 illud
546 1100 635 1145 quo
667 1094 908 1144 pascuntur
937 1084 1094 1144 Angeli
1119 1088 1431 1146 sempiternum
1447 1123 1459 1144 ‚

65 1155 188 1216 quod
205 1164 269 1199 est
289 1154 459 1216 aequale
478 1156 611 1211 Patri,
633 1155 916 1200 manducavit
938 1156 1071 1200 homo
1092 1175 1101 1200 z
1123 1157 1223 1216 quia
1243 1176 1263 1199 «
1281 1160 1391 1203 Cum
1414 1158 1462 1202 in

67 1244 88 1268 »
124 1225 265 1271 forma
281 1227 360 1271 Dei
374 1236 498 1282 esset,
520 1242 610 1271 non
627 1226 825 1285 rapinam
843 1226 1077 1270 arbitratus
1095 1236 1159 1270 est
1176 1242 1266 1272 esse
1283 1229 1462 1289 aequalis

68 1314 88 1338 »
124 1299 230 1341 Deo.
259 1314 280 1338 »
308 1297 568 1354 Saginantur
597 1296 673 1340 illo
697 1295 877 1355 Angeli:
907 1315 928 1338 «
955 1295 1040 1341 Sed
1069 1298 1348 1358 semetipsum
1370 1300 1462 1343 exi-

8 1365 12 1369 ’
67 1387 88 1410 >›
124 1368 318 1424 nanivit,
342 1377 394 1413 ut
414 1368 699 1413 manducaret
723 1383 882 1428 panem
905 1367 1172 1425 Angelorum
1194 1370 1348 1427 homo,
1369 1371 1462 1416 for-

68 1459 88 1483 »
124 1457 241 1486 mam
263 1442 374 1487 servi
391 1442 622 1502 accipiens,
643 1442 690 1485 in
707 1439 1037 1485 similitudinem
1050 1441 1283 1485 hominum
1300 1441 1456 1498 factus,

42 1567 46 1571 .
68 1530 88 1553 »
123 1521 166 1556 et
187 1512 343 1557 habitu
364 1512 566 1557 inventus
588 1521 639 1556 ut
658 1512 793 1556 homo
811 1546 823 1566 ,
854 1510 1101 1555 humiliavit
1122 1527 1165 1555 se
1187 1511 1328 1557 factus
1351 1513 1459 1557 obe-

67 1600 88 1623 »
123 1583 246 1627 diens
274 1599 412 1644 usque
435 1584 492 1627 ad
510 1592 696 1628 mortem
713 1618 723 1638 ‚
748 1591 935 1626 mortem
965 1590 1109 1625 autem
1132 1582 1271 1627 crucis
1286 1584 1301 1608 3
1325 1602 1334 1627 :
1363 1601 1383 1624 »
1408 1594 1460 1629 ut

57 1654 149 1714 jam
164 1655 219 1698 de
235 1669 364 1699 cruce
376 1654 759 1700 commendaretur
777 1653 902 1698 nobis
917 1668 1017 1697 earo
1035 1662 1078 1697 et
1095 1655 1268 1713 sanguis
1283 1656 1458 1699 Domini

61 1740 227 1769 novum
248 1725 521 1770 sacrificium.
551 1743 572 1766 »
598 1725 710 1778 Quia
733 1724 920 1768 mutavit
946 1723 1120 1768 vultum
1149 1740 1277 1768 suum
1310 1741 1458 1769 eoram

66 1814 86 1838 »
101 1795 358 1841 Ahimeleeh
372 1831 383 1852 ‚
403 1814 424 1838 »
448 1796 494 1841 id
517 1805 603 1851 est,
628 1811 774 1840 coram
792 1810 927 1854 regno
944 1795 1092 1854 patris.
1112 1798 1316 1854 Regnum
1339 1797 1458 1840 enim

62 1866 210 1926 patris,
235 1881 420 1926 regnum
442 1875 533 1910 erat
549 1865 819 1910 Judaeorum.
841 1865 1074 1918 Quomodo
1090 1881 1274 1924 regnum
1292 1867 1457 1925 patris?

62 1939 267 1996 Regnum
288 1935 447 1991 David,
482 1950 666 1994 regnum
687 1936 891 1980 Abrahae.
917 1937 1027 1980 Nam
1050 1951 1234 1994 regumn
1262 1936 1342 1980 Dei
1370 1940 1455 1982 Pa-

0 2046 5 2050 .
62 2007 155 2062 tris,
179 2006 317 2066 magis
337 2006 530 2052 Ecclesia
547 2022 681 2067 quam
696 2005 883 2066 populus
901 2008 925 2049 J
930 2006 1156 2049 udaeorum
1175 2021 1184 2046 ε
1205 2005 1281 2050 ε6(1
1297 2022 1456 2051 secun-

62 2077 170 2122 dum
201 2093 376 2123 carnem
408 2092 591 2136 regnum
618 2077 750 2137 patris
777 2075 968 2137 populus
1001 2075 1148 2120 Israel.
1185 2076 1360 2121 Dictum
1391 2087 1456 2122 est

62 2148 178 2193 enim
197 2164 205 2190 :
230 2168 251 2191 «
268 2151 326 2193 Et
341 2147 467 2193 dabit
483 2148 522 2192 ei
538 2151 652 2193 Deus
675 2147 822 2192 sedem
845 2145 983 2191 David
1004 2146 1137 2206 patris
1163 2147 1294 2207 ejus4.
1318 2165 1338 2189 »
1364 2151 1452 2192 De-

61 2228 329 2264 monstratur
363 2235 466 2279 ergo
504 2218 748 2263 secundum
783 2233 957 2262 earnem
996 2226 1119 2276 pater
1155 2217 1329 2261 Domini
1362 2234 1453 2263 esse

61 2289 200 2335 David
219 2306 229 2332 t
248 2291 491 2335 secundum
509 2289 781 2335 divinitatem
809 2298 955 2332 autem
975 2288 1171 2332 Christus
1200 2303 1290 2332 non
1311 2289 1447 2345 filius,

61 2361 138 2406 sed
157 2361 368 2407 Dominus
389 2360 544 2406 David.
569 2363 594 2404 J
599 2359 712 2404 udaei
728 2375 830 2404 vero
848 2358 1071 2404 Christum
1093 2358 1335 2403 secundum
1357 2376 1452 2404 car-

62 2446 164 2476 nem
194 2440 384 2487 norunt,
418 2429 660 2475 secundum
697 2429 968 2475 divinitatem
999 2443 1090 2472 non
1122 2437 1302 2472 norunt.
1344 2429 1450 2475 Ideo

111 2535 120 2551 ¹
149 2530 240 2561 Joan.
260 2540 295 2570 1,
325 2527 374 2571 14.
404 2544 445 2550 --
474 2534 488 2552 2
518 2527 598 2559 Psal.
629 2537 762 2568 Lxxvu,
782 2525 847 2567 24,
883 2524 936 2557 25.
964 2541 999 2547 --
1027 2522 1040 2546 3
1072 2523 1184 2567 Philip.
1219 2535 1266 2566 11,
1297 2524 1375 2559 6-8.
1407 2544 1449 2550 --

65 2574 170 2617 ⁴Luc.
196 2596 222 2626 1,
243 2583 297 2616 32.

198 2647 320 2680 cxlv.
643 2633 648 2637 '
1130 2632 1182 2673 33
