1833 3284
368 194 608 224 ENAltttATto
643 199 673 223 ll
707 199 748 224 m
785 198 987 225 PSALML‘M
1023 200 1142 225 ‚xxix-
1373 189 1449 227 381

68 259 112 303 Si
128 259 550 316 enim-descendero,
571 260 735 322 iuquit,
753 261 800 306 in
823 262 1169 322 corruptionem,
1187 263 1220 306 si
1243 263 1301 307 sic
1323 263 1457 315 fuerit

65 339 269 391 corrupta
293 346 393 376 earo
426 346 544 387 mea,
575 331 797 393 quomodo
831 343 1088 378 caeterorum
1121 334 1372 390 hominum,
1406 344 1457 379 ut

63 399 111 443 in
134 400 221 444 fine
248 410 465 460 resurgat,
489 411 540 446 ut
567 402 674 462 quid
703 402 801 447 fudi
834 404 1120 462 sanguinem?
1148 404 1189 449 Si
1218 404 1334 448 enim
1366 420 1456 450 non

63 469 196 516 modo
213 487 454 530 resurgam,
479 473 642 517 nemini
660 473 956 529 annuntiabo,
982 474 1200 517 neminem
1221 473 1453 520 lucrabor:

63 550 114 585 ut
129 551 276 587 autem
298 542 427 587 alicui
443 543 702 588 annuntiem
723 543 939 588 mirabilia
967 553 1064 599 tua,
1087 543 1237 588 laudes
1260 555 1371 601 tuas,
1396 546 1456 591 vi-

64 620 151 656 tam
167 622 391 670 aeternam,
410 623 589 673 exurgat
604 630 704 659 caro
722 629 834 670 mea,
854 631 943 659 non
962 624 1030 659 eat
1046 614 1091 659 in
1109 616 1450 676 corruptionem.

62 685 172 728 Nam
193 683 228 728 si
248 683 362 739 ierit,
378 684 602 745 quomodo
619 694 878 730 creterorum
898 685 1129 730 hominum
1141 722 1151 740 ⁷
1172 703 1272 746 quae
1290 686 1453 731 utilitas

62 754 106 798 in
128 755 340 814 sanguine
361 757 492 800 meo?
516 775 535 798 «
553 756 779 817 Numquid
801 757 1082 802 confitebitur
1100 757 1179 801 tibi
1202 757 1359 817 pulvis,
1381 767 1457 802 aut

65 842 85 867 »
121 826 400 870 annuntiabit
427 826 653 870 veritatem
682 829 836 871 tuam?
861 845 880 867 »
910 826 1135 872 Confessio
1169 828 1340 886 gemina
1373 838 1452 884 est,

60 904 137 940 aut
158 897 341 957 peccati,
369 906 445 941 aut
471 896 627 942 laudis.
650 897 837 951 Quando
859 898 984 943 nobis
1013 898 1124 942 male
1148 908 1226 954 est,
1250 899 1297 943 in
1324 900 1454 944 tribu-

60 964 297 1012 lationibus
317 968 605 1013 confiteamur
624 978 799 1028 peccata
820 979 989 1026 nostra3
1006 969 1182 1030 quando
1202 970 1327 1014 nobis
1345 971 1456 1014 bene

61 1047 140 1094 est,
165 1039 211 1083 in
233 1038 500 1084 exultatione
517 1040 697 1100 justitiae
718 1041 1006 1085 confiteamur
1024 1039 1202 1085 laudem
1229 1045 1318 1086 Deo
1337 1061 1346 1087 :
1365 1043 1455 1086 sine

61 1110 331 1156 confessione
355 1122 498 1157 tamen
524 1128 615 1157 non
634 1113 783 1157 simus.

119 1185 218 1226 XX.
249 1202 269 1225 «
294 1181 475 1227 Audivit
503 1183 736 1239 Dominus,
764 1192 807 1228 et
833 1183 1029 1227 misertus
1063 1191 1126 1226 est
1153 1183 1253 1227 mei.
1294 1204 1309 1224 »
1341 1186 1454 1237 Quo-

60 1251 224 1297 modo?
245 1252 472 1297 Attendite
494 1252 550 1297 ad
567 1252 887 1298 dedicationem
911 1253 1081 1298 domus.
1102 1254 1302 1310 Audivit,
1320 1264 1363 1299 et
1380 1255 1454 1299 mi-

59 1332 198 1367 sertus
220 1332 298 1368 est.
327 1341 346 1364 «.
369 1323 580 1368 Dominus
601 1323 742 1368 faetus
760 1333 823 1368 est
841 1323 1012 1385 adjutor
1035 1327 1196 1368 meus¹.
1225 1343 1244 1366 n

119 1396 243 1438 XXI.
282 1393 401 1438 Audi
429 1395 520 1454 jam
553 1394 690 1454 ipsam
723 1395 1101 1439 resurrectionem.
1140 1414 1159 1436 «
1192 1396 1455 1440 Convertisti

63 1482 84 1506 »
118 1463 346 1524 planctum
375 1479 523 1508 meum
544 1465 589 1508 in
611 1464 819 1523 gaudium
848 1464 978 1520 mihi,
1004 1464 1249 1509 conscidisti
1279 1481 1450 1510 saecum

64 1553 86 1576 n
123 1550 292 1591 meum,
324 1544 368 1579 et
400 1534 619 1580 accinxisti
655 1551 724 1579 me
755 1534 948 1579 laetitia2.
991 1557 1007 1577 »
1045 1535 1150 1589 Quis
1182 1545 1245 1579 est
1276 1538 1455 1580 saccus?

61 1605 319 1650 MortalitaS.
349 1607 504 1650 Saccus
537 1604 592 1649 de
624 1606 762 1666 capris
794 1605 1025 1650 conficitur
1058 1615 1101 1650 et
1130 1606 1184 1650 de
1217 1605 1383 1661 hoedis,
1412 1615 1455 1650 et

60 1692 203 1737 caprae
231 1686 274 1721 et
300 1677 423 1721 hoedi
454 1676 568 1722 inter
595 1686 844 1737 peccatores
873 1679 1140 1737 ponuntur-⁷³.
1164 1677 1374 1721 Dominus
1399 1677 1454 1721 de

62 1763 249 1793 numero
272 1757 421 1793 nostro
444 1764 616 1792 saccum
635 1747 776 1792 solum
805 1749 990 1808 aceepit,
1010 1764 1098 1793 non
1122 1748 1352 1808 assumpsit
1369 1764 1454 1792 me-

60 1819 195 1864 ritum
232 1820 357 1864 sacci.
391 1820 599 1865 Meritum
635 1820 768 1875 sacci,
795 1829 1022 1879 peecatum
1056 1829 1119 1864 est
1148 1840 1155 1864 ;
1182 1837 1329 1865 saccus
1357 1820 1449 1875 ifle,

59 1889 299 1935 mortalitas
330 1899 408 1934 est.
446 1892 692 1950 Assumpsit
719 1900 898 1951 propter
932 1900 973 1934 te
1010 1891 1341 1946 mortalitatem,
1377 1892 1453 1952 qui

60 1961 266 2004 meritum
293 1960 445 2005 mortis
475 1976 566 2005 non
593 1960 799 2004 habebat.
823 1961 1029 2005 Meritum
1062 1961 1179 2004 enim
1209 1961 1359 2005 mortis
1380 1961 1454 2005 ifle

59 2032 195 2076 habet
210 2032 286 2092 qui
301 2041 453 2091 peccat
472 2052 480 2077 ε
501 2031 574 2075 ille
595 2041 741 2076 autem
759 2032 835 2093 qui
853 2047 940 2077 uon
958 2032 1168 2092 peccavit,
1190 2048 1279 2076 non
1298 2032 1454 2076 habuit

61 2102 264 2146 meritum
297 2102 425 2147 sacci.
452 2101 549 2149 Alio
576 2101 672 2146 loco
701 2102 832 2162 ipsius
867 2113 930 2147 est
952 2118 1034 2146 vox
1066 2103 1248 2147 dicentis
1274 2123 1281 2147 :
1313 2122 1332 2145 «
1358 2105 1452 2162 Ego

65 2190 85 2213 »
121 2180 268 2216 autem
287 2187 388 2217 cum
405 2172 514 2216 mihi
532 2171 701 2216 molesti
719 2182 873 2227 essent,
892 2171 1129 2217 induebam
1147 2189 1215 2217 me
1234 2172 1413 2218 cilicio&
1430 2193 1449 2214 »

62 2243 179 2296 Quid
204 2253 268 2288 est
285 2244 392 2298 hoe⁷
422 2263 441 2285 «
467 2243 709 2288 Induebam
734 2259 803 2288 me
827 2243 996 2289 cilicio?
1016 2264 1034 2286 »
1058 2248 1151 2289 Hoc
1175 2245 1451 2305 opponebam

61 2314 449 2374 persequentibus,
466 2313 586 2375 quod
603 2315 744 2359 habeo
763 2314 817 2358 de
836 2314 990 2359 cilicio.
1017 2318 1069 2360 Ut
1086 2316 1308 2359 hominem
1328 2315 1453 2359 illum

61 2393 283 2444 putarent,
309 2384 537 2429 abscondit
561 2400 604 2429 se
626 2385 682 2430 ab
705 2386 840 2430 oculis
859 2387 1209 2446 persequentium
1230 2407 1240 2442 ς
1265 2387 1367 2447 quia
1391 2388 1454 2430 in-

63 2453 185 2514 digni
219 2464 345 2499 eraut
374 2464 671 2514 persecutores
704 2457 780 2516 qui
809 2456 1006 2501 viderent
1032 2456 1261 2501 indutum⁵
1292 2457 1448 2503 cilicio.

111 2546 119 2562 ¹
141 2539 221 2571 Psal.
241 2550 331 2581 xxix,
349 2552 399 2572 11.
421 2557 462 2562 —
483 2547 496 2563 ²
515 2540 596 2573 lbid.
624 2550 674 2574 12.
695 2558 738 2564 —-
762 2540 775 2564 3
794 2542 906 2574 Manli.
926 2553 1000 2584 xxv,
1022 2542 1074 2574 32.
1096 2541 1161 2572 -4
1180 2543 1260 2575 ΡεῑιΙ.
1289 2555 1399 2585 xxxw,
1420 2544 1450 2576 3.

65 2613 106 2619 -
126 2594 140 2618 5
159 2599 181 2628 F
183 2601 253 2628 orte
270 2597 339 2628 nisi
353 2595 520 2628 indutum.
