1833 3284
392 268 476 309 530
827 276 861 302 s.
896 272 1129 303 Aucus‘nm
1161 275 1344 303 EPISCOPI

389 342 526 388 Pedes
548 340 640 389 tui,
665 339 851 384 charitas
874 348 948 384 tua
965 349 1044 384 est.
1071 343 1188 383 Duos
1212 340 1343 399 pedes
1364 339 1526 384 habeto
1543 374 1554 394 ‚
1577 338 1668 385 noli
1690 355 1778 385 esse

388 411 586 459 claudus.
619 411 703 464 Qui
724 420 826 455 sunt
848 410 938 455 duo
960 410 1117 470 pedes?
1141 414 1236 455 Duo
1258 420 1474 470 praecepta
1505 409 1747 456 dilectionis
1764 447 1776 467 ,

389 484 467 530 Dei
487 493 531 528 ct
552 482 752 543 proximi.
780 482 875 526 Istis
905 481 1088 541 pedibus
1120 498 1246 526 curre
1269 481 1324 526 ad
1347 486 1510 537 Deum,
1543 481 1698 526 accede
1725 480 1781 526 ad

388 555 515 600 illum
538 574 547 598 :
574 554 675 614 quia
694 563 737 597 ct
754 562 803 596 ut
820 568 1012 597 curreres
1036 553 1126 612 ipse
1150 553 1346 597 hortatus
1370 563 1456 609 est,
1482 562 1525 597 ct
1546 553 1637 612 ipse
1653 567 1781 596 suum

386 627 539 671 lumen
561 625 739 684 aspersit
756 625 830 678 sic,
849 633 898 667 ut
918 624 1147 683 magnifice
1162 633 1205 667 et
1227 623 1372 667 divine
1393 640 1437 668 se
1455 623 1576 684 sequi
1595 623 1778 682 possitis.

393 717 414 740 «
448 700 504 741 Et
528 696 673 740 vultus
700 695 830 739 vestri
853 710 941 738 non
964 694 1238 738 erubescent.
1266 693 1472 739 Accedite
1491 730 1501 749 ‚
1526 694 1696 753 inquit,
1728 692 1784 737 ad

391 787 410 809 »
447 784 548 812 eum
563 777 604 812 et
622 766 929 810 illuminamini
948 785 955 809 :
971 774 1013 809 et
1027 769 1174 809 vultus
1193 766 1321 809 vestri
1343 781 1431 809 non
1447 765 1740 810 erubescent1.
1759 782 1779 805 »

385 842 483 886 Non
511 839 739 882 erubescet
773 837 919 880 vultus
950 837 1031 879 nisi
1065 837 1258 895 susurrii,
1297 839 1472 889 Quare?
1501 837 1612 889 Quia
1645 834 1783 880 elatus

385 910 481 955 vult
499 926 587 954 esse
603 945 614 964 ‚
639 918 683 952 et
699 907 879 969 quando
900 906 1028 951 fuerit
1048 923 1194 966 passus
1212 906 1540 961 contumeliam,
1562 916 1637 951 aut
1658 907 1784 966 igno·-

385 982 565 1027 miniam
582 1017 592 1035 ‚
611 990 686 1025 aut
703 996 850 1025 casum
870 979 1032 1024 secund
1042 995 1110 1022 um
1137 979 1347 1023 saeculum
1364 1015 1374 1034 ,
1403 989 1479 1023 aut
1499 979 1691 1039 aliquam
1716 978 1784 1023 af-

385 1055 624 1099 flictionem
639 1089 650 1107 ‚
682 1052 915 1096 crubescit.
954 1051 1038 1096 Sed
1061 1051 1150 1095 noli
1182 1052 1362 1106 timere,
1395 1050 1553 1095 accede
1576 1052 1631 1095 ad
1653 1067 1781 1106 cum,

386 1136 430 1170 et
453 1142 541 1169 non
560 1125 802 1168 erubesces.
830 1121 1056 1182 Quidquid
1080 1122 1232 1166 fecerit
1255 1122 1332 1165 tibi
1358 1122 1557 1166 inimicus
1573 1158 1582 1176 ‚
1612 1122 1785 1166 videtur

388 1206 431 1241 te
461 1196 656 1255 superior
685 1210 774 1238 esse
800 1194 918 1253 apud
944 1194 1139 1237 homines
1162 1214 1169 1237 :
1197 1193 1273 1237 sed
1296 1203 1344 1237 tu
1367 1194 1480 1253 apud
1504 1197 1641 1238 Deum
1661 1210 1786 1253 supe-

388 1268 475 1312 rior
510 1266 584 1310 illo
616 1282 674 1310 es.
708 1269 803 1324 Ego
834 1265 951 1323 cepi,
989 1280 1070 1323 ego
1103 1264 1259 1322 ligavi,
1293 1280 1372 1322 ego
1396 1264 1609 1309 interfeci.
1642 1268 1785 1318 Quam

388 1339 631 1398 superiores
649 1338 730 1381 sibi
749 1336 956 1381 videntur
978 1337 1054 1396 qui
1077 1336 1156 1380 ista
1177 1336 1330 1380 dicunt
1350 1336 1359 1379 ἔ
1385 1340 1524 1390 Quam
1543 1338 1786 1396 superiores

387 1411 652 1456 videbantur
671 1409 750 1452 sibi
777 1408 922 1451 Judaei
947 1408 1127 1467 quando
1155 1408 1392 1452 Dominum
1419 1408 1782 1467 colaphizabant,

388 1482 566 1544 quando
590 1481 807 1541 spuebant
825 1481 870 1524 in
891 1478 1045 1523 facicm
1068 1481 1102 1539 ej
1112 1496 1174 1534 115,
1193 1489 1235 1523 et
1253 1479 1307 1523 de
1325 1494 1463 1523 canna
1480 1480 1786 1539 percutiebant

389 1565 537 1614 caput,
564 1551 743 1613 quando
765 1551 896 1610 spinis
919 1551 1204 1606 coi·011;1l)ant‚
1228 1550 1406 1611 quando
1430 1552 1575 1595 tunica
1600 1552 1787 1609 ignomi-

389 1627 509 1671 niosa
531 1622 889 1669 circumdabant!
922 1625 1064 1676 Quam
1097 1622 1338 1681 superiores
1368 1622 1518 1667 erant!
1544 1626 1599 1667 Et
1621 1622 1694 1666 ille
1717 1624 1786 1667 vi·-

388 1699 577 1743 debatur
591 1696 782 1749 inferior,
802 1695 903 1756 quia
923 1695 1181 1755 procidebat
1202 1695 1257 1740 ad
1281 1696 1385 1739 ostia
1406 1705 1543 1755 portae
1556 1700 1598 1740 ⁸²:
1623 1695 1699 1740 sed
1715 1695 1787 1740 ille

388 1786 479 1814 non
501 1767 800 1812 erubescebat.
830 1770 999 1810 Lumen
1022 1766 1135 1810 enim
1156 1775 1248 1809 erat
1268 1782 1422 1810 verum
1442 1802 1452 1821 ‚
1482 1766 1603 1826 quod
1625 1766 1789 1811 illumi-

389 1850 466 1885 nat
503 1853 677 1883 omnem
719 1837 942 1881 hominem
980 1837 1228 1880 venientem
1266 1837 1313 1879 in
1352 1838 1473 1881 hunc
1516 1837 1734 1882 mundum
1752 1840 1784 1882 3.

393 1911 512 1957 Sicut
529 1924 634 1967 ergo
651 1913 799 1952 lumen
822 1924 911 1952 non
927 1917 1070 1967 potest
1091 1905 1325 1961 confundi,
1347 1908 1406 1952 sic
1429 1916 1472 1951 et
1489 1907 1788 1954 illuminatum

389 1981 605 2028 confundi
628 1996 718 2025 non
739 1980 854 2024 sinit.
887 1999 906 2021 «
933 1977 1139 2023 Accedite
1157 1994 1258 2036 ergo
1277 1979 1332 2024 ad
1355 1995 1455 2023 eum
1474 2015 1484 2036 ,
1511 1989 1554 2024 et
1575 1979 1789 2026 illumina-

396 2073 416 2096 »
452 2052 585 2109 mini3
609 2061 654 2096 et
673 2050 822 2096 vultus
845 2051 975 2095 vestri
997 2065 1087 2094 non
1106 2050 1380 2095 erubescent.
1410 2068 1431 2091 »

451 2127 531 2173 XI,
556 2123 642 2169 Sed
658 2122 764 2168 dicit
781 2122 950 2182 aliquiS,
973 2122 1205 2175 Quomodo
1224 2122 1279 2166 ad
1301 2138 1403 2166 eum
1426 2123 1618 2168 accedo?
1642 2124 1789 2168 Tantis

392 2196 539 2252 malis,
558 2194 686 2240 tantis
705 2194 895 2254 peccatis
916 2202 1117 2238 oneratus
1137 2208 1250 2248 sum,
1275 2202 1397 2238 tanta
1419 2193 1578 2239 scelera
1599 2194 1790 2240 clamant

395 2270 450 2316 de
467 2266 730 2314 conscientia
746 2281 842 2310 mea
858 2301 868 2321 ,
894 2266 1117 2326 quomodo
1140 2264 1280 2310 audeo
1303 2267 1508 2310 accedere
1534 2267 1589 2311 ad
1617 2269 1789 2312 Deum?

396 2338 663 2396 Quomodo?
695 2338 737 2383 Si
756 2335 1052 2383 humiliaveris
1074 2345 1116 2380 te
1134 2352 1211 2396 per
1232 2338 1552 2396 poenitentiam.
1578 2339 1663 2384 Sed
1685 2355 1790 2384 eru-

394 2414 545 2467 besco,
573 2409 654 2465 ais,
683 2407 990 2469 poenitentiam
1022 2423 1163 2466 agere.
1189 2407 1360 2452 Accede
1381 2423 1482 2467 ergo
1509 2409 1565 2454 ad
1597 2425 1719 2466 eum,
1745 2420 1790 2455 et

395 2481 733 2535 illuminaberis,
755 2488 798 2524 et
813 2478 960 2525 vultus
974 2488 1074 2523 tuus
1092 2495 1182 2523 non
1196 2479 1438 2524 erubescet.
1463 2481 1507 2525 Si
1524 2481 1640 2525 enim
1658 2482 1790 2527 timor

396 2552 683 2601 erubescendi
711 2559 884 2596 revocat
912 2559 955 2594 te
983 2565 1008 2593 a
1033 2550 1318 2609 poenitentia,
1353 2550 1609 2610 poenitentia
1641 2562 1787 2599 autem

449 2647 457 2663 ¹
475 2639 554 2671 Psal.
581 2649 696 2677 xxxni,
714 2637 745 2669 6.
762 2653 803 2658 —-
823 2643 834 2657 ²
860 2647 871 2668 1
900 2637 1062 2677 Reg.xx1‚
1086 2634 1134 2667 13.
1152 2633 1332 2667 -3Joz1n.
1359 2647 1380 2677 1,
1396 2647 1429 2678 9.
