1833 3284
407 236 648 267 ENAnnAno
683 239 730 265 m
761 236 965 266 PsALMUM
998 239 1059 264 lx.
1344 226 1428 266 215

0 357 1 366 γ
100 308 240 350 XXV.
270 324 291 348 «
315 305 449 365 Cujus
466 302 772 348 maledictione
795 319 841 348 os
860 303 1042 363 plenum
1059 312 1138 358 est,
1157 312 1200 347 et
1222 304 1432 348 amaritu-'

45 394 67 418 »
101 376 204 420 dine
219 385 262 420 et
284 374 386 421 dolo
402 377 432 419 ¹.
452 393 472 416 »
497 377 707 433 Magnum
725 375 842 418 enim
860 373 1143 418 maledictum
1161 382 1224 418 est
1241 383 1331 418 tam
1351 391 1431 419 ne-

0 488 2 500 :
41 445 183 491 fandis
205 447 369 491 artibus
392 444 553 490 coelum
572 454 791 504 appetere,
812 443 925 489 etad
942 444 1199 504 capiendam
1221 454 1431 491 aeternam

0 505 2 515 ’
41 516 187 561 sedem
214 516 315 561 talia
339 516 492 560 merita
513 530 778 575 comparare.
807 515 891 560 Sed
913 515 993 558 hac
1014 515 1106 575 ejus
1126 514 1431 561 maledictione

40 602 87 632 os
107 586 290 646 plenum
312 595 389 631 est.
415 588 513 631 Non
534 586 659 630 enim
672 585 852 630 habebit
873 585 1080 630 effectum
1098 585 1178 631 ista
1195 585 1428 646 cupiditas,

40 658 116 703 sed
133 658 247 703 intra
270 675 316 717 os
341 659 432 718 ejus
457 666 630 702 tantum
647 657 812 702 valebit
832 657 888 702 ad
910 672 1011 701 eum
1032 656 1305 717 perdendum
1319 693 1330 713 ‚
1355 660 1433 719 qui

38 729 134 774 haec
155 729 236 774 sibi
262 745 391 774 ausus
417 738 481 772 est
500 728 697 788 polliceri
725 743 827 773 cum
853 728 1142 773 amaritudine
1165 737 1209 772 et
1230 727 1333 773 dolo
1349 765 1360 784 ‚
1386 728 1433 775 id

38 807 126 855 est,
155 800 217 844 ira
239 808 282 844 et
307 799 473 843 insidiis
487 834 499 854 ‚
519 799 679 859 quibus
700 799 746 844 in
773 814 870 843 suas
888 807 1031 859 partes
1053 814 1340 845 conversurus
1366 809 1433 845 est

38 869 382 914 multitudinem.
423 888 444 912 «
470 869 560 914 Sub
583 868 734 928 lingua
758 870 849 930 ejus
878 868 1002 914 labor
1024 878 1069 913 et
1095 869 1236 914 dolor.
1265 888 1286 911 n
1311 869 1432 915 Nihil

36 950 101 986 est
120 941 376 987 laboriosius
397 941 630 1004 iniquitate
647 951 691 986 et
711 941 934 1001 impietate
956 961 965 986 :
990 956 1124 1002 quem
1144 940 1341 986 laborem
1363 957 1431 986 se-

36 1013 186 1073 quitur
207 1011 333 1058 dolor
361 1031 371 1057 :
403 1013 506 1073 quia
526 1028 616 1057 non
639 1012 781 1057 solum
803 1013 893 1057 sine
925 1011 1094 1067 fructu,
1123 1011 1199 1056 sed
1220 1012 1351 1056 etiam
1376 1012 1433 1058 ad

34 1083 271 1143 perniciem
291 1083 532 1128 laboratur.
566 1083 650 1137 Qui
672 1082 796 1128 labor
817 1092 860 1127 et
881 1082 1007 1128 dolor
1032 1082 1087 1127 ad
1108 1082 1220 1128 illud
1242 1082 1431 1128 refertur

33 1153 154 1211 quod
180 1155 289 1198 dixit
309 1155 356 1198 in
378 1153 508 1199 corde
526 1170 604 1198 suo
631 1173 640 1199 ε
669 1173 689 1196 «
713 1156 812 1200 Non
835 1154 1044 1199 movebor
1066 1153 1121 1199 de
1153 1155 1430 1215 generatione

35 1243 56 1268 »
90 1226 136 1269 in
155 1227 480 1285 generationem
501 1225 592 1269 sinc
608 1225 738 1271 malo.
755 1244 774 1267 »
793 1229 851 1270 Et
867 1236 1112 1287 propterea,
1134 1246 1154 1269 «
1173 1227 1263 1271 Sub
1277 1227 1429 1287 lingua

33 1315 56 1348 y)
91 1298 207 1357 ejus:
235 1315 255 1338 »
282 1312 388 1352 non,
412 1297 457 1340 in
479 1296 656 1355 lingua3
681 1298 889 1357 quoniam
912 1298 1042 1342 tacite
1059 1298 1138 1342 ista
1160 1298 1427 1356 cogitaturus

33 1376 96 1412 est
112 1368 400 1423 ⁷‘hominibus
426 1377 572 1412 autem
601 1368 683 1412 alia
705 1367 952 1424 locuturus,
988 1378 1038 1413 ut
1060 1369 1203 1414 bonus
1225 1379 1268 1414 et
1284 1371 1428 1430 justus

32 1447 76 1482 et
96 1438 174 1483 Dei
196 1438 310 1482 filius
328 1438 543 1484 videatur.

89 1511 253 1552 XXVI.
284 1528 303 1551 a
331 1509 460 1554 Sedet
481 1510 526 1553 in
545 1509 708 1554 insidiis
729 1525 830 1553 cum
853 1509 1061 1555 divitibus
1075 1515 1107 1554 2.
1133 1530 1152 1552 >›
1175 1511 1344 1565 Quibus
1363 1511 1426 1556 di·

28 1578 212 1634 vitibus,
239 1580 320 1623 nisi
341 1580 401 1624 eis
422 1596 531 1640 quos
554 1581 684 1641 hujus
707 1581 854 1625 saeculi
876 1582 1132 1625 muneribus
1150 1581 1425 1627 cumulabit?

28 1652 86 1693 Et
109 1649 208 1693 ideo
241 1650 287 1694 in
313 1651 478 1695 insidiis
512 1667 613 1695 cum
644 1651 710 1695 his
737 1652 886 1696 sedere
920 1652 1064 1696 dictus
1095 1662 1181 1708 est,
1213 1653 1424 1714 quoniam

28 1719 180 1764 falsam
202 1720 453 1766 felicitatem
471 1722 664 1782 ipsorum
684 1722 736 1767 ad
761 1723 1039 1783 decipiendos
1061 1725 1259 1769 homines
1281 1734 1425 1768 osten-

19 1790 150 1835 tabit.
178 1792 263 1844 Qui
277 1807 409 1852 prava
421 1793 647 1837 voluntate
667 1793 775 1838 dum
793 1794 888 1838 talis
910 1809 999 1838 esse
1021 1796 1221 1854 cupiunt,
1247 1805 1289 1839 et
1307 1796 1422 1840 bona

27 1870 188 1906 aeterna
216 1852 315 1908 non·
328 1874 559 1924 quaerunt,
589 1866 636 1909 in
665 1864 841 1926 laqueos
863 1867 954 1926 ejus
977 1866 1187 1911 incident.
1223 1886 1244 1910 «
1271 1870 1322 1911 In
1344 1883 1421 1911 oc-

30 1950 49 1973 »
86 1932 212 1977 cultis
231 1943 282 1978 ut
303 1934 535 1980 interficiat
549 1936 871 1981 innocentem3.
892 1939 943 1981 In
959 1937 1139 1982 occultis
1157 1956 1177 1980 n
1204 1947 1313 1998 puto
1331 1937 1421 1982 dic-

26 2020 122 2049 sum
145 2020 233 2049 esse
248 2041 259 2060 ‚
291 2005 369 2050 ubi
389 2023 479 2051 non
501 2007 628 2052 facile
661 2008 922 2066 intelligitur
958 2009 1066 2070 quid
1094 2010 1390 2070 appetendum
1405 2046 1417 2066 ‚

26 2076 188 2138 quidve
207 2076 469 2137 fugiendum
486 2079 554 2123 sit.
582 2082 868 2125 Innocentem
892 2089 1036 2125 autem
1068 2082 1333 2139 interficere,
1354 2092 1418 2128 est

25 2162 78 2192 ex
99 2147 334 2193 innocente
354 2148 497 2194 facere
514 2160 762 2195 nocentem.

82 2221 267 2264 XXVII.
300 2239 320 2263 «
344 2221 470 2265 Oculi
492 2223 582 2283 ejus
603 2222 649 2266 in
666 2238 904 2284 pauperem
927 2224 1204 2284 respiciunt⁴.
1226 2243 1245 2266 »
1272 2228 1420 2272 Justos

24 2290 140 2334 enim
167 2292 351 2336 maxime
384 2302 689 2352 persecuturus
712 2304 800 2351 est,
838 2295 893 2340 de
924 2297 1085 2357 quibus
1113 2296 1281 2342 dictum
1312 2308 1378 2343 est
1403 2317 1412 2344 :

28 2379 49 2404 «
83 2362 204 2405 Beati
220 2378 432 2422 pauperes
447 2365 600 2424 spiritu
616 2402 627 2421 7
650 2368 752 2428 quia
774 2368 966 2427 ipsorum
989 2377 1053 2412 est
1069 2383 1251 2427 regnum
1274 2369 1414 2415 coelo-

26 2450 47 2473 »
83 2436 222 2477 rum5.
256 2434 492 2479 Insidiatur
517 2437 561 2482 in
585 2438 758 2484 occulto
776 2475 786 2494 ⁷
809 2438 930 2483 velut
955 2439 1024 2484 leo
1048 2441 1093 2484 in
1115 2440 1248 2485 cubili
1269 2457 1363 2486 suo.
1390 2461 1410 2484 »

24 2505 213 2547 Leonem
230 2503 276 2547 in
298 2504 434 2548 cubili
452 2505 558 2551 dicit
574 2523 674 2551 eum
690 2544 700 2564 ‚
730 2508 776 2552 in
795 2525 883 2569 quo
906 2519 950 2554 et
967 2510 1030 2554 vis
1048 2519 1090 2554 et
1112 2510 1239 2555 dolus
1256 2527 1413 2572 opera-

72 2594 78 2609 ¹
102 2588 237 2629 Psal.1x‚
259 2600 290 2632 7.
307 2607 348 2612 -—-
365 2597 378 2612 ²
396 2591 475 2623 Ibid.
497 2591 529 2622 8.
551 2610 592 2615 —
613 2591 719 2624 ³11›i‹l.
744 2611 785 2616 —
802 2592 911 2625 41bid.
932 2606 963 2635 9.
983 2612 1021 2618 -
1038 2593 1052 2617 5
1073 2596 1185 2628 Matth.
1205 2607 1236 2637 v,
1255 2597 1284 2628 3.
