1833 3284
238 299 240 301 ‚
281 257 293 266 ⁸
354 258 595 287 ENARRATlo
630 263 642 286 l
677 262 719 287 IN
755 260 956 287 PSALMUM
990 262 1094 286 XXX·
1336 248 1417 286 387

37 339 178 368 amas:
199 323 275 368 sed
292 339 347 367 ne
365 323 571 368 dissoluta
600 324 829 368 securitate
847 323 1133 381 negligentius
1150 332 1301 382 agant,
1322 311 1422 367 abs-¹

36 393 188 439 condis
202 394 257 437 ab
270 394 328 438 eis
343 393 620 437 dulcedinem
640 393 796 438 amoris
811 393 888 446 tui,
905 393 1064 452 quibus
1078 394 1185 438 utile
1198 403 1259 438 est
1273 394 1422 437 timere

36 472 81 508 te
97 499 107 518 ,
132 483 152 505 «
175 463 398 508 Perfecisti
415 464 690 523 sperantibus
712 464 757 507 in
776 472 832 507 te.
851 481 870 503 »
898 463 1118 508 Perfecisti
1142 474 1287 508 autem
1309 465 1423 508 hane

37 533 315 579 dulcedinem
336 534 608 594 sperantibus
622 534 667 578 in
687 544 743 578 te.
758 536 855 579 Non
873 533 989 577 enim
1001 533 1216 578 subtrahis
1231 535 1289 578 eis
1303 534 1426 594 quod

36 619 177 665 usque
207 604 253 648 in
278 605 411 648 finem
433 613 757 664 perseveranter
785 613 1028 664 expectant.
1059 623 1078 646 «
1117 607 1167 648 In
1188 613 1426 663 conspectu

40 693 62 717 »
82 675 272 720 filiorum
291 675 536 720 hominum.
553 678 682 721 »Non
701 675 815 719 enim
833 674 939 719 latet
954 674 1064 719 filios
1079 675 1325 730 hominum,
1336 675 1428 735 jam

39 761 129 790 non
151 744 392 790 secundum
418 746 580 800 Adam,
606 745 680 789 sed
703 745 943 790 secundum
967 744 1129 789 Filium
1151 746 1339 790 hominis
1360 745 1428 790 vi-

39 825 204 871 ventes,
234 835 254 859 «
273 815 525 861 Abscondes
548 831 619 860 eos
640 816 685 859 in
707 814 964 860 abscondito
980 814 1128 859 vultus
1145 816 1231 872 tui,
1252 835 1272 857 »
1297 831 1429 876 quam

40 886 187 932 sedem
202 896 456 947 perpetuam
470 902 610 931 serves
631 887 676 930 in
698 886 953 931 abscondito
968 887 1132 931 notitiae
1149 896 1236 931 tuae
1250 903 1429 947 speran-

41 958 158 1002 tibus
179 958 225 1001 in
248 967 304 1002 te.
329 976 350 999 «
369 960 406 1002 A
425 957 760 1001 conturbatione
780 957 1024 1002 hominum.
1047 976 1067 998 »
1091 959 1148 1001 Ut
1159 959 1250 1018 jam
1266 957 1433 1002 nullam

41 1029 278 1073 humanam
300 1028 681 1073 conturbationem
702 1028 939 1088 patiantur.

100 1101 220 1143 XXI.
248 1102 449 1157 Proteges
470 1114 542 1143 eos
560 1099 605 1142 in
622 1097 909 1142 tabernaculo
926 1108 1019 1150 tuo,
1045 1114 1068 1142 a
1086 1098 1432 1143 contradictione

46 1188 67 1211 »
92 1168 338 1229 linguarum
355 1172 382 1213 ¹.
399 1188 418 1210 »
442 1168 524 1214 Sed
548 1169 617 1213 hic
632 1169 804 1212 interim
826 1169 933 1212 dum
951 1168 1009 1212 eis
1027 1168 1250 1213 maledicae
1272 1168 1434 1228 linguae

45 1240 303 1299 obstrepunt
325 1238 518 1283 dicentes
537 1258 546 1284 2
572 1239 678 1291 Quis
700 1239 783 1283 hoc
797 1239 936 1294 novit,
961 1248 1036 1282 aut
1058 1239 1154 1299 quis
1169 1238 1271 1283 inde
1286 1241 1435 1284 venit?

44 1321 244 1372 proteges
267 1327 339 1356 eos
360 1311 406 1354 in
428 1310 706 1355 tabernaculo
730 1310 831 1354 fidei
853 1316 1193 1365 earuntrerum,
1221 1326 1328 1371 quas
1351 1315 1443 1356 Do--

45 1382 190 1427 minus
206 1398 285 1442 pro
309 1381 434 1427 nobis
456 1379 754 1441 temporaliter
771 1381 896 1439 gessit
917 1389 960 1424 et
982 1380 1175 1439 pertulit.

124 1455 271 1497 XXII.
314 1472 334 1494 «
358 1451 619 1496 Benedictus
656 1452 864 1495 Dominus
891 1487 901 1505 ‚
947 1451 1154 1511 quoniam
1192 1452 1438 1498 mirificavit

51 1542 72 1565 »
97 1522 436 1568 misericordiam
453 1537 575 1566 suam
597 1522 642 1565 in
659 1522 831 1566 civitate
852 1522 1231 1567 circumstantiae2.
1253 1542 1272 1565 »
1299 1526 1440 1568 Bene-

3 1596 11 1600 ‘
50 1594 191 1639 dictus
213 1593 422 1638 Dominus
439 1628 450 1647 ,
485 1592 691 1653 quoniam
714 1601 811 1651 post
832 1592 1180 1637 emendationem
1208 1594 1441 1639 acerrima-

51 1672 150 1710 rum
171 1664 521 1725 persecutionum
540 1698 550 1718 ,
586 1662 787 1707 omnibus
806 1662 1050 1706 mirabilem
1075 1661 1177 1707 fecit
1193 1664 1438 1709 misericor—

52 1734 170 1780 diam
193 1751 314 1792 suam
347 1749 425 1794 per
460 1733 614 1778 orbem
650 1741 863 1776 terrarum
880 1768 890 1788 ,
926 1733 972 1776 in
1003 1733 1189 1777 circuitu
1226 1735 1442 1781 societatis

32 1844 33 1847 ,
51 1807 271 1851 humanae.

112 1879 282 1922 XXIII.
310 1878 444 1934 «Ego
469 1874 559 1919 dixi
579 1874 625 1918 in
658 1875 789 1918 extasi
817 1889 927 1918 mea.
957 1892 976 1914 »
1002 1873 1126 1919 Unde
1157 1874 1229 1919 ille
1254 1877 1444 1937 populus

55 1948 214 1993 iterum
229 1946 413 2007 loquens
429 1982 440 2001 ,
467 1946 546 1989 ait:
561 1947 656 2003 Ego
679 1944 766 1988 dixi
789 1944 835 1987 in
855 1960 1013 2004 pavore
1031 1960 1152 2000 meo,
1178 1962 1278 1990 cum
1298 1948 1443 1993 horri-

57 2018 200 2064 biliter
217 2027 365 2078 gentes
385 2017 432 2060 in
447 2032 517 2060 me
539 2015 753 2060 saevirent.
781 2034 800 2056 «
821 2016 1040 2076 Projectus
1054 2032 1149 2060 sum
1167 2033 1191 2060 a
1208 2017 1319 2062 facie
1342 2035 1448 2064 ocu-

61 2109 82 2132 »
106 2090 250 2135 lorum
272 2099 464 2133 tuorum.
493 2106 512 2129 »
549 2090 648 2132 Non
671 2079 786 2130 eniin
810 2086 844 2130 si
877 2103 946 2130 me
978 2088 1234 2147 respiceres,
1264 2091 1356 2150 pati
1376 2106 1447 2135 me

58 2161 138 2206 ista
150 2161 324 2205 sineres.
335 2158 466 2203 «Ideo
484 2156 709 2213 exaudisti,
726 2157 924 2212 Domine,
939 2173 1090 2202 vocem
1104 2160 1306 2205 orationis
1319 2176 1444 2217 meae,

64 2250 84 2273 »
105 2246 207 2276 cum
228 2230 461 2275 clamarem
480 2227 536 2273 ad
558 2229 645 2272 te3.
670 2246 691 2269 »
719 2228 823 2272 Ideo
846 2227 1027 2272 modum
1049 2244 1216 2288 ponens
1239 2229 1448 2275 emenda-

62 2303 195 2357 tioni,
224 2311 268 2346 et
295 2299 525 2346 ostendens
555 2315 625 2343 me
646 2299 863 2359 pertinere
886 2298 941 2343 ad
970 2315 1119 2345 curam
1147 2310 1266 2346 tuam
1284 2337 1294 2355 ‚
1318 2319 1450 2347 exau-

63 2372 178 2429 disti,
201 2373 403 2428 Domine,
426 2386 580 2416 vocem
602 2370 807 2415 orationis
828 2386 937 2415 meae
951 2406 962 2428 ,
983 2387 1085 2416 cum
1112 2387 1207 2418 eam
1229 2388 1281 2417 ex
1304 2374 1448 2418 tribu-

65 2442 228 2489 latione
248 2443 376 2488 nimis
396 2443 684 2487 intenderem.

124 2516 318 2564 xxm«
332 2512 506 2574 Diligite
521 2512 758 2558 Dominum
771 2527 921 2558 omnes
937 2513 1074 2559 sancti
1091 2515 1227 2575 ejus.»
1243 2517 1453 2562 Hortatur

118 2609 126 2625 ¹
148 2602 229 2634 Psal.
248 2612 325 2642 xxx,
343 2610 396 2634 21.
419 2618 459 2623 —-
480 2607 493 2623 ²
513 2600 594 2632 Ibid.
611 2608 664 2632 22.
690 2617 731 2623 —
749 2598 762 2623 3
787 2601 868 2633 Ibid.
888 2601 942 2633 23.

1229 2658 1294 2698 25.
