1833 3284
366 217 451 255 376
782 231 814 256 s.
852 229 1080 256 AUGUSTIM
1115 229 1295 256 Emscom

370 313 389 337 »
426 294 556 353 cipiet
599 314 606 338 :
639 295 670 337 si
700 295 823 354 eujus
847 310 956 354 opus
983 294 1154 349 arserit,
1189 294 1400 338 damnum
1426 293 1641 353 patietur3
1673 294 1763 353 ipse

370 385 388 407 η
426 375 572 410 autem
603 365 746 410 salvus
776 367 884 421 erit,
911 366 969 411 sie
988 376 1134 411 tamen
1156 367 1279 426 quasi
1301 381 1379 425 per
1401 366 1546 424 ignem
1562 367 1604 410 ¹?
1629 383 1649 406 »
1678 365 1763 410 Sed

367 435 488 481 aliud
510 446 574 481 est
591 437 691 496 igne
707 453 797 481 non
817 436 940 493 laedi,
959 436 1079 482 aliud
1098 437 1334 497 perignem
1353 435 1523 481 salvari.
1542 438 1599 481 Et
1620 435 1763 480 unde?

366 511 550 568 Propter
586 507 942 552 fundamentum.
977 511 1075 553 Non
1098 507 1272 552 recedat
1293 522 1397 566 ergo
1427 505 1482 550 de
1503 505 1634 551 eorde
1655 506 1762 550 fun-

367 579 638 623 damentum.
662 578 760 624 Noli
784 594 914 639 super
938 577 1107 622 foenum
1123 594 1283 639 ponere
1299 576 1654 632 fundamentum,
1679 578 1764 622 hoc

364 660 454 706 est,
483 650 572 695 noli
596 660 862 710 anteponere
883 651 1057 695 foenum
1081 650 1396 705 fundamento,
1421 659 1472 694 ut
1496 648 1668 693 foenum
1690 649 1765 693 ha-

366 722 469 767 beat
489 723 680 782 primum
697 723 842 768 locum
865 723 910 767 in
926 724 1058 768 eorde
1081 732 1180 777 tuo,
1201 732 1244 767 et
1266 720 1509 767 seeundum
1532 721 1729 766 Christus
1751 740 1760 766 :

365 794 442 838 sed
476 794 510 838 si
536 795 628 854 jam
666 810 756 838 non
783 803 927 854 potest
956 793 1037 838 nisi
1059 809 1149 838 esse
1176 794 1236 837 ibi
1259 793 1455 847 foenum,
1479 791 1550 837 vel
1573 793 1764 853 primum

366 864 515 909 locum
538 865 598 909 ibi
621 865 782 910 habeat
803 865 1002 910 Christus
1017 901 1028 921 ,
1056 874 1099 909 et
1116 863 1287 909 foenum
1310 862 1570 909 seeundum.

424 939 481 981 X.
518 939 634 996 Ergo
672 935 1011 982 fundamentum
1042 946 1106 981 est
1135 937 1348 982 Christus.
1384 935 1617 990 Quomodo
1651 934 1760 990 dixi,

366 1007 617 1052 dedicatum
632 1018 695 1052 est
718 1018 850 1068 eaput
868 1018 1083 1062 nostrum,
1106 1008 1244 1068 ipsum
1265 1016 1398 1067 caput
1419 1015 1483 1051 est
1499 1005 1765 1051 fundamen-

366 1087 478 1122 tum.
503 1078 588 1124 Sed
608 1077 947 1124 fundamentum
971 1079 1175 1125 deorsum
1190 1078 1299 1123 solet
1321 1094 1410 1123 esse
1426 1114 1437 1134 ,
1462 1087 1595 1138 eaput
1617 1086 1765 1121 autem

365 1166 554 1195 sursum.
582 1149 804 1210 Intelligat
835 1152 1045 1196 Sanctitas
1074 1155 1226 1196 Vestra
1248 1149 1357 1212 quid
1379 1149 1543 1205 dicam,
1574 1148 1765 1194 fortassis

365 1221 592 1281 explicabo
615 1222 659 1265 in
678 1222 855 1266 nomine
877 1222 1052 1268 Christi.
1081 1221 1280 1267 Pondera
1305 1221 1476 1280 gemina
1498 1229 1614 1264 sunt.
1646 1223 1765 1264 Pon-

364 1291 446 1336 dus
469 1292 585 1336 enim
600 1301 663 1337 est
680 1293 867 1352 impetus
885 1292 1065 1354 quidam
1088 1295 1299 1354 cujusque
1315 1292 1374 1336 rei
1390 1327 1401 1346 ,
1424 1291 1546 1336 velut
1568 1291 1765 1336 conantis

366 1363 423 1408 ad
450 1364 597 1408 locum
632 1380 759 1408 suum
799 1384 807 1409 :
840 1366 923 1410 hoe
946 1374 1010 1409 est
1031 1364 1220 1424 pondus.
1253 1368 1284 1408 F
1291 1380 1357 1408 ers
1380 1362 1572 1423 lapidem
1603 1378 1762 1419 manu,

365 1435 525 1494 pateris
548 1434 745 1494 pondus,
770 1436 930 1495 premit
960 1451 1139 1480 manum
1163 1444 1284 1479 tuam
1302 1471 1313 1490 ,
1336 1436 1438 1495 quia
1461 1434 1607 1479 locum
1637 1449 1766 1478 suum

365 1506 538 1565 quaerit.
565 1508 621 1549 Et
639 1506 701 1550 vis
720 1506 865 1550 videre
887 1506 997 1567 quid
1010 1508 1203 1567 quaerat?
1227 1505 1445 1551 Subtrahe
1467 1520 1647 1549 manum
1660 1540 1671 1560 ,
1691 1520 1767 1549 ve-

366 1577 432 1620 nit
455 1576 511 1621 ad
534 1586 693 1620 terram
708 1613 718 1633 ,
752 1577 937 1637 quiescit
960 1578 1005 1621 in
1028 1587 1139 1622 terra
1166 1597 1174 1622 ;
1200 1576 1398 1637 pervenit
1420 1592 1509 1636 quo
1533 1575 1762 1625 tendebat,

365 1648 533 1692 invenit
562 1647 710 1692 locum
732 1664 875 1692 suum.
898 1648 1076 1693 Pondus
1100 1665 1202 1708 ergo
1224 1647 1334 1692 illud
1356 1657 1501 1692 motus
1530 1656 1622 1691 erat
1643 1648 1766 1708 quasi

368 1727 635 1778 spontaneus
653 1754 663 1774 ,
697 1720 789 1763 sine
822 1719 989 1775 anima,
1014 1720 1106 1763 sine
1133 1735 1276 1763 sensu.
1307 1722 1418 1764 Sunt
1441 1719 1523 1771 alia
1545 1734 1648 1778 quae
1670 1734 1766 1762 sur-

366 1805 463 1834 sum
485 1804 633 1833 versus
657 1798 814 1849 petunt
828 1789 991 1834 locum.
1012 1792 1212 1850 Namque
1235 1790 1267 1834 si
1289 1805 1447 1850 aquam
1470 1789 1615 1833 mittas
1637 1804 1767 1848 super

368 1861 541 1917 oleum,
578 1861 773 1921 pondere
805 1877 882 1906 suo
916 1862 960 1905 in
991 1862 1077 1906 ima
1108 1862 1263 1906 tendit.
1294 1864 1461 1906 Locum
1497 1861 1615 1905 enim
1636 1876 1766 1905 suum

369 1932 554 1992 quaerit,
585 1931 774 1977 ordinari
806 1933 965 1993 quaerit
990 1953 998 1978 :
1033 1933 1136 1993 quia
1159 1941 1317 1993 praeter
1338 1931 1537 1977 ordinem
1561 1941 1624 1976 est
1652 1947 1765 1992 aqua

367 2020 497 2064 super
515 2004 676 2049 oleum.
696 2008 845 2049 Donec
863 2021 965 2064 ergo
978 2008 1124 2050 veniat
1142 2004 1198 2050 ad
1215 2004 1413 2050 ordinem
1435 2020 1581 2060 suum,
1593 2005 1766 2065 inquie-

366 2085 436 2119 tus
462 2085 605 2120 motus
623 2085 707 2131 est,
735 2075 875 2121 donee
900 2086 1045 2121 teneat
1064 2076 1211 2121 locum
1235 2092 1379 2121 suum.
1406 2078 1568 2121 Contra
1586 2111 1597 2131 ,
1618 2075 1765 2121 oleum

364 2146 503 2191 funde
527 2147 609 2191 sub
632 2163 741 2208 aqua
757 2183 767 2203 ,
793 2147 915 2192 verbi
937 2148 1095 2206 gratia,
1121 2147 1498 2209 quemadmodum
1530 2148 1563 2191 si
1585 2163 1658 2191 vas
1681 2146 1764 2192 olei

365 2217 493 2264 eadat
516 2219 562 2261 in
583 2234 740 2279 aquam
759 2254 769 2273 ,
791 2219 836 2262 in
864 2219 1093 2276 abyssum,
1120 2219 1166 2262 in
1183 2235 1323 2275 mare,
1350 2228 1394 2263 et
1410 2217 1653 2278 frangatur,
1676 2233 1765 2262 non

363 2304 407 2333 se
447 2290 611 2349 patitur
648 2288 796 2334 oleum
824 2290 987 2334 subter.
1033 2289 1267 2343 Quomodo
1301 2306 1414 2351 aqua
1455 2304 1585 2349 super
1617 2288 1764 2333 oleum

363 2361 487 2404 missa
500 2397 509 2415 ,
528 2360 722 2420 pondere
737 2360 791 2404 ad
805 2361 889 2405 ima
904 2359 1051 2405 locum
1064 2376 1192 2405 suum
1214 2361 1372 2422 quaerit
1389 2380 1398 2406 ;
1416 2361 1476 2405 sie
1493 2359 1640 2405 oleum
1659 2360 1764 2403 sub-

364 2440 428 2475 ter
450 2448 610 2492 aquam
627 2430 792 2487 fusum,
811 2431 1005 2492 pondere
1017 2431 1072 2476 ad
1085 2448 1254 2476 summa
1270 2431 1417 2477 locum
1433 2447 1561 2476 suum
1584 2430 1758 2491 quaerit.

361 2502 402 2547 Si
418 2503 589 2560 ergoita
605 2512 683 2557 est,
700 2501 873 2558 fratres,
899 2519 988 2563 quo
1002 2504 1142 2548 tendit
1164 2503 1273 2562 ignis
1292 2512 1336 2548 et
1357 2504 1496 2562 aqua?
1522 2502 1640 2561 Ignis
1662 2517 1760 2546 sur-

411 2597 416 2611 ¹
443 2591 514 2619 Cor,
538 2601 584 2630 in,
609 2587 660 2630 ιῆ,
688 2590 737 2619 ι’».
