1833 3284
223 257 464 286 munninio
498 259 528 283 11
563 259 606 284 uv
639 259 840 286 PsALMmi
874 261 963 285 xxx
981 277 991 295 ,
1026 258 1150 284 sen-u.
1187 261 1217 284 1.
1329 247 1411 286 403

29 324 90 368 sic
110 322 189 367 tibi
210 321 410 382 displicet
424 337 526 366 cum
542 320 732 382 disputo,
762 322 983 384 quomodo
1001 321 1199 382 displicet
1214 322 1294 367 tibi
1311 339 1414 367 cum

28 393 220 452 cogitas?
241 396 300 438 Et
319 401 466 437 tamen
491 392 681 438 tacturus
699 409 742 438 es
763 394 862 438 hoc.
890 393 1017 438 Unde
1038 394 1198 453 raperis
1215 396 1233 437 P
1253 394 1350 454 quis
1372 401 1414 438 te

30 465 252 524 captivum
275 464 437 508 trahit?
458 466 527 507 An
565 463 638 508 illa
667 463 735 508 lex
757 464 802 508 in
832 463 1037 508 membris
1065 465 1150 508 tuis
1169 479 1415 524 repugnans

30 533 116 593 legi
141 535 313 579 mentis'
331 535 449 579 tuae?
477 533 627 579 Clama
649 550 752 594 ergo
776 554 785 579 ε
817 554 836 577 α
863 533 1020 579 Infelix
1040 550 1120 594 ego
1141 535 1296 590 homo,
1320 537 1418 596 quis

32 623 57 648 z»
91 620 161 649 me
185 605 392 650 liberabit
420 604 476 650 de
504 621 686 666 corpore
708 606 857 651 mortis
883 606 1045 667 hujus?
1068 607 1213 650 Gratia
1242 607 1320 650 Dei
1340 623 1418 667 per

34 694 57 719 n
90 679 239 721 Jesum
256 676 478 722 Christum
501 676 735 721 Dominum
757 686 956 721 nostrum
970 679 984 703 1
1006 697 1014 721 2
1033 696 1054 719 »
1081 686 1124 721 et
1145 676 1352 737 impletur
1373 678 1420 722 in

32 756 77 792 te
97 747 217 808 quod
233 747 368 792 modo
389 748 574 792 diximus
595 768 604 792 :
629 767 648 789 «
667 751 762 807 Ego
785 757 930 792 autem
952 748 998 791 in
1016 748 1202 793 Domino
1223 749 1389 808 speravi
1408 768 1417 794 :

39 837 57 860 »
92 816 297 862 exultabo
328 827 372 862 et
387 817 668 879 jucundabor
694 819 740 862 in
766 827 839 863 tua
862 818 1181 877 misericordi-213
1205 820 1307 880 quia
1330 830 1420 864 res—

36 905 59 930 »
91 888 244 948 pexisti
260 887 552 933 humilitatem
574 904 738 943 meam,
772 888 935 933 salvam
957 888 1094 933 fecisti
1110 888 1165 933 de
1187 891 1421 935 necessita-

36 977 59 1002 »
96 959 209 1004 tibus
243 948 432 1004 animam
464 975 620 1004 meam.
651 978 670 1001 »
706 960 830 1004 Unde
861 961 978 1004 enim
1010 960 1125 1005 facta
1146 971 1210 1006 est
1231 961 1346 1006 salva
1370 961 1424 1006 de

34 1031 364 1076 necessitatibus
386 1032 527 1076 anima
549 1041 624 1076 tua
640 1067 650 1087 ‚
675 1032 757 1076 nisi
781 1032 882 1093 quia
907 1042 1098 1092 respecta
1116 1042 1180 1078 est
1201 1033 1425 1078 humilitas

13 1104 146 1147 -tuai'
176 1103 266 1148 Nisi
293 1103 412 1163 prius
439 1103 752 1158 humiliareris,
779 1119 867 1148 non
893 1113 935 1148 te
957 1103 1203 1160 exaudiret,
1239 1105 1315 1166 qui
1339 1115 1379 1149 te
1402 1121 1426 1150 a

35 1173 361 1219 necessitatibus
377 1173 598 1217 liberaret.
623 1173 887 1218 Humiliatus
905 1184 968 1218 est
984 1175 1061 1235 (sui
1077 1175 1185 1219 dixit
1202 1195 1210 1220 :
1232 1195 1251 1217 «
1272 1175 1428 1220 Infelix

39 1263 61 1287 »
96 1261 175 1304 ego
198 1246 345 1299 homo,
365 1246 461 1305 quis
476 1260 545 1288 me
568 1245 773 1289 liberabit
789 1245 844 1289 de
861 1262 1041 1306 corpore
1059 1247 1208 1291 mortis
1232 1248 1388 1310 hujus?
1403 1267 1423 1290 υ

37 1319 135 1363 Non
163 1326 265 1361 sunt
294 1315 539 1372 humiliati,
578 1316 703 1370 «Qui
735 1317 983 1376 ignorantes
1018 1319 1094 1363 Dei
1122 1319 1360 1378 justitiam,
1387 1329 1443 1364 et

41 1405 62 1430 n
97 1403 219 1432 suam
239 1387 436 1433 volentes
458 1388 745 1444 constituere,
774 1389 955 1448 justitiae
982 1390 1060 1434 Dei
1082 1406 1173 1434 non
1200 1400 1302 1435 sunt
1323 1391 1430 1435 sub-

42 1477 64 1501 »
91 1459 196 1520 jecti
210 1462 244 1503 ².
271 1477 292 1500 ))

98 1533 217 1575 XIV.
248 1550 268 1573 «
288 1533 376 1576 Nec
407 1529 656 1575 conclusisti
688 1546 759 1575 me
791 1531 836 1575 in
868 1525 1021 1576 manus
1050 1532 1256 1578 inimici³.
1286 1552 1306 1575 »
1333 1537 1432 1580 Non

40 1601 171 1647 vicini
193 1602 283 1657 tui,
308 1617 398 1646 non
417 1601 766 1661 compossessoris
789 1602 877 1657 tui,
906 1618 996 1646 non
1014 1604 1104 1664 ejus
1125 1620 1225 1648 cum
1243 1622 1332 1666 quo
1353 1606 1432 1650 mi-

39 1673 173 1718 litasti
190 1682 234 1717 et
251 1688 351 1717 eum
373 1671 520 1716 laesisti
539 1708 550 1727 ,
577 1681 653 1717 aut
674 1672 787 1716 forte
810 1673 855 1716 in
877 1682 951 1718 tua
974 1673 1147 1718 civitate
1170 1675 1373 1737 injuriam
1391 1678 1429 1722 ei

8 1749 12 1752 ”
42 1744 182 1790 fecisti
212 1764 221 1789 :
246 1744 316 1789 isti
338 1744 453 1788 enim
476 1743 581 1788 tales
615 1753 716 1787 sunt
749 1760 827 1804 pro
856 1745 1017 1805 quibus
1053 1762 1174 1790 orare
1202 1746 1428 1793 debemus.

36 1817 190 1863 Alium
223 1817 437 1861 habemus
465 1815 713 1871 inimicum,
754 1815 977 1860 diabolum
995 1853 1009 1872 ‚
1047 1829 1291 1878 serpentem
1319 1822 1434 1866 anti-

43 1903 197 1950 quum.
223 1889 385 1932 Omnes
402 1886 656 1941 morientes,
681 1886 850 1950 sibene
867 1888 1120 1943 moriamur,
1147 1891 1201 1932 ab
1225 1892 1316 1951 ejus
1339 1908 1434 1937 ma-

0 1973 2 1978 ’
45 1961 174 2005 nibus
194 1959 444 2003 liberamur.
465 1955 740 2018 Quicumque
759 1958 873 2002 enim
892 1958 1004 2002 male
1021 1961 1269 2005 moriuntur
1289 1963 1334 2006 in
1349 1964 1435 2008 suis

44 2031 346 2093 iniquitatibus
359 2066 369 2086 ‚
394 2031 438 2074 in
457 2031 552 2093 'ejus
571 2044 726 2073 manus
749 2028 1090 2086 concluduntur,
1110 2040 1157 2075 ut
1177 2048 1280 2076 cum
1297 2033 1372 2079 illo
1389 2035 1436 2079 in

0 2098 4 2148 Ῐῐ
46 2096 134 2149 fine
155 2095 442 2164 damnentun
461 2101 634 2146 Liberat
667 2117 770 2161 ergo
803 2117 881 2145 nos
910 2101 1119 2150 Dominus
1143 2106 1258 2148 Deus
1291 2116 1437 2152 noster

47 2164 102 2219 de
122 2164 260 2220 manu
277 2173 438 2218 inimici
459 2173 594 2217 nostri
611 2192 619 2216 ;
639 2171 713 2216 ille
731 2172 845 2215 enim
865 2188 942 2216 nos
964 2188 1040 2232 per
1059 2173 1318 2233 cupiditates
1336 2193 1439 2222 nos-

47 2239 250 2290 trasvult
264 2259 433 2306 capere.
449 2242 721 2304 Cupiditates
744 2252 889 2286 autem
904 2252 1062 2287 nostrae
1084 2244 1262 2304 quando
1284 2246 1440 2292 validae

48 2314 152 2362 Sunt
167 2352 180 2372 ,
195 2310 254 2360 ἐἰ
275 2314 535 2377 quando-veis
557 2313 766 2359 servimus
783 2349 793 2369 ,
822 2313 1094 2359 necessitates
1116 2326 1342 2362 vocantur.
1364 2320 1440 2363 Li-

50 2387 231 2433 berante
275 2380 422 2432 autem
453 2390 545 2431 Deo
583 2386 769 2430 animam
803 2395 992 2430 nostram
1026 2385 1080 2430 de
1115 2379 1442 2447 necessitatibus

51 2458 207 2519 nostris
225 2493 236 2514 ,
260 2458 369 2519 quid
391 2457 471 2501 erit
488 2454 609 2518 quod
623 2456 677 2500 'in
699 2456 825 2502 nobis
848 2465 993 2500 teneat
1014 2455 1236 2515 inimicus,
1262 2469 1312 2504 ut
1333 2477 1442 2506 con-

52 2527 283 2587 cludamur
296 2526 344 2572 in
364 2542 518 2572 manus
539 2527 660 2587 ejus?

103 2620 112 2636 ¹
131 2615 222 2646 Rom.
238 2623 295 2653 vn,
309 2612 362 2644 23.
384 2628 426 2634 --
446 2610 574 2649 21d.x‚
599 2609 630 2641 3.
647 2627 688 2633 -
705 2607 718 2632 3
737 2610 816 2641 Psal.
838 2621 910 2650 xxx,
928 2620 961 2652 9.
